2045 3857
402 147 1539 219 ‚LIBERSEPTIMUQT
1704 153 1827 236 1'75

54 250 564 310 donibussacerdotes,
590 256 643 301 ὃς
676 251 924 299 monachos
956 249 1018 300 ob
1051 247 1249 295 luxuriae
1275 247 1480 310 sumptus
1502 249 1829 302 immoderatos

53 337 191 373 vexat
217 342 229 369 ;
261 318 342 381 qui
379 330 532 364 tamen
567 317 626 363 ad
650 318 843 364 nostram
866 327 1048 362 aetatem
1075 313 1233 359 collati
1254 311 1427 359 modici
1461 313 1607 361 videri
1635 318 1826 380 poss‘ent.

55 390 243 438 Frustus
261 395 435 435 autem,
459 381 538 445 qui
572 381 714 428 secuti
747 380 866 437 sunt,
890 381 1052 427 harum
1077 377 1378 424 donationum
1401 378 1537 449 quale
1558 379 1695 428 fuerit
1716 399 1827 431 con-

57 454 205 503 filium
223 447 476 494 ostendunt.
548 447 673 494 Nam
710 459 760 492 ut
780 444 830 491 in
852 443 1120 507 corporibus
1143 443 1297 506 sagina
1319 441 1522 514 distenti}
1547 443 1647 490 usus
1677 447 1827 494 omni-

56 506 134 566 fim
172 511 482 560 membrorum
520 511 677 573 perit:
714 511 779 558 ita
813 509 1106 572 ingeniorum
1141 505 1336 570 igniculi
1365 507 1545 578 luxuria
1567 511 1757 571 oppressi
1778 513 1829 561 in

59 575 278 627 coenobiis
300 593 356 622 ex
373 592 431 623 eo
451 575 757 639 elanguerunt
778 593 789 621 ;
824 575 1057 619 literarum
1079 571 1223 618 studia
1245 570 1344 617 sunt
1366 573 1582 626 extincta,
1606 572 1749 635 pietas
1779 576 1829 623 in

57 639 415 704 superstitionem
437 638 732 702 degeneravit
756 658 768 686 ;
803 643 843 684 &
866 637 992 684 velut
1012 637 1060 683 in
1093 652 1203 700 agro
1234 635 1411 682 inculto
1439 635 1656 684 Vitiorssm
1678 639 1828 686 omni·

34 722 132 768 ¹um
157 703 326 752 semina
353 704 740 767 suppullularunt.

92 770 291 817 XXIX.
324 769 486 816 Unum
510 779 607 815 toto
629 767 761 832 regni
797 780 1005 829 tempore
1028 764 1213 813 civilem
1236 766 1487 812 tumultum
1517 765 1665 814 verius
1689 785 1828 832 quam

31 834 226 882 'bellum
248 833 379 880 senfit
402 851 412 879 :
438 832 509 879 sed
534 832 573 879 is
592 833 737 887 brevi,
752 834 903 879 AEnea
919 831 1144 878 Moraviae
1160 830 1346 877 Comite
1368 845 1474 876 eum
1497 830 1679 879 suorum
1698 851 1829 900 mag-

47 915 110 945 na
130 896 579 951 multitudinecaeso,
611 897 898 960 conquievit.
951 895 1288 942 Milcolumbus
1313 895 1591 943 Macbethus
1614 912 1720 945 cum
1744 916 1827 948 no-

48 979 155 1011 v-am
191 962 460 1010 seditionem
498 960 746 1009 accendere
782 974 993 1015 tentaret,
1017 960 1066 1006 in
1088 975 1238 1006 arcem
1262 960 1489 1023 Rosburgi
1509 962 1829 1011 custodiendus

49 1028 198 1075 datur.
271 1026 460 1074 Caeteris
495 1026 628 1073 rebus
660 1043 716 1073 ex.
738 1025 958 1073 sententia
979 1025 1339 1079 succedentibuS,
1364 1025 1538 1086 duplex
1571 1026 1832 1090 supervenit

49 1091 270 1145 molestia,
295 1104 374 1138 aut
394 1090 543 1137 verius
578 1091 826 1138 calamitas.
895 1091 1056 1137 Altera
1076 1106 1133 1136 ex
1164 1090 1334 1143 uxoris,
1359 1091 1500 1136 altera
1521 1107 1577 1137 ex
1600 1092 1684 1140 filii
1706 1109 1829 1141 mor-

50 1167 96 1204 te
117 1156 376 1202 immatura.
445 1155 607 1202 Uxore
641 1157 829 1218 quidem
853 1155 1050 1202 Matilde
1079 1154 1257 1199 summo
1278 1170 1463 1216 genere,
1489 1154 1666 1213 forma,
1689 1159 1830 1206 mori-

54 1220 140 1268 bus
163 1220 365 1274 orbatus,
389 1236 527 1282 quam
555 1227 595 1266 Sc
615 1220 764 1266 vivam
789 1220 924 1265 unice
957 1218 1143 1272 amavit,
1167 1224 1206 1264 δε
1229 1216 1277 1264 in
1301 1218 1444 1265 aetatis
1468 1220 1579 1266 flore
1600 1236 1829 1272 mortuam

47 1275 116 1333 ita
135 1283 420 1338 desideravit,
444 1296 495 1330 ut
519 1286 588 1345 (1)
615 1286 717 1347 plus
741 1283 909 1347 viginti
931 1283 1060 1330 annis
1084 1299 1175 1329 non
1198 1283 1336 1328 modo
1358 1284 1546 1338 coelebs,
1571 1285 1644 1332 sed
1666 1304 1828 1351 expers

50 1350 196 1397 etiam
216 1349 394 1396 veneris
417 1349 701 1411 superfuerit,
721 1364 957 1410 nunquam
978 1360 1132 1395 tamen
1149 1346 1216 1393 vis
1239 1347 1409 1394 doloris
1432 1348 1472 1394 ei
1491 1352 1560 1410 (2)
1579 1350 1719 1400 fuerit
1738 1353 1827 1401 im..

50 1414 339 1478 pedimentO,
362 1430 455 1476 quo
475 1413 625 1460 minus
650 1420 688 1460 &
713 1430 842 1476 pace,
872 1418 913 1460 &
941 1413 1065 1468 bello
1096 1411 1297 1476 publicis
1322 1412 1589 1462 muneribus
1614 1416 1829 1487 fungere‘..

54 1492 144 1525 tur.
213 1479 287 1525 De
310 1478 406 1524 filio
429 1477 505 1524 suo
528 1479 631 1524 loco
649 1479 873 1525 dicemuS.
1136 1496 1151 1500 ’-

118 1544 272 1589 ΧΧΧ.
305 1543 426 1589 Cum
450 1542 605 1589 David
627 1543 668 1589 se
691 1556 840 1592 totum
874 1541 1029 1589 studiis
1052 1540 1177 1604 pacis
1200 1541 1455 1598 dedidisset,
1493 1562 1562 1593 res
1584 1545 1642 1593 in'
1657 1549 1830 1613 Anglia

50 1607 244 1654 turbatae
267 1606 467 1654 invitum
501 1608 559 1654 ad
589 1608 764 1654 bellum
788 1620 1121 1671 pertraxerunt.
1189 1607 1386 1654 Henrici
1409 1609 1534 1656 enim
1563 1613 1708 1676 Angli
1732 1627 1830 1662 tota

51 1671 207 1718 sobole
229 1683 392 1734 praeter
413 1672 661 1719 Matildem
685 1673 824 1719 filiain
858 1673 906 1718 in
930 1672 1117 1734 trajeCiu
1141 1689 1167 1718 a
1193 1672 1362 1718 Gallis
1377 1673 1620 1730 submersa,
1647 1679 1830 1743 Anglus

50 1753 158 1783 eum
191 1736 338 1783 casum
369 1736 485 1784 adeo
519 1737 718 1801 graviter
740 1738 862 1791 tulit,
902 1750 951 1784 ut
984 1753 1220 1800 nunquam
1253 1736 1421 1785 deinde
1443 1739 1574 1787 risisse
1608 1743 1828 1794 tradatur.

51 1800 282 1857 Matildis,
309 1818 412 1866 quae
438 1800 530 1848 sola
567 1815 704 1850 tantae
725 1803 847 1849 cladi
878 1801 1092 1867 superstes
1124 1801 1287 1855 fuerat,
1312 1803 1521 1850 Henrico
1543 1821 1707 1868 quarto
1731 1810 1831 1856 Im-

50 1866 249 1927 peratori
277 1865 502 1930 nupserat.
569 1868 652 1922 Ea,
678 1867 842 1915 marito
865 1867 955 1914 fine
979 1865 1135 1914 liberis
1159 1878 1357 1920 mortuo,
1383 1869 1438 1914 ad
1464 1881 1639 1930 patrem
1659 1872 1707 1919 in
1728 1874 1828 1920 An-

49 1930 196 1993 gliam
218 1930 369 1978 rediit.
436 1932 574 1979 Hanc
595 1933 675 1979 ille
701 1935 929 1995 (metuens
951 1936 1002 1980 &c
1020 1930 1191 1986 viduae,
1208 1935 1257 1980 ὃς
1279 1931 1421 1988 orbae,
1448 1934 1478 1979 fi
1501 1935 1616 1997 quid
1635 1936 1720 1999 ipfi
1741 1938 1829 1986 hu'.

51 1994 250 2042 manitus
264 1995 512 2056 accidi-sset)
528 2009 577 2044 ut
597 1997 647 2045 in
663 2013 807 2060 regno
822 1996 1128 2050 confirmaret,
1146 1995 1435 2045 nobilitatem
1457 1998 1736 2050 sacramento
1754 2007 1825 2067 (3)

52 2058 101 2104 in
139 2060 278 2107 verba
311 2060 407 2120 ejus
445 2061 636 2125 adegit:
671 2062 782 2111 &in
817 2063 942 2125 spem
976 2073 1198 2124 nepotum
1234 2062 1462 2108 Galfredo
1496 2065 1828 2131 Plantageneto

52 2123 413 2186 Andegavorum
435 2126 611 2173 Comiti
642 2143 742 2173 eam
777 2126 1038 2174 collocavit.
1105 2127 1232 2190 Intra
1253 2125 1622 2190 quinquennium
1644 2132 1742 2194 post
1776 2131 1828 2183 id

52 2186 401 2235 matrimonium
441 2191 511 2252 (4)
553 2190 781 2238 Robertus
819 2191 932 2238 Dux
962 2189 1249 2246 Normaniae,
1275 2203 1412 2254 atque
1451 2193 1683 2242 Henricus
1724 2198 1828 2246 Rex

53 2251 334 2300 decesserunt
370 2271 382 2299 ε
435 2259 475 2302 &
510 2253 760 2303 Galfredus
784 2255 1062 2319 Andegavus
1085 2254 1216 2321 gravi
1250 2256 1415 2303 morbo
1436 2271 1673 2323 correptus
1707 2263 1828 2315 Ιεξὶο

41 2317 212 2375 pffixus
230 2317 426 2378 jacebat.
1572 2325 1574 2327 ’

117 2383 278 2429 XXXI
283 2417 294 2428 .
328 2383 583 2446 Stephanus
601 2384 773 2432 interea
788 2384 1014 2434 Bononiae
1034 2383 1277 2432 maritimae
1302 2387 1471 2435 Comes
1493 2405 1576 2452 per
1592 2391 1711 2439 hanc
1733 2392 1829 2442 Re-

45 2444 143 2509 ,giae
164 2447 308 2509 stirpis
330 2447 622 2497 solitudinem
658 2450 861 2498 animum
892 2448 1062 2511 adjecit
1083 2450 1141 2497 ad
1163 2466 1357 2514 regnum
1377 2454 1563 2517 Angliae
1597 2451 1827 2520 occupan-

53 2511 198 2557 dum:
231 2528 379 2575 neque
412 2529 508 2560 rem
543 2513 639 2561 fore
662 2514 896 2563 difficilem
917 2514 1225 2563 arbitrabatur
1250 2533 1264 2564 :
1294 2531 1397 2564 cum
1422 2518 1483 2564 ob
1505 2519 1702 2568 adversae
1725 2539 1828 2584 pax·-

54 2573 112 2622 tis
147 2574 475 2633 infirmitatem,
513 2591 613 2625 tum
646 2580 771 2642 quod
794 2596 820 2626 a
842 2579 994 2643 Regio
1015 2597 1184 2643 genere
1205 2596 1298 2627 non
1331 2583 1438 2628 effet
1461 2584 1652 2635 alienus.
1720 2587 1830 2639 Erat

53 2638 256 2688 enimex
288 2641 382 2689 filia
404 2642 631 2690 Gulielmi
668 2644 915 2699 Normani,
939 2661 1042 2707 quae
1069 2645 1246 2693 Comiti
1271 2646 1482 2693 Bloesenfi
1501 2650 1728 2713 nupserat,
1747 2668 1829 2716 ge-

54 2702 195 2750 nitus.
262 2707 316 2752 In
349 2707 644 2756 matrimonio
660 2723 819 2757 ,autem
840 2710 1038 2759 habebat
1068 2709 1314 2756 Matildem
1344 2711 1587 2774 superioris
1608 2715 1831 2764 Bononiae

57 2766 258 2816 Comitis
284 2769 441 2826 filiam,
467 2773 677 2820 Matildis
711 2788 864 2821 autem
895 2774 1208 2836 Imperatricis
1238 2775 1586 2826 con-sobrinam:
1621 2794 1674 2827 ac
1699 2782 1768 2847 (5)
1803 2797 1831 2829 e

56 2829 252 2881 Davidis
284 2835 426 2898 Regis
457 2838 699 2885 Scotorum
732 2838 881 2886 sorore
911 2838 1064 2885 Maria
1093 2852 1262 2886 natam.
1334 2841 1433 2887 Tot
1463 2841 1607 2906 igitur
1640 2845 1832 2909 propin-

57 2894 325 2958 quitatibus,
346 2905 386 2948 &
408 2900 608 2950 absentia
629 2903 822 2967 Regina:
846 2904 1126 2967 Anglorum,
1151 2910 1192 2950 Sc
1216 2905 1432 2952 Galfredi
1453 2907 1718 2959 valetudine
1738 2909 1832 2959 fre·

59 2970 132 3005 tus
153 2959 350 3011 facile-se
367 2965 819 3031 *Angliapotiturum
837 2967 1059 3031 sperabat.
1113 2969 1183 3016 Ut
1204 2982 1358 3016 autem
1380 2972 1437 3017 ad
1460 2987 1562 3019 eam
1585 2972 1707 3037 spem
1732 2974 1832 3029 adi-

57 3034 132 3070 tus
155 3023 336 3073 facilior.
351 3029 472 3086 esset,
496 3030 612 3078 nihil
630 3033 854 3081 reveritus
876 3033 1014 3079 fidem
1042 3032 1157 3093 juris
1175 3034 1377 3095 jurandi,
1401 3039 1527 3097 quod
1549 3037 1744 3102 Reginae
1776 3056 1831 3087 u·

55 3101 120 3134 na
142 3103 248 3136 cum
285 3090 471 3156 reliquis
514 3097 787 3161 propinquis
816 3097 1020 3152 dederat,
1045 3097 1295 3162 Episcopos
1317 3101 1497 3164 Anglos
1530 3101 1731 3162 ejusdem
1766 3104 1835 3151 sa-

58 3153 280 3204 eramenti
300 3153 441 3206 socies
464 3161 746 3211 ad0.eandem
768 3162 1055 3226 impietatem
1079 3164 1699 3228 magnis,‘pollicitationibus
1732 3168 1833 3234 pel·

113 3283 180 3336 (r)
208 3289 274 3324 An
293 3286 422 3338 ellipse
442 3289 487 3327 of
501 3291 654 3340 quanvis
672 3307 714 3331 or
730 3293 809 3333 etsi.
973 3303 1040 3345 put
1059 3294 1104 3345 by
1121 3295 1187 3332 the
1206 3309 1331 3334 crown
1349 3297 1395 3335 of
1407 3298 1592 3346 England,
1609 3298 1697 3346 first,
1711 3298 1756 3348 by
1774 3298 1835 3338 his

111 3338 180 3390 (2)
210 3340 305 3377 MS.
335 3342 368 3378 ei
388 3342 654 3392 impedimento
672 3347 758 3386 fuit.
973 3361 1138 3397 younger
1150 3350 1837 3399 brotherWilliamRufus,andthere-

113 3391 181 3445 (3)
210 3392 325 3431 Made
343 3393 449 3431 them
469 3395 581 3434 swear
598 3398 756 3448 homage
775 3402 847 3442 and
862 3402 917 3438 al·
974 3401 1070 3441 after
1089 3403 1132 3452 by
1149 3403 1208 3443 his
1223 3405 1396 3457 youngest
1409 3404 1701 3456 brotherHenry
1713 3406 1839 3451 Bean-

61 3443 290 3492 legiance=>t0
307 3446 388 3493 her,
403 3461 439 3484 as
459 3457 496 3485 to
512 3450 578 3487 the
597 3451 728 3490 lawful
747 3454 920 3491 successor
973 3456 1083 3502 clerc,
1103 3456 1191 3494 who
1210 3457 1283 3494 also
1300 3456 1393 3495 took
1410 3457 1493 3495 him
1512 3459 1668 3508 captive,
1688 3467 1755 3509 put
1771 3466 1839 3496 out

57 3496 107 3535 'of
120 3498 186 3537 the
203 3512 329 3537 crown
348 3501 391 3537 of
406 3502 588 3550 England.
606 3518 610 3522 ’
977 3507 1038 3545 his
1056 3522 1151 3559 eyes,
1171 3511 1241 3547 and
1259 3510 1353 3560 kept
1374 3511 1457 3550 him
1490 3512 1530 3549 iu
1547 3511 1669 3562 prison
1688 3511 1765 3549 'till
1787 3511 1839 3553 he

94 3574 103 3584 ..
118 3549 180 3601 (4)
209 3552 352 3592 Robert
373 3554 478 3592 duke
497 3556 542 3592 of
558 3557 790 3610 Normandy,
809 3561 922 3600 eldest
964 3562 1072 3602 died.

0 3623 1 3626 =
57 3600 127 3639 'ton
145 3612 186 3642 to
210 3606 392 3644 Williarn·
405 3608 468 3645 the
487 3622 702 3658 conqueror,
724 3613 832 3662 being
852 3614 918 3650 bu-
1030 3614 1094 3668 (5)
1124 3616 1192 3656 See
1213 3631 1290 3670 cap.
1312 3630 1375 3657 22.

0 3680 1 3709 3
54 3653 202 3699 Redin
232 3658 296 3700 the
327 3660 514 3713 holy-war
538 3665 581 3700 of
606 3665 825 3717 Jerusalem,
847 3680 920 3710 was

0 3745 1 3780 1
68 3740 71 3750 ι

1712 3725 1839 3775 lexit.
