2025 3831
325 219 499 285 [ΑΒ
539 235 646 281 ER
722 212 1604 278 Dncrmus‘rnRTrns.
1696 202 1843 286 ‘363

78 315 404 368 diffentIebant,
432 329 482 358 ac
505 311 685 359 interim
711 310 971 374 litigabant,
996 325 1100 356 cum
1123 307 1249 354 aliud
1273 304 1361 357 alii,
1385 306 1598 366 placeret.
1652 304 1844 351 Interim

77 383 201 428 velut
222 379 269 425 in
293 394 533 423 commune
568 375 896 422 consultabant.
971 375 1088 420 [llud
1109 373 1246 419 etism
1271 371 1317 416 in
1339 385 1395 415 eo
1420 368 1713 415 memorabile
1735 369 1843 421 suit,

76 445 203 506 quod
221 457 325 489 cum
349 441 526 488 inferne
550 441 909 494 crura,lumbive
925 440 1277 489 offenderentur,
1297 448 1525 495 utrunque
1542 447 1704 492 corpus
1717 449 1845 478 com-

76 508 273 552 muniter
292 507 495 552 dolorem
518 506 698 552 sentiret
724 523 733 550 :
781 519 884 550 cum
909 519 1016 548 vero
1036 503 1223 564 superne
1245 510 1541 561 pungeretur,
1564 507 1642 541 aut
1668 495 1844 559 alioqui

65 570 323 625 laederetur‚
349 571 403 616 ad
429 571 619 617 alterum
641 586 805 630 corpus
825 580 1000 613 tantuin
1026 565 1194 612 doloris
1218 564 1362 609 sensus
1387 559 1654 623 perveniret.
1699 562 1842 623 Qod

67 633 305 680 discrimen
325 634 460 680 etiarn
484 635 530 680 in
552 646 697 679 morte
727 632 815 678 suit
835 630 980 694 magis
1004 630 1305 692 perspicuum.
1375 627 1499 672 Nam
1523 641 1628 670 cum
1647 622 1842 671 alterum

68 713 233 758 corpus
257 700 514 760 complures
537 710 640 744 ante
664 697 854 743 alterum
881 696 976 740 dies
1007 694 1258 740 extinctum
1293 691 1457 745 fuiffet,
1481 690 1607 750 quod
1630 688 1840 749 superstes

70 760 159 808 fuit
180 761 376 808 dimidio
400 762 464 808 sui
487 760 877 825 computrescente
899 759 1118 821 paulatim
1143 755 1397 803 contabuit.
1468 751 1601 799 Vixit
1621 752 1842 799 {dmons-

66 837 186 872 trum
221 842 363 872 annos
410 826 578 889 viginti
617 828 719 871 ofto
757 842 768 870 z
822 840 874 870 ac
912 822 1096 868 deceffit
1113 820 1452 868 administrante
1484 833 1580 863 rem
1613 816 1841 864 Scoticam

61 891 233 936 Ioanne
264 894 477 952 Prorege.
548 892 652 937 Hac
681 890 738 935 de
761 906 807 934 re
835 886 1067 934 seribi‘mus
1090 888 1146 933 eo
1165 883 1483 938 confidentius,
1520 882 1648 944 quod
1685 883 1838 928 adhuc

63 953 295 1017 supersunt
317 955 525 1003 homines
544 954 719 1002 honesti
749 953 1026 1014 complures,
1051 951 1132 1012 qui
1154 952 1251 996 haec
1272 948 1488 996 viderint.

125 1020 264 1065 VIII.
299 1020 517 1066 Victoriae
549 1019 720 1066 navalis
752 1018 874 1064 fama
912 1018 969 1062 ad
991 1016 1361 1079 septentrionales
1386 1012 1575 1075 perlata,
1617 1018 1656 1059 ἃς
1679 1011 1764 1074 ipsi
1787 1028 1841 1059 o·

62 1081 195 1129 miffis
222 1083 333 1130 belli
354 1084 549 1130 consiliis
572 1086 732 1131 domos
756 1082 850 1139 suas
890 1082 1113 1128 abierunt.
1182 1080 1290 1126 Hoc
1313 1077 1513 1123 tumultu
1535 1077 1598 1124 ita
1623 1078 1714 1124 levi
1737 1093 1841 1123 mo·

63 1159 221 1193 mento
240 1150 488 1209 compresso
506 1150 608 1195 Rex
632 1149 689 1195 ad
707 1146 946 1194 seditiones
971 1161 1062 1192 non
1101 1145 1240 1190 modo
1263 1142 1310 1188 in
1347 1141 1582 1202 praesentia
1603 1142 1838 1195 sedandas,

62 1210 200 1258 sedin
220 1213 447 1277 posterum
465 1213 655 1260 omnino
672 1212 896 1260 tollendas
911 1209 1112 1257 animum
1128 1206 1309 1269 adjecit.
1331 1207 1532 1253 Primum
1543 1208 1845 1260 conventum,
1873 1246 1876 1250 .

49 1276 142 1338 ⁴qui
162 1276 360 1324 inuictus
383 1280 546 1324 eratin
569 1278 743 1325 sextum
761 1274 1042 1324 Novembris
1065 1273 1207 1327 diem,
1232 1271 1512 1333 Edimburgi·
1533 1271 1709 1318 habuit.
1778 1272 1835 1318 In

57 1356 114 1386 eo
138 1342 281 1389 multa
304 1342 538 1391 salubriter
558 1343 616 1388 ad
633 1340 933 1388 'concordiam
956 1338 1188 1400 publicam
1220 1333 1532 1383 stabiliendam
1556 1336 1838 1382 sunt-decre-

59 1416 121 1452 ta.
154 1407 208 1452 In
236 1406 414 1469 primis,
442 1420 491 1454 ut
515 1406 656 1453 animi
678 1405 857 1452 facilius
885 1404 942 1450 ad
969 1420 1127 1464 pacem
1152 1400 1469 1454 coalescerent,
1485 1401 1628 1462 'culpa'
1648 1399 1696 1446 in
1723 1418 1834 1462 pau-

55 1484 135 1515 cos
159 1471 341 1525 collata,
360 1488 507 1533 poenae
521 1489 687 1534 magna
705 1487 759 1516 ex
774 1481 903 1532 parte
925 1469 1102 1521 levatae,
1119 1464 1398 1512 automnino
1412 1465 1612 1511 remiffae.
1640 1467 1761 1512 Cum
1776 1466 1836 1512 de

54 1533 160 1594 jure
180 1535 291 1582 belli
313 1535 653 1597 disceptaretur,
676 1537 869 1581 Ioannes
891 1535 1016 1580 Leon
1034 1532 1238 1594 Regulus
1254 1529 1519 1576 Glammius
1542 1530 1691 1591 capita
1704 1546 1835 1592 quae·

59 1598 166 1645 dam
180 1616 205 1646 a
223 1600 489 1662 proceribus
513 1602 569 1646 ad
583 1602 759 1662 Regem
784 1599 840 1645 de
863 1595 1285 1660 pacificandomiss'a
1298 1594 1505 1657 protulit,
1522 1593 1688 1656 quibus
1704 1596 1837 1641 Iaco-

57 1661 144 1710 bus
160 1664 317 1710 tertius
341 1666 456 1728 saepe
473 1665 719 1719 assenserat,
736 1679 787 1710 ac
810 1661 1120 1724 subscripserat
1133 1660 1269 1707 etiam
1289 1678 1299 1707 ε
1317 1675 1369 1705 ac
1392 1659 1526 1721 plane
1549 1659 1725 1722 legibus
1741 1659 1855 1705 illis-

56 1728 349 1775 concordiam
375 1744 479 1776 cum
501 1729 764 1792 proceribus
788 1728 1103 1781 confirmasset,
1144 1725 1227 1771 nisi
1263 1741 1288 1770 a
1317 1723 1476 1786 pravis·
1499 1724 1832 1770 consultoribus

60 1793 237 1839 animus
260 1794 356 1854 ejus
380 1794 528 1842 fuisset
545 1794 783 1847 alienatus,
807 1806 944 1854 atque
966 1793 1022 1838 eo
1056 1791 1319 1853 perduEtuS‚
1344 1800 1394 1835 ut
1423 1788 1592 1834 bostem
1631 1801 1852 1835 veterem.

57 1858 266 1905 adversus
307 1859 429 1907 cives
461 1860 559 1905 suos
599 1856 907 1922 pugnaturum
940 1856 989 1902 in
1033 1872 1228 1918 regnum
1274 1853 1565 1899 introducere
1604 1853 1854 1916 persuasus--

54 1922 198 1969 effer..
245 1924 382 1971 Hanc
404 1924 465 1970 ob
487 1923 776 1971 consiliorum
796 1920 1142 1969 inconstantiam
1166 1919 1374 1966 Comites
1399 1917 1679 1971 Huntilaeus,
1698 1918 1834 1965 Arel-

28 1996 31 2004 '
52 1985 160 2041 lius,
179 1991 233 2038 δε,
251 1989 479 2037 Martialis
501 2005 607 2035 cum
629 1987 726 2050 ipso
751 1987 1062 2041 Glammioss&
1086 1983 1325 2048 plaerisque
1345 1982 1445 2029 aliis
1466 1981 1575 2028 viris
1593 1982 1829 2032 nobilibus

54 2068 160 2098 eum
179 2064 276 2100 tum
296 2053 602 2108 deseruerunt,
627 2064 762 2113 atr-ue
786 2053 881 2114 ejus
906 2051 1053 2097 fillum
1065 2051 1290 2096 Iacobum
1308 2060 1521 2110 quartum
1545 2046 1604 2092 ob
1622 2046 1832 2096 animum

17 2127 22 2130 ”
54 2114 151 2175 ejus
170 2117 370 2179 publicae
394 2118 621 2172 utilitatis,
659 2122 698 2163 δε
722 2115 1064 2178 tranquillitatis
1090 2127 1337 2166 amantem,
1361 2113 1463 2158 sunt
1499 2111 1655 2157 secuti.
1725 2114 1828 2159 Post

29 2184 36 2189 '
54 2181 158 2227 satis
178 2181 365 2244 longam
388 2183 763 2243 disceptationem
783 2181 968 2227 tandem
991 2181 1048 2225 ab
1067 2178 1281 2225 universrs
1318 2179 1378 2223 est
1396 2177 1650 2229 decretum,
1680 2177 1832 2238 quiin

53 2245 217 2307 praelio
256 2246 516 2293 Sterlinenfi
555 2244 832 2299 cecidissent,
869 2261 946 2291 eos
980 2244 1054 2290 sua
1075 2244 1212 2305 culpa
1234 2241 1370 2288 caesos
1407 2240 1552 2287 videri
1592 2258 1603 2268 ·
1628 2240 1830 2306 jureque

52 2324 153 2355 eam
188 2311 362 2357 caedem
404 2310 531 2357 fuiffe
552 2311 732 2357 fac‘lam.
803 2311 893 2355 Eos
916 2325 1043 2363 vero,
1083 2308 1165 2371 qui
1204 2306 1420 2353 adversus
1450 2305 1648 2368 publicae
1671 2306 1825 2354 salutis

51 2373 197 2420 hostes
238 2374 385 2421 fraudi
409 2376 603 2421 occultae
638 2376 821 2422 honesta
855 2373 1043 2420 nomina
1082 2385 1382 2434 praetexentes
1411 2387 1542 2417 arma
1572 2383 1843 2432 caeperunt9„

51 2453 137 2487 nec
158 2440 323 2505 culpae,
349 2455 434 2486 nec
456 2439 638 2487 crimini
660 2440 745 2486 effe
766 2439 1008 2486 obnoxios.
1076 2438 1206 2484 Huic
1228 2438 1432 2490 decreto,
1456 2434 1622 2498 quibus
1644 2437 1692 2482 in
1714 2451 1828 2483 con-

16 2514 190 2567 [ventu
221 2503 409 2567 publico
433 2505 668 2551 sententiae
688 2503 831 2550 dictio
853 2505 934 2556 est,
955 2500 1322 2564 subscripserunt,
1348 2513 1398 2546 ut
1417 2514 1673 2547 exterarum
1708 2501 1830 2548 nati·

49 2582 194 2635 ,onum
229 2568 411 2631 legatis,
449 2586 563 2633 quos
585 2569 831 2617 adventare
862 2583 1019 2616 rumor
1032 2580 1150 2621 verat,
1174 2565 1241 2613 sui
1275 2565 1385 2613 facti
1406 2564 1628 2611 rationem
1664 2565 1828 2612 redde-

0 2649 10 2655 ⁸
32 2633 34 2636 ’
54 2645 172 2679 rent.
239 2634 395 2681 Multa
415 2630 504 2681 alia
521 2634 589 2680 ibi
610 2636 791 2680 decreta
809 2632 910 2680 sunt
932 2632 1066 2687 facta,
1089 2649 1194 2696 quae
1212 2635 1261 2683 δε
1290 2629 1640 2694 pauperioribus
1674 2630 1825 2677 ablata

55 2698 382 2753 redderent‚„&
397 2698 677 2762 potentiores
696 2698 863 2745 leviter·
880 2697 1143 2753 multarent,
1167 2701 1216 2746 &s
1240 2696 1422 2759 utrique
1454 2693 1572 2757 parti
1593 2707 1824 2752 caverent,

53 2778 110 2809 ne
141 2779 264 2811 arma
287 2777 382 2811 tum
404 2763 582 2826 sumpta
597 2764 720 2827 ipsis,
746 2761 985 2825 posterisve
1005 2778 1163 2808 eorum
1182 2761 1335 2808 fraudi
1355 2761 1514 2806 efferre.

113 2827 199 2874 IX.
234 2828 372 2874 Hanc
393 2828 440 2874 in
463 2829 753 2875 adolescente
764 2826 1031 2890 quindecim
1055 2842 1278 2873 annorum
1301 2830 1342 2872 ὅσ
1363 2823 1615 2879 victoria&
1632 2822 1682 2870 in
1701 2824 1828 2873 sum--

50 2906 126 2939 ma
144 2892 363 2954 potestate
385 2893 611 2939 collocato
633 2892 995 2940 moderationem
1017 2891 1273 2937 adornabat
1304 2905 1585 2953 magnopere
1608 2888 1824 2954 benigni.

50 2962 180 3012 tas,&
204 2958 520 3020 promissorum
538 2957 666 3014 fides,
693 2963 734 3005 δι
755 2956 903 3020 (quod
924 2955 972 3003 in
994 2955 1155 3019 primis
1174 2956 1342 3017 vulgus
1364 2953 1632 3013 admiratur)
1658 2969 1823 3017 corpo-

50 3019 111 3066 ris
130 3020 351 3084 dignitas,
374 3037 427 3068 ac
447 3021 672 3078 vividum,
697 3025 745 3070 ὃς
765 3024 913 3069 alacre
927 3019 1188 3085 ingenium.
1254 3020 1415 3081 Itaque
1437 3034 1542 3065 cum
1563 3033 1648 3065 nee
1670 3015 1824 3075 avare,

34 3099 133 3143 ‚nec
154 3086 400 3133 crudeliter
418 3085 610 3133 viEtoria
628 3091 977 3140 exerceretur,&
998 3083 1165 3132 delifita
1184 3083 1306 3131 bona
1327 3084 1416 3130 fide
1434 3083 1822 3138 condonarentur,

37 3147 180 3197 'brevi
207 3149 382 3197 summa
402 3151 648 3198 concordia
671 3150 790 3197 inter
812 3149 1095 3204 fastionesssc
1118 3149 1296 3212 aequale
1318 3148 1458 3211 partis
1483 3147 1712 3210 utriusque
1730 3149 1823 3195 stu-

54 3211 199 3269 dium,
223 3218 271 3262 &
291 3230 421 3260 amor
441 3231 550 3279 erga
571 3216 750 3279 Regem
768 3215 954 3262 coaluit.
991 3213 1146 3268 Pauci,
1169 3212 1252 3277 qui
1273 3211 1611 3276 pertinaciores..
1621 3213 1821 3267 fuerant,

53 3279 236 3325 modica
256 3278 468 3341 pecunia,
504 3292 584 3325 aut
612 3279 779 3343 exigua
808 3291 936 3343 parte
959 3294 1174 3342 agrorum
1209 3277 1410 3331 multati,
1453 3292 1590 3325 nemo
1623 3274 1820 3326 fortunis

52 3343 263 3390 omnibus
284 3355 464 3389 exutus.
530 3344 590 3390 Et
611 3346 768 3390 multae
787 3360 878 3390 non
900 3344 948 3390 in
971 3343 1143 3398 fiscum,
1161 3342 1237 3390 sed
1273 3342 1320 3388 in
1342 3340 1549 3405 precium
1571 3356 1720 3402 operae
1739 3355 1820 3386 na-

52 3415 166 3456 vatae
189 3407 431 3454 cedebant.
496 3406 624 3453 Huic
641 3408 802 3471 Regiae
823 3406 1080 3455 clementiae
1101 3404 1294 3471 gratiam
1312 3404 1714 3466 adjiciebat,quod
1732 3404 1819 3449 ho-

55 3467 197 3518 mines
223 3471 374 3518 adhuc
400 3470 575 3518 recenti
612 3472 832 3519 memoria
859 3470 1260 3534 tenebant,„quam
1289 3471 1462 3522 levibus
1489 3469 1547 3516 de
1576 3467 1713 3514 caufis
1738 3467 1831 3514 sub.

24 3533 29 3538 '
56 3530 182 3595 Rege
222 3535 452 3599 superiore
487 3534 576 3581 viri
608 3534 831 3582 clariffimi
864 3535 1080 3588 omnibus
1118 3533 1251 3586 bonis
1271 3533 1551 3588 excidissent,
1587 3529 1823 3593 quamque

55 3594 248 3663 dispares
285 3600 334 3648 in
358 3615 523 3651 eorum
553 3598 843 3650 successissent
877 3601 1051 3647 locum.
1113 3598 1351 3665 Principes
1393 3612 1579 3661 quoque.
1606 3593 1827 3712 factiongz

884 3664 928 3712 Z
958 3680 1005 3712 z·.
1020 3679 1077 3712 a
1740 3675 1769 3708 a
1831 3704 1842 3711 λ
