<?xml version="1.0" encoding="UTF-8"?>
<!DOCTYPE html PUBLIC "-//W3C//DTD XHTML 1.0 Transitional//EN"
    "http://www.w3.org/TR/xhtml1/DTD/xhtml1-transitional.dtd">
<html xmlns="http://www.w3.org/1999/xhtml" xml:lang="en" lang="en">
 <head>
  <title>
</title>
<meta http-equiv="Content-Type" content="text/html;charset=utf-8" />
  <meta name='ocr-system' content='tesseract 3.04.00' />
  <meta name='ocr-capabilities' content='ocr_page ocr_carea ocr_par ocr_line ocrx_word'/>
</head>
<body>
  <div class='ocr_page' id='page_1' title='image "./rerumscoticarumh01buch_0298.png"; bbox 0 0 1992 3801; ppageno 0'>
   <div class='ocr_carea' id='block_1_1' title="bbox 113 141 1565 212">
    <p class='ocr_par' dir='ltr' id='par_1_1' title="bbox 113 141 1565 212">
     <span class='ocr_line' id='line_1_1' title="bbox 113 141 1565 212; baseline -0.003 -2"><span class='ocrx_word' id='word_1_1' title='bbox 113 142 250 212; x_wconf 82' lang='lat'><strong>280</strong></span> <span class='ocrx_word' id='word_1_2' title='bbox 423 142 785 209; x_wconf 69' lang='lat' dir='ltr'>RERUM</span> <span class='ocrx_word' id='word_1_3' title='bbox 877 141 1565 207; x_wconf 61' lang='lat' dir='ltr'><strong>Sena-remum</strong></span> 
     </span>
    </p>
   </div>
   <div class='ocr_carea' id='block_1_2' title="bbox 49 232 1990 3394">
    <p class='ocr_par' dir='ltr' id='par_1_2' title="bbox 114 232 1964 1588">
     <span class='ocr_line' id='line_1_2' title="bbox 114 232 1950 304; baseline 0.001 -18"><span class='ocrx_word' id='word_1_4' title='bbox 114 250 316 293; x_wconf 73' lang='lat' dir='ltr'><strong>tucrum,</strong></span> <span class='ocrx_word' id='word_1_5' title='bbox 331 232 472 303; x_wconf 73' lang='lat' dir='ltr'><strong>qua&#39;m&#39;</strong></span> <span class='ocrx_word' id='word_1_6' title='bbox 488 241 664 304; x_wconf 85' lang='lat' dir='ltr'><strong>Regem</strong></span> <span class='ocrx_word' id='word_1_7' title='bbox 687 256 790 286; x_wconf 90' lang='lat' dir='ltr'><strong>eum</strong></span> <span class='ocrx_word' id='word_1_8' title='bbox 808 254 897 285; x_wconf 88' lang='lat' dir='ltr'><strong>non</strong></span> <span class='ocrx_word' id='word_1_9' title='bbox 919 237 1090 302; x_wconf 85' lang='lat' dir='ltr'>alioqui</span> <span class='ocrx_word' id='word_1_10' title='bbox 1113 239 1396 300; x_wconf 83' lang='lat' dir='ltr'><strong>auditurum,</strong></span> <span class='ocrx_word' id='word_1_11' title='bbox 1410 235 1489 285; x_wconf 73' lang='lat' dir='ltr'><strong>nisi</strong></span> <span class='ocrx_word' id='word_1_12' title='bbox 1515 236 1619 285; x_wconf 91' lang='lat' dir='ltr'><strong>fidei</strong></span> <span class='ocrx_word' id='word_1_13' title='bbox 1640 236 1729 285; x_wconf 90' lang='lat' dir='ltr'><strong>suae</strong></span> <span class='ocrx_word' id='word_1_14' title='bbox 1745 252 1872 288; x_wconf 78' lang='lat' dir='ltr'><strong>com-</strong></span> <span class='ocrx_word' id='word_1_15' title='bbox 1947 270 1950 274; x_wconf 66' lang='lat'><em>›</em></span> 
     </span>
     <span class='ocr_line' id='line_1_3' title="bbox 115 300 1900 366; baseline 0.001 -16"><span class='ocrx_word' id='word_1_16' title='bbox 115 303 294 351; x_wconf 75' lang='lat' dir='ltr'><strong>missum</strong></span> <span class='ocrx_word' id='word_1_17' title='bbox 313 321 324 350; x_wconf 90' lang='lat'><strong>:</strong></span> <span class='ocrx_word' id='word_1_18' title='bbox 345 319 449 351; x_wconf 90' lang='lat' dir='ltr'><strong>cum</strong></span> <span class='ocrx_word' id='word_1_19' title='bbox 468 304 647 352; x_wconf 90' lang='lat' dir='ltr'><strong>absente</strong></span> <span class='ocrx_word' id='word_1_20' title='bbox 661 303 774 350; x_wconf 86' lang='lat' dir='ltr'><strong>nihil</strong></span> <span class='ocrx_word' id='word_1_21' title='bbox 789 302 1130 350; x_wconf 66' lang='lat' dir='ltr'><strong>transactarum.</strong></span> <span class='ocrx_word' id='word_1_22' title='bbox 1155 303 1417 350; x_wconf 85' lang='lat' dir='ltr'>Alexander</span> <span class='ocrx_word' id='word_1_23' title='bbox 1429 302 1641 352; x_wconf 86' lang='lat' dir='ltr'><strong>omnibus</strong></span> <span class='ocrx_word' id='word_1_24' title='bbox 1659 300 1900 366; x_wconf 61' lang='lat' dir='ltr'><strong>periculis„</strong></span> 
     </span>
     <span class='ocr_line' id='line_1_4' title="bbox 117 366 1877 431; baseline 0 -18"><span class='ocrx_word' id='word_1_25' title='bbox 117 366 470 431; x_wconf 67' lang='lat' dir='ltr'><strong>circumspec&#39;tis,</strong></span> <span class='ocrx_word' id='word_1_26' title='bbox 492 385 598 416; x_wconf 91' lang='lat' dir='ltr'><strong>cum</strong></span> <span class='ocrx_word' id='word_1_27' title='bbox 621 368 736 414; x_wconf 86' lang='lat' dir='ltr'><strong>nihil</strong></span> <span class='ocrx_word' id='word_1_28' title='bbox 758 367 965 414; x_wconf 87' lang='lat' dir='ltr'><strong>adversus</strong></span> <span class='ocrx_word' id='word_1_29' title='bbox 998 366 1112 414; x_wconf 87' lang='lat' dir='ltr'><strong>iram</strong></span> <span class='ocrx_word' id='word_1_30' title='bbox 1135 366 1278 430; x_wconf 87' lang='lat' dir='ltr'><strong>Regis</strong></span> <span class='ocrx_word' id='word_1_31' title='bbox 1301 379 1448 426; x_wconf 81' lang='lat' dir='ltr'><strong>tutum</strong></span> <span class='ocrx_word' id='word_1_32' title='bbox 1477 366 1561 413; x_wconf 81' lang='lat' dir='ltr'><strong>fibi</strong></span> <span class='ocrx_word' id='word_1_33' title='bbox 1584 366 1877 430; x_wconf 78' lang='lat' dir='ltr'><strong>prospiceret,</strong></span> 
     </span>
     <span class='ocr_line' id='line_1_5' title="bbox 117 430 1879 495; baseline -0.001 -17"><span class='ocrx_word' id='word_1_34' title='bbox 117 443 342 495; x_wconf 81' lang='lat' dir='ltr'><strong>tempore,</strong></span> <span class='ocrx_word' id='word_1_35' title='bbox 363 440 404 480; x_wconf 87' lang='lat'>&amp;</span> <span class='ocrx_word' id='word_1_36' title='bbox 422 434 527 480; x_wconf 87' lang='lat' dir='ltr'><strong>loco</strong></span> <span class='ocrx_word' id='word_1_37' title='bbox 544 433 600 478; x_wconf 90' lang='lat' dir='ltr'><strong>ad</strong></span> <span class='ocrx_word' id='word_1_38' title='bbox 617 431 666 478; x_wconf 88' lang='lat' dir='ltr'><strong>id</strong></span> <span class='ocrx_word' id='word_1_39' title='bbox 684 433 829 478; x_wconf 71' lang='lat' dir='ltr'><strong>elec&#39;to</strong></span> <span class='ocrx_word' id='word_1_40' title='bbox 846 430 889 478; x_wconf 91' lang='lat' dir='ltr'><strong>se</strong></span> <span class='ocrx_word' id='word_1_41' title='bbox 905 431 948 479; x_wconf 90' lang='lat' dir='ltr'><strong>ei</strong></span> <span class='ocrx_word' id='word_1_42' title='bbox 965 430 1228 495; x_wconf 86' lang='lat' dir='ltr'><strong>permittere</strong></span> <span class='ocrx_word' id='word_1_43' title='bbox 1245 431 1410 485; x_wconf 80' lang='lat' dir='ltr'><strong>statuit.</strong></span> <span class='ocrx_word' id='word_1_44' title='bbox 1477 432 1549 478; x_wconf 89' lang='lat' dir='ltr'><strong>Ita</strong></span> <span class='ocrx_word' id='word_1_45' title='bbox 1563 430 1685 477; x_wconf 89' lang='lat' dir='ltr'><strong>enim</strong></span> <span class='ocrx_word' id='word_1_46' title='bbox 1705 430 1879 493; x_wconf 66' lang='lat' dir='ltr'><strong>suppli-</strong></span> 
     </span>
     <span class='ocr_line' id='line_1_6' title="bbox 119 488 1878 559; baseline 0.001 -18"><span class='ocrx_word' id='word_1_47' title='bbox 119 510 222 542; x_wconf 88' lang='lat' dir='ltr'><strong>cem</strong></span> <span class='ocrx_word' id='word_1_48' title='bbox 243 496 447 544; x_wconf 85' lang='lat' dir='ltr'><strong>violandi</strong></span> <span class='ocrx_word' id='word_1_49' title='bbox 475 496 793 542; x_wconf 85' lang='lat' dir='ltr'><strong>verecundiam</strong></span> <span class='ocrx_word' id='word_1_50' title='bbox 814 494 857 541; x_wconf 91' lang='lat' dir='ltr'><strong>se</strong></span> <span class='ocrx_word' id='word_1_51' title='bbox 878 495 922 542; x_wconf 91' lang='lat' dir='ltr'><strong>ei</strong></span> <span class='ocrx_word' id='word_1_52' title='bbox 944 495 1230 556; x_wconf 61' lang='lat' dir='ltr'><strong>injefiiu‘rum.</strong></span> <span class='ocrx_word' id='word_1_53' title='bbox 1300 488 1460 559; x_wconf 70' lang='lat' dir='ltr'><strong>Itaque</strong></span> <span class='ocrx_word' id='word_1_54' title='bbox 1489 495 1694 542; x_wconf 90' lang='lat' dir='ltr'><strong>occultus</strong></span> <span class='ocrx_word' id='word_1_55' title='bbox 1715 494 1878 542; x_wconf 87' lang='lat' dir='ltr'><strong>Edim-</strong></span> 
     </span>
     <span class='ocr_line' id='line_1_7' title="bbox 116 558 1953 625; baseline 0 -18"><span class='ocrx_word' id='word_1_56' title='bbox 116 558 337 625; x_wconf 79' lang='lat' dir='ltr'><strong>burgum,</strong></span> <span class='ocrx_word' id='word_1_57' title='bbox 361 559 439 607; x_wconf 92' lang='lat' dir='ltr'><strong>ubi</strong></span> <span class='ocrx_word' id='word_1_58' title='bbox 461 572 558 607; x_wconf 84' lang='lat' dir='ltr'><strong>turn</strong></span> <span class='ocrx_word' id='word_1_59' title='bbox 580 562 680 607; x_wconf 82' lang='lat' dir='ltr'><strong>Rex</strong></span> <span class='ocrx_word' id='word_1_60' title='bbox 701 559 883 624; x_wconf 86' lang='lat' dir='ltr'><strong>agebat,</strong></span> <span class='ocrx_word' id='word_1_61' title='bbox 905 559 1032 607; x_wconf 90' lang='lat' dir='ltr'><strong>venit</strong></span> <span class='ocrx_word' id='word_1_62' title='bbox 1055 578 1066 607; x_wconf 87' lang='lat'>:</span> <span class='ocrx_word' id='word_1_63' title='bbox 1100 574 1152 606; x_wconf 89' lang='lat' dir='ltr'><strong>ac</strong></span> <span class='ocrx_word' id='word_1_64' title='bbox 1173 559 1296 607; x_wconf 87' lang='lat' dir='ltr'><strong>lineo</strong></span> <span class='ocrx_word' id='word_1_65' title='bbox 1318 571 1497 607; x_wconf 85' lang='lat' dir='ltr'><strong>tantum</strong></span> <span class='ocrx_word' id='word_1_66' title='bbox 1517 558 1716 606; x_wconf 87' lang='lat' dir='ltr'><strong>amiculo</strong></span> <span class='ocrx_word' id='word_1_67' title='bbox 1739 562 1882 607; x_wconf 62' lang='lat' dir='ltr'><strong>tetius</strong></span> <span class='ocrx_word' id='word_1_68' title='bbox 1952 564 1953 570; x_wconf 77' lang='grc'>’</span> 
     </span>
     <span class='ocr_line' id='line_1_8' title="bbox 119 620 1886 690; baseline -0.001 -18"><span class='ocrx_word' id='word_1_69' title='bbox 119 624 287 690; x_wconf 78' lang='lat' dir='ltr'><strong>magiS,</strong></span> <span class='ocrx_word' id='word_1_70' title='bbox 309 625 450 687; x_wconf 71' lang='lat' dir='ltr'><strong>quam</strong></span> <span class='ocrx_word' id='word_1_71' title='bbox 480 624 662 671; x_wconf 81' lang='lat' dir='ltr'><strong>vestitus</strong></span> <span class='ocrx_word' id='word_1_72' title='bbox 694 641 750 671; x_wconf 93' lang='lat' dir='ltr'><strong>eo</strong></span> <span class='ocrx_word' id='word_1_73' title='bbox 778 624 870 679; x_wconf 88' lang='lat' dir='ltr'><strong>die,</strong></span> <span class='ocrx_word' id='word_1_74' title='bbox 893 641 986 688; x_wconf 89' lang='lat' dir='ltr'><strong>quo</strong></span> <span class='ocrx_word' id='word_1_75' title='bbox 1018 623 1239 671; x_wconf 88' lang='lat' dir='ltr'><strong>memoria</strong></span> <span class='ocrx_word' id='word_1_76' title='bbox 1266 622 1602 671; x_wconf 66' lang='lat' dir='ltr'><strong>resurreflionis</strong></span> <span class='ocrx_word' id='word_1_77' title='bbox 1621 620 1886 671; x_wconf 81' lang='lat' dir='ltr'><strong>Dominicae</strong></span> 
     </span>
     <span class='ocr_line' id='line_1_9' title="bbox 121 686 1939 753; baseline 0.001 -18"><span class='ocrx_word' id='word_1_78' title='bbox 121 703 290 753; x_wconf 86' lang='lat' dir='ltr'><strong>magna</strong></span> <span class='ocrx_word' id='word_1_79' title='bbox 308 688 564 736; x_wconf 82' lang='lat' dir='ltr'><strong>ceremonia</strong></span> <span class='ocrx_word' id='word_1_80' title='bbox 584 689 911 743; x_wconf 81' lang='lat' dir='ltr'><strong>celebrabatur,</strong></span> <span class='ocrx_word' id='word_1_81' title='bbox 933 689 990 735; x_wconf 88' lang='lat' dir='ltr'><strong>ad</strong></span> <span class='ocrx_word' id='word_1_82' title='bbox 1013 705 1161 753; x_wconf 88' lang='lat' dir='ltr'><strong>genua</strong></span> <span class='ocrx_word' id='word_1_83' title='bbox 1184 688 1325 752; x_wconf 85' lang='lat' dir='ltr'><strong>Regis</strong></span> <span class='ocrx_word' id='word_1_84' title='bbox 1346 688 1598 753; x_wconf 85' lang='lat' dir='ltr'><strong>supplicem</strong></span> <span class='ocrx_word' id='word_1_85' title='bbox 1615 687 1662 734; x_wconf 55' lang='lat' dir='ltr'><strong>se*</strong></span> <span class='ocrx_word' id='word_1_86' title='bbox 1675 686 1842 749; x_wconf 87' lang='lat' dir='ltr'><strong>dejecit</strong></span> <span class='ocrx_word' id='word_1_87' title='bbox 1865 706 1879 736; x_wconf 74' lang='grc' dir='ltr'><strong><em>ε</em></strong></span> <span class='ocrx_word' id='word_1_88' title='bbox 1935 709 1939 712; x_wconf 86' lang='grc'><em>·</em></span> 
     </span>
     <span class='ocr_line' id='line_1_10' title="bbox 121 751 1886 816; baseline 0.001 -18"><span class='ocrx_word' id='word_1_89' title='bbox 121 768 178 798; x_wconf 82' lang='lat' dir='ltr'><strong>ac</strong></span> <span class='ocrx_word' id='word_1_90' title='bbox 197 754 401 801; x_wconf 78' lang='lat' dir='ltr'><strong>oratione</strong></span> <span class='ocrx_word' id='word_1_91' title='bbox 423 754 480 800; x_wconf 87' lang='lat' dir='ltr'><strong>ad</strong></span> <span class='ocrx_word' id='word_1_92' title='bbox 500 753 849 800; x_wconf 88' lang='lat' dir='ltr'><strong>misericordiam</strong></span> <span class='ocrx_word' id='word_1_93' title='bbox 870 754 1136 816; x_wconf 75' lang='lat' dir='ltr'><strong>composita,</strong></span> <span class='ocrx_word' id='word_1_94' title='bbox 1151 753 1210 807; x_wconf 89' lang='lat' dir='ltr'><strong>se,</strong></span> <span class='ocrx_word' id='word_1_95' title='bbox 1230 752 1513 816; x_wconf 74' lang='lat' dir='ltr'><strong>salutemque</strong></span> <span class='ocrx_word' id='word_1_96' title='bbox 1531 752 1653 800; x_wconf 88' lang='lat' dir='ltr'><strong>suam</strong></span> <span class='ocrx_word' id='word_1_97' title='bbox 1672 751 1715 799; x_wconf 90' lang='lat' dir='ltr'><strong>ei</strong></span> <span class='ocrx_word' id='word_1_98' title='bbox 1736 752 1886 800; x_wconf 88' lang='lat' dir='ltr'><strong>credi-</strong></span> 
     </span>
     <span class='ocr_line' id='line_1_11' title="bbox 124 816 1887 880; baseline 0.002 -16"><span class='ocrx_word' id='word_1_99' title='bbox 124 817 209 865; x_wconf 83' lang='lat' dir='ltr'><strong>dit.</strong></span> <span class='ocrx_word' id='word_1_100' title='bbox 277 816 431 864; x_wconf 85' lang='lat' dir='ltr'><strong>Movit</strong></span> <span class='ocrx_word' id='word_1_101' title='bbox 464 817 799 864; x_wconf 85' lang='lat' dir='ltr'><strong>circumstantes</strong></span> <span class='ocrx_word' id='word_1_102' title='bbox 830 817 1031 871; x_wconf 85' lang='lat' dir='ltr'><strong>habitus,</strong></span> <span class='ocrx_word' id='word_1_103' title='bbox 1053 817 1286 879; x_wconf 86' lang='lat' dir='ltr'><strong>locusque,</strong></span> <span class='ocrx_word' id='word_1_104' title='bbox 1312 823 1351 863; x_wconf 84' lang='lat'>&amp;</span> <span class='ocrx_word' id='word_1_105' title='bbox 1382 830 1581 880; x_wconf 89' lang='lat' dir='ltr'><strong>tempus,</strong></span> <span class='ocrx_word' id='word_1_106' title='bbox 1606 833 1657 863; x_wconf 84' lang='lat' dir='ltr'><strong>ac</strong></span> <span class='ocrx_word' id='word_1_107' title='bbox 1684 828 1809 864; x_wconf 89' lang='lat' dir='ltr'><strong>tanta</strong></span> <span class='ocrx_word' id='word_1_108' title='bbox 1832 820 1887 867; x_wconf 74' lang='grc' dir='ltr'>δί</span> 
     </span>
     <span class='ocr_line' id='line_1_12' title="bbox 123 879 1888 944; baseline 0.001 -17"><span class='ocrx_word' id='word_1_109' title='bbox 123 892 218 930; x_wconf 85' lang='lat' dir='ltr'><strong>tam</strong></span> <span class='ocrx_word' id='word_1_110' title='bbox 241 881 387 929; x_wconf 77' lang='lat' dir='ltr'><strong>subita</strong></span> <span class='ocrx_word' id='word_1_111' title='bbox 406 881 601 928; x_wconf 85' lang='lat' dir='ltr'><strong>fortunae</strong></span> <span class='ocrx_word' id='word_1_112' title='bbox 625 881 831 928; x_wconf 87' lang='lat' dir='ltr'><strong>mutatio.</strong></span> <span class='ocrx_word' id='word_1_113' title='bbox 885 881 1081 943; x_wconf 83' lang='lat' dir='ltr'><strong>Regina,</strong></span> <span class='ocrx_word' id='word_1_114' title='bbox 1097 879 1392 943; x_wconf 87' lang='lat' dir='ltr'><strong>proceresque</strong></span> <span class='ocrx_word' id='word_1_115' title='bbox 1413 881 1492 943; x_wconf 92' lang='lat' dir='ltr'><strong>qui</strong></span> <span class='ocrx_word' id='word_1_116' title='bbox 1511 882 1715 936; x_wconf 85' lang='lat' dir='ltr'><strong>aderant,</strong></span> <span class='ocrx_word' id='word_1_117' title='bbox 1731 897 1814 944; x_wconf 85' lang='lat' dir='ltr'><strong>pro</strong></span> <span class='ocrx_word' id='word_1_118' title='bbox 1831 897 1888 929; x_wconf 90' lang='lat' dir='ltr'><strong>eo</strong></span> 
     </span>
     <span class='ocr_line' id='line_1_13' title="bbox 124 943 1889 1009; baseline 0 -16"><span class='ocrx_word' id='word_1_119' title='bbox 124 945 301 1009; x_wconf 85' lang='lat' dir='ltr'><strong>Regem</strong></span> <span class='ocrx_word' id='word_1_120' title='bbox 335 944 568 1008; x_wconf 88' lang='lat' dir='ltr'><strong>deprecati</strong></span> <span class='ocrx_word' id='word_1_121' title='bbox 598 945 813 991; x_wconf 61' lang='lat' dir='ltr'><strong>haftenus</strong></span> <span class='ocrx_word' id='word_1_122' title='bbox 848 956 1104 998; x_wconf 86' lang='lat' dir='ltr'><strong>moverunt,</strong></span> <span class='ocrx_word' id='word_1_123' title='bbox 1131 957 1180 989; x_wconf 87' lang='lat' dir='ltr'><strong>ut</strong></span> <span class='ocrx_word' id='word_1_124' title='bbox 1204 943 1474 1004; x_wconf 83' lang='lat' dir='ltr'><strong>juberentur</strong></span> <span class='ocrx_word' id='word_1_125' title='bbox 1501 943 1726 991; x_wconf 90' lang='lat' dir='ltr'><strong>sacrorum</strong></span> <span class='ocrx_word' id='word_1_126' title='bbox 1751 946 1889 993; x_wconf 87' lang='lat' dir='ltr'><strong>finem</strong></span> 
     </span>
     <span class='ocr_line' id='line_1_14' title="bbox 124 1007 1887 1072; baseline 0 -16"><span class='ocrx_word' id='word_1_127' title='bbox 124 1012 376 1072; x_wconf 62' lang='lat' dir='ltr'><strong>expediare.</strong></span> <span class='ocrx_word' id='word_1_128' title='bbox 410 1010 589 1055; x_wconf 84' lang='lat' dir='ltr'><strong>Interea</strong></span> <span class='ocrx_word' id='word_1_129' title='bbox 607 1010 708 1055; x_wconf 85' lang='lat' dir='ltr'><strong>Rex</strong></span> <span class='ocrx_word' id='word_1_130' title='bbox 729 1008 884 1055; x_wconf 84' lang='lat' dir='ltr'><strong>omnia</strong></span> <span class='ocrx_word' id='word_1_131' title='bbox 906 1007 1054 1055; x_wconf 88' lang='lat' dir='ltr'><strong>secum</strong></span> <span class='ocrx_word' id='word_1_132' title='bbox 1077 1008 1379 1070; x_wconf 90' lang='lat' dir='ltr'><strong>perpendens,</strong></span> <span class='ocrx_word' id='word_1_133' title='bbox 1404 1024 1510 1055; x_wconf 91' lang='lat' dir='ltr'><strong>cum</strong></span> <span class='ocrx_word' id='word_1_134' title='bbox 1532 1024 1617 1055; x_wconf 86' lang='lat' dir='ltr'><strong>nec</strong></span> <span class='ocrx_word' id='word_1_135' title='bbox 1633 1020 1784 1056; x_wconf 88' lang='lat' dir='ltr'><strong>tutum</strong></span> <span class='ocrx_word' id='word_1_136' title='bbox 1807 1023 1887 1056; x_wconf 81' lang='lat' dir='ltr'><strong>ex-</strong></span> 
     </span>
     <span class='ocr_line' id='line_1_15' title="bbox 124 1071 1891 1136; baseline 0.001 -16"><span class='ocrx_word' id='word_1_137' title='bbox 124 1074 356 1129; x_wconf 84' lang='lat' dir='ltr'><strong>istimaret,</strong></span> <span class='ocrx_word' id='word_1_138' title='bbox 383 1072 618 1119; x_wconf 83' lang='lat' dir='ltr'><strong>hominem</strong></span> <span class='ocrx_word' id='word_1_139' title='bbox 653 1085 907 1136; x_wconf 84' lang='lat' dir='ltr'><strong>potentem,</strong></span> <span class='ocrx_word' id='word_1_140' title='bbox 936 1072 1188 1126; x_wconf 63' lang='lat' dir='ltr'><strong>factiosum,</strong></span> <span class='ocrx_word' id='word_1_141' title='bbox 1208 1077 1248 1118; x_wconf 89' lang='lat'>&amp;</span> <span class='ocrx_word' id='word_1_142' title='bbox 1270 1073 1495 1135; x_wconf 86' lang='lat' dir='ltr'><strong>perfidum</strong></span> <span class='ocrx_word' id='word_1_143' title='bbox 1517 1071 1707 1135; x_wconf 89' lang='lat' dir='ltr'><strong>impune</strong></span> <span class='ocrx_word' id='word_1_144' title='bbox 1732 1074 1891 1123; x_wconf 83' lang='lat' dir='ltr'><strong>dimit-</strong></span> 
     </span>
     <span class='ocr_line' id='line_1_16' title="bbox 125 1136 1891 1201; baseline 0.001 -16"><span class='ocrx_word' id='word_1_145' title='bbox 125 1150 222 1185; x_wconf 85' lang='lat' dir='ltr'><strong>tere</strong></span> <span class='ocrx_word' id='word_1_146' title='bbox 243 1138 537 1189; x_wconf 83' lang='lat' dir='ltr'><strong>incolumem‚</strong></span> <span class='ocrx_word' id='word_1_147' title='bbox 553 1136 822 1199; x_wconf 77' lang='lat' dir='ltr'><strong>aliquidque</strong></span> <span class='ocrx_word' id='word_1_148' title='bbox 843 1137 1047 1185; x_wconf 86' lang='lat' dir='ltr'><strong>tribuere</strong></span> <span class='ocrx_word' id='word_1_149' title='bbox 1060 1136 1251 1200; x_wconf 81' lang='lat' dir='ltr'><strong>Reginae</strong></span> <span class='ocrx_word' id='word_1_150' title='bbox 1267 1137 1478 1200; x_wconf 80' lang='lat' dir='ltr'><strong>precibus</strong></span> <span class='ocrx_word' id='word_1_151' title='bbox 1495 1137 1891 1201; x_wconf 88' lang='lat' dir='ltr'><strong>vellet,optimum</strong></span> 
     </span>
     <span class='ocr_line' id='line_1_17' title="bbox 127 1200 1891 1257; baseline 0 -7"><span class='ocrx_word' id='word_1_152' title='bbox 127 1202 248 1250; x_wconf 61' lang='lat' dir='ltr'><strong>factu</strong></span> <span class='ocrx_word' id='word_1_153' title='bbox 270 1215 471 1257; x_wconf 83' lang='lat' dir='ltr'><strong>ratus,ut</strong></span> <span class='ocrx_word' id='word_1_154' title='bbox 493 1201 648 1248; x_wconf 86' lang='lat' dir='ltr'><strong>vivum</strong></span> <span class='ocrx_word' id='word_1_155' title='bbox 670 1200 717 1249; x_wconf 90' lang='lat' dir='ltr'><strong>in</strong></span> <span class='ocrx_word' id='word_1_156' title='bbox 741 1202 944 1249; x_wconf 84' lang='lat' dir='ltr'><strong>custodia</strong></span> <span class='ocrx_word' id='word_1_157' title='bbox 964 1202 1093 1248; x_wconf 87' lang='lat' dir='ltr'><strong>firma</strong></span> <span class='ocrx_word' id='word_1_158' title='bbox 1112 1200 1341 1248; x_wconf 78' lang='lat' dir='ltr'><strong>retineret.</strong></span> <span class='ocrx_word' id='word_1_159' title='bbox 1393 1200 1598 1256; x_wconf 88' lang='lat' dir='ltr'><strong>Itafore,</strong></span> <span class='ocrx_word' id='word_1_160' title='bbox 1616 1214 1665 1248; x_wconf 89' lang='lat' dir='ltr'><strong>ut</strong></span> <span class='ocrx_word' id='word_1_161' title='bbox 1680 1207 1718 1249; x_wconf 72' lang='grc' dir='ltr'><strong>δε</strong></span> <span class='ocrx_word' id='word_1_162' title='bbox 1743 1202 1822 1250; x_wconf 85' lang='lat' dir='ltr'><strong>fibi</strong></span> <span class='ocrx_word' id='word_1_163' title='bbox 1839 1220 1891 1250; x_wconf 91' lang='lat' dir='ltr'><strong>o-</strong></span> 
     </span>
     <span class='ocr_line' id='line_1_18' title="bbox 126 1265 1964 1329; baseline 0.001 -16"><span class='ocrx_word' id='word_1_164' title='bbox 126 1267 362 1329; x_wconf 87' lang='lat' dir='ltr'><strong>pinionem</strong></span> <span class='ocrx_word' id='word_1_165' title='bbox 381 1269 451 1327; x_wconf 73' lang='lat'><strong>(1)</strong></span> <span class='ocrx_word' id='word_1_166' title='bbox 466 1265 709 1314; x_wconf 87' lang='lat' dir='ltr'><strong>clementia</strong></span> <span class='ocrx_word' id='word_1_167' title='bbox 726 1279 919 1328; x_wconf 84' lang='lat' dir='ltr'><strong>pareret,</strong></span> <span class='ocrx_word' id='word_1_168' title='bbox 936 1266 1059 1313; x_wconf 80' lang='lat' dir='ltr'><strong>&amp;illi</strong></span> <span class='ocrx_word' id='word_1_169' title='bbox 1078 1265 1340 1328; x_wconf 86' lang='lat' dir='ltr'><strong>potestatem</strong></span> <span class='ocrx_word' id='word_1_170' title='bbox 1360 1265 1466 1313; x_wconf 86' lang='lat' dir='ltr'><strong>novi</strong></span> <span class='ocrx_word' id='word_1_171' title='bbox 1490 1266 1665 1312; x_wconf 75' lang='lat' dir='ltr'><strong>sceleris</strong></span> <span class='ocrx_word' id='word_1_172' title='bbox 1683 1266 1894 1328; x_wconf 83' lang='lat' dir='ltr'><strong>patrandi</strong></span> <span class='ocrx_word' id='word_1_173' title='bbox 1962 1326 1964 1328; x_wconf 12' lang='lat' dir='ltr'>V</span> 
     </span>
     <span class='ocr_line' id='line_1_19' title="bbox 128 1329 1892 1394; baseline 0.001 -16"><span class='ocrx_word' id='word_1_174' title='bbox 128 1331 342 1386; x_wconf 86' lang='lat' dir='ltr'><strong>auferret,</strong></span> <span class='ocrx_word' id='word_1_175' title='bbox 366 1336 405 1377; x_wconf 76' lang='grc' dir='ltr'><strong>δε</strong></span> <span class='ocrx_word' id='word_1_176' title='bbox 420 1330 566 1393; x_wconf 86' lang='lat' dir='ltr'><strong>plebis</strong></span> <span class='ocrx_word' id='word_1_177' title='bbox 591 1329 865 1394; x_wconf 88' lang='lat' dir='ltr'><strong>prospiceret</strong></span> <span class='ocrx_word' id='word_1_178' title='bbox 883 1330 1126 1384; x_wconf 86' lang='lat' dir='ltr'><strong>securitati,</strong></span> <span class='ocrx_word' id='word_1_179' title='bbox 1152 1335 1191 1375; x_wconf 78' lang='lat' dir='ltr'><strong>Sc</strong></span> <span class='ocrx_word' id='word_1_180' title='bbox 1213 1330 1426 1392; x_wconf 85' lang='lat' dir='ltr'><strong>exemplo</strong></span> <span class='ocrx_word' id='word_1_181' title='bbox 1446 1329 1676 1386; x_wconf 85' lang='lat' dir='ltr'><strong>licentiam</strong></span> <span class='ocrx_word' id='word_1_182' title='bbox 1697 1331 1892 1379; x_wconf 89' lang='lat' dir='ltr'><strong>aliorum</strong></span> 
     </span>
     <span class='ocr_line' id='line_1_20' title="bbox 126 1393 1895 1458; baseline 0 -15"><span class='ocrx_word' id='word_1_183' title='bbox 126 1395 411 1458; x_wconf 86' lang='lat' dir='ltr'><strong>reprimeret.</strong></span> <span class='ocrx_word' id='word_1_184' title='bbox 456 1395 594 1442; x_wconf 90' lang='lat' dir='ltr'><strong>Illum</strong></span> <span class='ocrx_word' id='word_1_185' title='bbox 618 1395 667 1441; x_wconf 90' lang='lat' dir='ltr'><strong>in</strong></span> <span class='ocrx_word' id='word_1_186' title='bbox 687 1396 1012 1442; x_wconf 89' lang='lat' dir='ltr'><strong>Tentallonem</strong></span> <span class='ocrx_word' id='word_1_187' title='bbox 1037 1393 1195 1447; x_wconf 81' lang='lat' dir='ltr'><strong>mittit,</strong></span> <span class='ocrx_word' id='word_1_188' title='bbox 1220 1407 1411 1442; x_wconf 86' lang='lat' dir='ltr'><strong>matrem</strong></span> <span class='ocrx_word' id='word_1_189' title='bbox 1434 1395 1670 1442; x_wconf 86' lang='lat' dir='ltr'><strong>mulierem</strong></span> <span class='ocrx_word' id='word_1_190' title='bbox 1694 1394 1895 1443; x_wconf 85' lang='lat' dir='ltr'><strong>ferocem</strong></span> 
     </span>
     <span class='ocr_line' id='line_1_21' title="bbox 126 1457 1897 1526; baseline 0.002 -20"><span class='ocrx_word' id='word_1_191' title='bbox 126 1458 177 1506; x_wconf 87' lang='lat' dir='ltr'><strong>in</strong></span> <span class='ocrx_word' id='word_1_192' title='bbox 201 1461 449 1515; x_wconf 86' lang='lat' dir='ltr'><strong>AEmonam</strong></span> <span class='ocrx_word' id='word_1_193' title='bbox 473 1458 664 1507; x_wconf 86' lang='lat' dir='ltr'><strong>insulam</strong></span> <span class='ocrx_word' id='word_1_194' title='bbox 694 1462 882 1526; x_wconf 83' lang='lat' dir='ltr'><strong>relegat,</strong></span> <span class='ocrx_word' id='word_1_195' title='bbox 908 1472 958 1507; x_wconf 90' lang='lat' dir='ltr'><strong>ut</strong></span> <span class='ocrx_word' id='word_1_196' title='bbox 984 1474 1088 1523; x_wconf 79' lang='lat' dir='ltr'><strong>quae</strong></span> <span class='ocrx_word' id='word_1_197' title='bbox 1121 1457 1265 1506; x_wconf 87' lang='lat' dir='ltr'><strong>filium</strong></span> <span class='ocrx_word' id='word_1_198' title='bbox 1297 1458 1485 1507; x_wconf 89' lang='lat' dir='ltr'><strong>subinde</strong></span> <span class='ocrx_word' id='word_1_199' title='bbox 1506 1460 1563 1506; x_wconf 86' lang='lat' dir='ltr'><strong>ad</strong></span> <span class='ocrx_word' id='word_1_200' title='bbox 1593 1474 1712 1506; x_wconf 88' lang='lat' dir='ltr'><strong>nova</strong></span> <span class='ocrx_word' id='word_1_201' title='bbox 1733 1460 1897 1509; x_wconf 84' lang='lat' dir='ltr'><strong>scelera</strong></span> 
     </span>
     <span class='ocr_line' id='line_1_22' title="bbox 124 1523 656 1588; baseline -0.004 -15"><span class='ocrx_word' id='word_1_202' title='bbox 124 1523 351 1588; x_wconf 70' lang='lat' dir='ltr'><strong>impulisse</strong></span> <span class='ocrx_word' id='word_1_203' title='bbox 372 1524 656 1572; x_wconf 87' lang='lat' dir='ltr'><strong>credebatur.</strong></span> 
     </span>
    </p>

    <p class='ocr_par' dir='ltr' id='par_1_3' title="bbox 49 1586 1944 1912">
     <span class='ocr_line' id='line_1_23' title="bbox 204 1586 1899 1651; baseline 0.001 -15"><span class='ocrx_word' id='word_1_204' title='bbox 204 1590 431 1637; x_wconf 82' lang='lat' dir='ltr'><strong>xXXIII.</strong></span> <span class='ocrx_word' id='word_1_205' title='bbox 467 1591 536 1636; x_wconf 81' lang='lat' dir='ltr'><strong>Ita</strong></span> <span class='ocrx_word' id='word_1_206' title='bbox 557 1587 754 1636; x_wconf 86' lang='lat' dir='ltr'><strong>inhibita</strong></span> <span class='ocrx_word' id='word_1_207' title='bbox 776 1587 1027 1636; x_wconf 80' lang='lat' dir='ltr'><strong>&#39;Alexandri</strong></span> <span class='ocrx_word' id='word_1_208' title='bbox 1048 1586 1250 1644; x_wconf 87' lang='lat' dir='ltr'><strong>licentia,</strong></span> <span class='ocrx_word' id='word_1_209' title='bbox 1274 1588 1478 1636; x_wconf 89' lang='lat' dir='ltr'><strong>nondum</strong></span> <span class='ocrx_word' id='word_1_210' title='bbox 1503 1600 1654 1636; x_wconf 87' lang='lat' dir='ltr'><strong>tamen</strong></span> <span class='ocrx_word' id='word_1_211' title='bbox 1674 1588 1722 1637; x_wconf 89' lang='lat' dir='ltr'><strong>in</strong></span> <span class='ocrx_word' id='word_1_212' title='bbox 1745 1589 1899 1651; x_wconf 72' lang='lat' dir='ltr'><strong>regio-</strong></span> 
     </span>
     <span class='ocr_line' id='line_1_24' title="bbox 130 1652 1896 1716; baseline 0 -14"><span class='ocrx_word' id='word_1_213' title='bbox 130 1653 267 1702; x_wconf 75' lang='lat' dir='ltr'><strong>nibus</strong></span> <span class='ocrx_word' id='word_1_214' title='bbox 288 1654 345 1700; x_wconf 88' lang='lat' dir='ltr'><strong>ad</strong></span> <span class='ocrx_word' id='word_1_215' title='bbox 367 1653 693 1716; x_wconf 80' lang='lat' dir='ltr'><strong>septentriones</strong></span> <span class='ocrx_word' id='word_1_216' title='bbox 713 1655 930 1716; x_wconf 72' lang='lat' dir='ltr'><strong>porreffls</strong></span> <span class='ocrx_word' id='word_1_217' title='bbox 947 1670 1016 1700; x_wconf 82' lang='lat' dir='ltr'><strong>res</strong></span> <span class='ocrx_word' id='word_1_218' title='bbox 1038 1652 1229 1700; x_wconf 78' lang='lat' dir='ltr'><strong>omnino</strong></span> <span class='ocrx_word' id='word_1_219' title='bbox 1248 1654 1504 1716; x_wconf 87' lang='lat' dir='ltr'><strong>tranquillae</strong></span> <span class='ocrx_word' id='word_1_220' title='bbox 1526 1654 1725 1702; x_wconf 86' lang='lat' dir='ltr'><strong>fuerunt.</strong></span> <span class='ocrx_word' id='word_1_221' title='bbox 1769 1652 1896 1702; x_wconf 89' lang='lat' dir='ltr'><strong>Nam</strong></span> 
     </span>
     <span class='ocr_line' id='line_1_25' title="bbox 133 1716 1900 1781; baseline 0 -15"><span class='ocrx_word' id='word_1_222' title='bbox 133 1716 176 1766; x_wconf 64' lang='grc'><strong>8(</strong></span> <span class='ocrx_word' id='word_1_223' title='bbox 190 1717 397 1773; x_wconf 88' lang='lat' dir='ltr'><strong>Catanei,</strong></span> <span class='ocrx_word' id='word_1_224' title='bbox 417 1723 456 1766; x_wconf 84' lang='lat'>&amp;</span> <span class='ocrx_word' id='word_1_225' title='bbox 482 1717 764 1773; x_wconf 89' lang='lat' dir='ltr'><strong>Cameronii‚</strong></span> <span class='ocrx_word' id='word_1_226' title='bbox 788 1717 871 1780; x_wconf 85' lang='lat' dir='ltr'><strong>qui</strong></span> <span class='ocrx_word' id='word_1_227' title='bbox 891 1716 1193 1781; x_wconf 91' lang='lat' dir='ltr'><strong>superioribus</strong></span> <span class='ocrx_word' id='word_1_228' title='bbox 1215 1717 1344 1765; x_wconf 89' lang='lat' dir='ltr'><strong>annis</strong></span> <span class='ocrx_word' id='word_1_229' title='bbox 1360 1719 1669 1766; x_wconf 83' lang='lat' dir='ltr'><strong>Alexandrum</strong></span> <span class='ocrx_word' id='word_1_230' title='bbox 1693 1719 1900 1767; x_wconf 87' lang='lat' dir='ltr'><strong>deserue-</strong></span> 
     </span>
     <span class='ocr_line' id='line_1_26' title="bbox 130 1781 1944 1846; baseline 0.001 -16"><span class='ocrx_word' id='word_1_231' title='bbox 130 1794 251 1839; x_wconf 82' lang='lat' dir='ltr'><strong>rant,</strong></span> <span class='ocrx_word' id='word_1_232' title='bbox 274 1795 376 1829; x_wconf 89' lang='lat' dir='ltr'><strong>orto</strong></span> <span class='ocrx_word' id='word_1_233' title='bbox 399 1782 519 1829; x_wconf 88' lang='lat' dir='ltr'><strong>inter</strong></span> <span class='ocrx_word' id='word_1_234' title='bbox 540 1782 658 1846; x_wconf 90' lang='lat' dir='ltr'><strong>ipsos</strong></span> <span class='ocrx_word' id='word_1_235' title='bbox 684 1782 877 1837; x_wconf 84' lang='lat' dir='ltr'><strong>diffidio‚</strong></span> <span class='ocrx_word' id='word_1_236' title='bbox 902 1795 1028 1830; x_wconf 87' lang='lat' dir='ltr'><strong>tanta</strong></span> <span class='ocrx_word' id='word_1_237' title='bbox 1047 1781 1340 1829; x_wconf 88' lang='lat' dir='ltr'><strong>contentione</strong></span> <span class='ocrx_word' id='word_1_238' title='bbox 1368 1782 1643 1839; x_wconf 89' lang='lat' dir='ltr'><strong>animorum,</strong></span> <span class='ocrx_word' id='word_1_239' title='bbox 1669 1790 1709 1832; x_wconf 74' lang='grc' dir='ltr'><strong>δε</strong></span> <span class='ocrx_word' id='word_1_240' title='bbox 1730 1783 1899 1832; x_wconf 83' lang='lat' dir='ltr'><strong>virium</strong></span> <span class='ocrx_word' id='word_1_241' title='bbox 1941 1789 1944 1798; x_wconf 94' lang='grc'><strong>’</strong></span> 
     </span>
     <span class='ocr_line' id='line_1_27' title="bbox 49 1846 1899 1912; baseline 0 -18"><span class='ocrx_word' id='word_1_242' title='bbox 49 1872 51 1874; x_wconf 88' lang='grc'><em>·</em></span> <span class='ocrx_word' id='word_1_243' title='bbox 130 1860 412 1911; x_wconf 79' lang='lat' dir='ltr'><strong>pugnarunt,</strong></span> <span class='ocrx_word' id='word_1_244' title='bbox 440 1859 489 1894; x_wconf 88' lang='lat' dir='ltr'><strong>ut</strong></span> <span class='ocrx_word' id='word_1_245' title='bbox 518 1847 673 1894; x_wconf 87' lang='lat' dir='ltr'><strong>multis</strong></span> <span class='ocrx_word' id='word_1_246' title='bbox 701 1848 1009 1894; x_wconf 80' lang='lat' dir='ltr'><strong>Catane-orum</strong></span> <span class='ocrx_word' id='word_1_247' title='bbox 1038 1846 1290 1900; x_wconf 83' lang='lat' dir='ltr'><strong>trucidatis,</strong></span> <span class='ocrx_word' id='word_1_248' title='bbox 1314 1847 1576 1894; x_wconf 86' lang='lat' dir='ltr'><strong>Cameronii</strong></span> <span class='ocrx_word' id='word_1_249' title='bbox 1603 1864 1718 1912; x_wconf 89' lang='lat' dir='ltr'><strong>pene</strong></span> <span class='ocrx_word' id='word_1_250' title='bbox 1739 1860 1899 1895; x_wconf 77' lang='lat' dir='ltr'><strong>omnes</strong></span> 
     </span>
    </p>

    <p class='ocr_par' dir='ltr' id='par_1_4' title="bbox 102 1911 1990 3202">
     <span class='ocr_line' id='line_1_28' title="bbox 131 1911 1901 1974; baseline -0.001 -15"><span class='ocrx_word' id='word_1_251' title='bbox 131 1911 319 1959; x_wconf 70' lang='lat' dir='ltr'><strong>extincti</strong></span> <span class='ocrx_word' id='word_1_252' title='bbox 339 1911 524 1960; x_wconf 88' lang='lat' dir='ltr'><strong>suerint.</strong></span> <span class='ocrx_word' id='word_1_253' title='bbox 593 1913 645 1959; x_wconf 87' lang='lat' dir='ltr'><strong>In</strong></span> <span class='ocrx_word' id='word_1_254' title='bbox 667 1911 867 1959; x_wconf 83' lang='lat' dir='ltr'><strong>AEbudis</strong></span> <span class='ocrx_word' id='word_1_255' title='bbox 889 1927 1091 1974; x_wconf 92' lang='lat' dir='ltr'><strong>quoque,</strong></span> <span class='ocrx_word' id='word_1_256' title='bbox 1107 1928 1212 1974; x_wconf 86' lang='lat' dir='ltr'><strong>quae</strong></span> <span class='ocrx_word' id='word_1_257' title='bbox 1234 1911 1512 1974; x_wconf 81' lang='lat' dir='ltr'><strong>relegatione</strong></span> <span class='ocrx_word' id='word_1_258' title='bbox 1533 1912 1778 1960; x_wconf 83' lang='lat' dir='ltr'><strong>Alexandri</strong></span> <span class='ocrx_word' id='word_1_259' title='bbox 1795 1911 1901 1974; x_wconf 86' lang='lat' dir='ltr'><strong>qui·</strong></span> 
     </span>
     <span class='ocr_line' id='line_1_29' title="bbox 131 1972 1900 2030; baseline 0.001 -7"><span class='ocrx_word' id='word_1_260' title='bbox 131 1988 274 2023; x_wconf 86' lang='lat' dir='ltr'><strong>eturae</strong></span> <span class='ocrx_word' id='word_1_261' title='bbox 295 1972 584 2030; x_wconf 87' lang='lat' dir='ltr'><strong>videbantur,</strong></span> <span class='ocrx_word' id='word_1_262' title='bbox 608 1992 778 2023; x_wconf 89' lang='lat' dir='ltr'><strong>novum</strong></span> <span class='ocrx_word' id='word_1_263' title='bbox 814 1976 1031 2023; x_wconf 87' lang='lat' dir='ltr'><strong>excitavit</strong></span> <span class='ocrx_word' id='word_1_264' title='bbox 1069 1989 1244 2023; x_wconf 89' lang='lat' dir='ltr'><strong>motum</strong></span> <span class='ocrx_word' id='word_1_265' title='bbox 1268 1976 1509 2022; x_wconf 87' lang='lat' dir='ltr'><strong>Donaldus</strong></span> <span class='ocrx_word' id='word_1_266' title='bbox 1532 1977 1756 2024; x_wconf 87' lang='lat' dir='ltr'><strong>Balochus</strong></span> <span class='ocrx_word' id='word_1_267' title='bbox 1789 1978 1900 2024; x_wconf 69' lang='lat' dir='ltr'><strong>Alea-</strong></span> 
     </span>
     <span class='ocr_line' id='line_1_30' title="bbox 135 2038 1978 2104; baseline 0 -16"><span class='ocrx_word' id='word_1_268' title='bbox 135 2040 298 2088; x_wconf 75' lang='lat' dir='ltr'><strong>xandri</strong></span> <span class='ocrx_word' id='word_1_269' title='bbox 320 2040 715 2104; x_wconf 80' lang='lat' dir='ltr'><strong>frater·patruelis‚</strong></span> <span class='ocrx_word' id='word_1_270' title='bbox 734 2042 861 2088; x_wconf 82' lang='lat' dir='ltr'><strong>velut</strong></span> <span class='ocrx_word' id='word_1_271' title='bbox 883 2040 1094 2102; x_wconf 87' lang='lat' dir='ltr'><strong>injuriam</strong></span> <span class='ocrx_word' id='word_1_272' title='bbox 1118 2040 1380 2103; x_wconf 74' lang='lat' dir='ltr'><strong>propinqu‘b</strong></span> <span class='ocrx_word' id='word_1_273' title='bbox 1401 2038 1574 2088; x_wconf 85' lang='lat' dir='ltr'><strong>illatam</strong></span> <span class='ocrx_word' id='word_1_274' title='bbox 1601 2042 1791 2096; x_wconf 86' lang='lat' dir='ltr'><strong>ulturus.</strong></span> <span class='ocrx_word' id='word_1_275' title='bbox 1825 2040 1904 2089; x_wconf 86' lang='lat' dir='ltr'><strong>Ad</strong></span> <span class='ocrx_word' id='word_1_276' title='bbox 1975 2040 1978 2043; x_wconf 68' lang='grc'><em>’</em></span> 
     </span>
     <span class='ocr_line' id='line_1_31' title="bbox 133 2105 1904 2168; baseline 0.001 -16"><span class='ocrx_word' id='word_1_277' title='bbox 133 2105 260 2152; x_wconf 84' lang='lat' dir='ltr'><strong>hunc</strong></span> <span class='ocrx_word' id='word_1_278' title='bbox 281 2107 532 2153; x_wconf 82' lang='lat' dir='ltr'><strong>tumultum</strong></span> <span class='ocrx_word' id='word_1_279' title='bbox 555 2105 954 2168; x_wconf 87' lang='lat' dir='ltr'><strong>comprimendum</strong></span> <span class='ocrx_word' id='word_1_280' title='bbox 980 2106 1050 2167; x_wconf 89' lang='lat'><strong>(2)</strong></span> <span class='ocrx_word' id='word_1_281' title='bbox 1077 2105 1355 2160; x_wconf 84' lang='lat' dir='ltr'><strong>Alexander,</strong></span> <span class='ocrx_word' id='word_1_282' title='bbox 1373 2109 1411 2151; x_wconf 77' lang='grc' dir='ltr'><strong>δε</strong></span> <span class='ocrx_word' id='word_1_283' title='bbox 1429 2105 1600 2153; x_wconf 87' lang='lat' dir='ltr'><strong>Alanus</strong></span> <span class='ocrx_word' id='word_1_284' title='bbox 1626 2106 1810 2160; x_wconf 84' lang='lat' dir='ltr'><strong>Stuarti‚</strong></span> <span class='ocrx_word' id='word_1_285' title='bbox 1827 2106 1904 2154; x_wconf 90' lang='lat' dir='ltr'><strong>hic</strong></span> 
     </span>
     <span class='ocr_line' id='line_1_32' title="bbox 137 2169 1965 2233; baseline 0.001 -16"><span class='ocrx_word' id='word_1_286' title='bbox 137 2170 436 2223; x_wconf 81' lang='lat' dir='ltr'><strong>Cathanefiae‚</strong></span> <span class='ocrx_word' id='word_1_287' title='bbox 452 2170 530 2217; x_wconf 90' lang='lat' dir='ltr'><strong>ille</strong></span> <span class='ocrx_word' id='word_1_288' title='bbox 544 2170 731 2218; x_wconf 84' lang='lat' dir='ltr'><strong>Marriae</strong></span> <span class='ocrx_word' id='word_1_289' title='bbox 747 2172 935 2225; x_wconf 88' lang='lat' dir='ltr'><strong>Comes,</strong></span> <span class='ocrx_word' id='word_1_290' title='bbox 958 2172 1113 2217; x_wconf 61' lang='lat' dir='ltr'><strong>coatia</strong></span> <span class='ocrx_word' id='word_1_291' title='bbox 1132 2169 1424 2233; x_wconf 88' lang='lat' dir='ltr'><strong>popularium</strong></span> <span class='ocrx_word' id='word_1_292' title='bbox 1443 2183 1582 2218; x_wconf 87' lang='lat' dir='ltr'><strong>manu</strong></span> <span class='ocrx_word' id='word_1_293' title='bbox 1603 2169 1786 2218; x_wconf 89' lang='lat' dir='ltr'><strong>obviam</strong></span> <span class='ocrx_word' id='word_1_294' title='bbox 1803 2171 1923 2218; x_wconf 43' lang='lat' dir='ltr'><strong>Do?</strong></span> <span class='ocrx_word' id='word_1_295' title='bbox 1964 2190 1965 2193; x_wconf 45' lang='lat'>¹</span> 
     </span>
     <span class='ocr_line' id='line_1_33' title="bbox 138 2233 1907 2298; baseline 0.001 -16"><span class='ocrx_word' id='word_1_296' title='bbox 138 2234 278 2282; x_wconf 84' lang='lat' dir='ltr'><strong>naldo</strong></span> <span class='ocrx_word' id='word_1_297' title='bbox 300 2233 346 2282; x_wconf 89' lang='lat' dir='ltr'><strong>in</strong></span> <span class='ocrx_word' id='word_1_298' title='bbox 369 2235 559 2283; x_wconf 83' lang='lat' dir='ltr'><strong>Abriam</strong></span> <span class='ocrx_word' id='word_1_299' title='bbox 587 2236 689 2295; x_wconf 87' lang='lat' dir='ltr'><strong>(ubi</strong></span> <span class='ocrx_word' id='word_1_300' title='bbox 710 2234 1019 2282; x_wconf 78' lang='lat' dir='ltr'><strong>exscensurum</strong></span> <span class='ocrx_word' id='word_1_301' title='bbox 1043 2235 1165 2281; x_wconf 89' lang='lat' dir='ltr'><strong>fama</strong></span> <span class='ocrx_word' id='word_1_302' title='bbox 1187 2236 1302 2294; x_wconf 86' lang='lat' dir='ltr'><strong>erat)</strong></span> <span class='ocrx_word' id='word_1_303' title='bbox 1326 2233 1519 2296; x_wconf 73' lang='lat' dir='ltr'><strong>profeffi</strong></span> <span class='ocrx_word' id='word_1_304' title='bbox 1541 2237 1784 2282; x_wconf 86' lang='lat' dir='ltr'><strong>adventurn</strong></span> <span class='ocrx_word' id='word_1_305' title='bbox 1808 2236 1907 2298; x_wconf 75' lang='lat' dir='ltr'><strong>ejus</strong></span> 
     </span>
     <span class='ocr_line' id='line_1_34' title="bbox 135 2299 1907 2362; baseline 0.001 -17"><span class='ocrx_word' id='word_1_306' title='bbox 135 2299 529 2362; x_wconf 80' lang='lat' dir='ltr'><strong>praestolabantur.·</strong></span> <span class='ocrx_word' id='word_1_307' title='bbox 593 2301 696 2355; x_wconf 88' lang='lat' dir='ltr'><strong>Ille,</strong></span> <span class='ocrx_word' id='word_1_308' title='bbox 716 2301 821 2348; x_wconf 67' lang='lat' dir='ltr'><strong>cum</strong></span> <span class='ocrx_word' id='word_1_309' title='bbox 843 2308 919 2346; x_wconf 84' lang='lat' dir='ltr'><strong>eos</strong></span> <span class='ocrx_word' id='word_1_310' title='bbox 941 2299 1283 2360; x_wconf 67' lang='lat' dir='ltr'><strong>incompositos,</strong></span> <span class='ocrx_word' id='word_1_311' title='bbox 1303 2299 1393 2345; x_wconf 87' lang='lat' dir='ltr'><strong>fine</strong></span> <span class='ocrx_word' id='word_1_312' title='bbox 1408 2299 1572 2355; x_wconf 83' lang='lat' dir='ltr'><strong>castris,</strong></span> <span class='ocrx_word' id='word_1_313' title='bbox 1593 2301 1686 2347; x_wconf 84' lang='lat' dir='ltr'><strong>fine</strong></span> <span class='ocrx_word' id='word_1_314' title='bbox 1701 2300 1907 2348; x_wconf 81' lang='lat' dir='ltr'><strong>excubiis</strong></span> 
     </span>
     <span class='ocr_line' id='line_1_35' title="bbox 137 2361 1977 2428; baseline 0 -17"><span class='ocrx_word' id='word_1_315' title='bbox 137 2379 273 2426; x_wconf 82' lang='lat' dir='ltr'><strong>agere</strong></span> <span class='ocrx_word' id='word_1_316' title='bbox 306 2364 608 2427; x_wconf 78' lang='lat' dir='ltr'><strong>comperisset,</strong></span> <span class='ocrx_word' id='word_1_317' title='bbox 633 2365 689 2410; x_wconf 93' lang='lat' dir='ltr'><strong>de</strong></span> <span class='ocrx_word' id='word_1_318' title='bbox 712 2377 874 2427; x_wconf 81' lang='lat' dir='ltr'><strong>quarta</strong></span> <span class='ocrx_word' id='word_1_319' title='bbox 892 2363 1056 2428; x_wconf 86' lang='lat' dir='ltr'><strong>vigilia</strong></span> <span class='ocrx_word' id='word_1_320' title='bbox 1077 2363 1162 2409; x_wconf 88' lang='lat' dir='ltr'><strong>suis</strong></span> <span class='ocrx_word' id='word_1_321' title='bbox 1201 2363 1290 2411; x_wconf 86' lang='lat' dir='ltr'><strong>fine</strong></span> <span class='ocrx_word' id='word_1_322' title='bbox 1311 2364 1512 2410; x_wconf 89' lang='lat' dir='ltr'><strong>tumultu</strong></span> <span class='ocrx_word' id='word_1_323' title='bbox 1534 2361 1745 2426; x_wconf 76' lang='lat' dir='ltr'><strong>expositis</strong></span> <span class='ocrx_word' id='word_1_324' title='bbox 1762 2380 1908 2414; x_wconf 67' lang='lat' dir='ltr'><strong>,neco-</strong></span> <span class='ocrx_word' id='word_1_325' title='bbox 1974 2378 1977 2382; x_wconf 90' lang='grc'><strong><em>·</em></strong></span> 
     </span>
     <span class='ocr_line' id='line_1_36' title="bbox 139 2426 1962 2494; baseline 0.002 -21"><span class='ocrx_word' id='word_1_326' title='bbox 139 2427 368 2490; x_wconf 87' lang='lat' dir='ltr'><strong>pinantes,</strong></span> <span class='ocrx_word' id='word_1_327' title='bbox 394 2434 432 2474; x_wconf 86' lang='lat'>&amp;</span> <span class='ocrx_word' id='word_1_328' title='bbox 452 2428 737 2476; x_wconf 88' lang='lat' dir='ltr'><strong>semisomnes</strong></span> <span class='ocrx_word' id='word_1_329' title='bbox 760 2429 986 2494; x_wconf 75' lang='lat' dir='ltr'><strong>aggressus</strong></span> <span class='ocrx_word' id='word_1_330' title='bbox 1009 2444 1223 2492; x_wconf 89' lang='lat' dir='ltr'><strong>magnam</strong></span> <span class='ocrx_word' id='word_1_331' title='bbox 1247 2429 1434 2490; x_wconf 87' lang='lat' dir='ltr'><strong>stragem</strong></span> <span class='ocrx_word' id='word_1_332' title='bbox 1457 2426 1618 2475; x_wconf 86' lang='lat' dir='ltr'><strong>edidit.</strong></span> <span class='ocrx_word' id='word_1_333' title='bbox 1686 2429 1824 2477; x_wconf 76' lang='lat' dir='ltr'><strong>Periit</strong></span> <span class='ocrx_word' id='word_1_334' title='bbox 1840 2427 1909 2476; x_wconf 87' lang='lat' dir='ltr'><strong>ibi</strong></span> <span class='ocrx_word' id='word_1_335' title='bbox 1958 2454 1962 2463; x_wconf 72' lang='grc'><strong>»</strong></span> 
     </span>
     <span class='ocr_line' id='line_1_37' title="bbox 141 2491 1949 2557; baseline 0.001 -19"><span class='ocrx_word' id='word_1_336' title='bbox 141 2491 319 2548; x_wconf 82' lang='lat' dir='ltr'><strong>Alanus</strong></span> <span class='ocrx_word' id='word_1_337' title='bbox 340 2509 445 2540; x_wconf 89' lang='lat' dir='ltr'><strong>curn</strong></span> <span class='ocrx_word' id='word_1_338' title='bbox 481 2492 568 2539; x_wconf 89' lang='lat' dir='ltr'><strong>suis</strong></span> <span class='ocrx_word' id='word_1_339' title='bbox 591 2493 684 2540; x_wconf 90' lang='lat' dir='ltr'><strong>fere</strong></span> <span class='ocrx_word' id='word_1_340' title='bbox 704 2493 946 2554; x_wconf 66' lang='lat' dir='ltr'><strong>omuibus⁸⁴</strong></span> <span class='ocrx_word' id='word_1_341' title='bbox 1002 2492 1264 2540; x_wconf 83' lang='lat' dir='ltr'><strong>Alexander</strong></span> <span class='ocrx_word' id='word_1_342' title='bbox 1291 2491 1470 2554; x_wconf 84' lang='lat' dir='ltr'><strong>trepida</strong></span> <span class='ocrx_word' id='word_1_343' title='bbox 1492 2492 1603 2557; x_wconf 82' lang='lat' dir='ltr'><strong>fuga</strong></span> <span class='ocrx_word' id='word_1_344' title='bbox 1627 2508 1732 2543; x_wconf 87' lang='lat' dir='ltr'><strong>cum</strong></span> <span class='ocrx_word' id='word_1_345' title='bbox 1753 2492 1909 2556; x_wconf 88' lang='lat' dir='ltr'><strong>paucis</strong></span> <span class='ocrx_word' id='word_1_346' title='bbox 1942 2529 1949 2533; x_wconf 82' lang='lat'>-</span> 
     </span>
     <span class='ocr_line' id='line_1_38' title="bbox 141 2555 1911 2613; baseline 0.002 -11"><span class='ocrx_word' id='word_1_347' title='bbox 141 2555 297 2607; x_wconf 73' lang='lat' dir='ltr'><strong>evasit.</strong></span> <span class='ocrx_word' id='word_1_348' title='bbox 351 2557 461 2604; x_wconf 91' lang='lat' dir='ltr'><strong>Hoc</strong></span> <span class='ocrx_word' id='word_1_349' title='bbox 482 2558 674 2604; x_wconf 79' lang='lat' dir='ltr'><strong>successu</strong></span> <span class='ocrx_word' id='word_1_350' title='bbox 696 2558 939 2605; x_wconf 76' lang='lat' dir='ltr'><strong>Donaldus</strong></span> <span class='ocrx_word' id='word_1_351' title='bbox 962 2556 1158 2605; x_wconf 86' lang='lat' dir='ltr'><strong>ferocior</strong></span> <span class='ocrx_word' id='word_1_352' title='bbox 1175 2569 1317 2604; x_wconf 86' lang='lat' dir='ltr'><strong>totam</strong></span> <span class='ocrx_word' id='word_1_353' title='bbox 1338 2555 1548 2613; x_wconf 84' lang='lat' dir='ltr'><strong>Abriam,</strong></span> <span class='ocrx_word' id='word_1_354' title='bbox 1569 2559 1697 2605; x_wconf 91' lang='lat' dir='ltr'><strong>nullo</strong></span> <span class='ocrx_word' id='word_1_355' title='bbox 1718 2559 1911 2605; x_wconf 74' lang='lat' dir='ltr'><strong>resistere</strong></span> 
     </span>
     <span class='ocr_line' id='line_1_39' title="bbox 142 2620 1941 2686; baseline 0.002 -20"><span class='ocrx_word' id='word_1_356' title='bbox 142 2620 249 2667; x_wconf 87' lang='lat' dir='ltr'><strong>auso</strong></span> <span class='ocrx_word' id='word_1_357' title='bbox 271 2621 690 2685; x_wconf 68' lang='lat' dir='ltr'><strong>serro,flarnm5que</strong></span> <span class='ocrx_word' id='word_1_358' title='bbox 708 2623 799 2669; x_wconf 74' lang='lat' dir='ltr'><strong>late</strong></span> <span class='ocrx_word' id='word_1_359' title='bbox 818 2621 1101 2685; x_wconf 84' lang='lat' dir='ltr'><strong>pervastavit.</strong></span> <span class='ocrx_word' id='word_1_360' title='bbox 1126 2622 1213 2668; x_wconf 87' lang='lat' dir='ltr'><strong>Sed</strong></span> <span class='ocrx_word' id='word_1_361' title='bbox 1237 2620 1393 2668; x_wconf 85' lang='lat' dir='ltr'><strong>audito</strong></span> <span class='ocrx_word' id='word_1_362' title='bbox 1415 2620 1591 2686; x_wconf 81' lang='lat' dir='ltr'><strong>Regem</strong></span> <span class='ocrx_word' id='word_1_363' title='bbox 1616 2621 1941 2686; x_wconf 44' lang='lat' dir='ltr'><strong>majoreink4</strong></span> 
     </span>
     <span class='ocr_line' id='line_1_40' title="bbox 143 2686 1984 2750; baseline 0 -17"><span class='ocrx_word' id='word_1_364' title='bbox 143 2697 363 2747; x_wconf 84' lang='lat' dir='ltr'><strong>apparatu</strong></span> <span class='ocrx_word' id='word_1_365' title='bbox 384 2686 558 2741; x_wconf 82' lang='lat' dir='ltr'><strong>venire,</strong></span> <span class='ocrx_word' id='word_1_366' title='bbox 582 2688 736 2749; x_wconf 80' lang='lat' dir='ltr'><strong>praeda</strong></span> <span class='ocrx_word' id='word_1_367' title='bbox 759 2686 1027 2750; x_wconf 83' lang='lat' dir='ltr'><strong>ampliffima</strong></span> <span class='ocrx_word' id='word_1_368' title='bbox 1054 2686 1102 2732; x_wconf 88' lang='lat' dir='ltr'><strong>in</strong></span> <span class='ocrx_word' id='word_1_369' title='bbox 1125 2703 1260 2733; x_wconf 89' lang='lat' dir='ltr'><strong>naves</strong></span> <span class='ocrx_word' id='word_1_370' title='bbox 1278 2686 1503 2748; x_wconf 82' lang='lat' dir='ltr'><strong>congesta,</strong></span> <span class='ocrx_word' id='word_1_371' title='bbox 1528 2686 1575 2733; x_wconf 92' lang='lat' dir='ltr'><strong>in</strong></span> <span class='ocrx_word' id='word_1_372' title='bbox 1608 2686 1818 2735; x_wconf 78' lang='lat' dir='ltr'><strong>AEbudas</strong></span> <span class='ocrx_word' id='word_1_373' title='bbox 1839 2686 1984 2749; x_wconf 34' lang='lat' dir='ltr'><strong>rest-*²</strong></span> 
     </span>
     <span class='ocr_line' id='line_1_41' title="bbox 147 2748 1990 2814; baseline 0.002 -19"><span class='ocrx_word' id='word_1_374' title='bbox 147 2748 253 2796; x_wconf 88' lang='lat' dir='ltr'><strong>diit.</strong></span> <span class='ocrx_word' id='word_1_375' title='bbox 318 2751 422 2798; x_wconf 84' lang='lat' dir='ltr'><strong>Rex</strong></span> <span class='ocrx_word' id='word_1_376' title='bbox 440 2751 498 2798; x_wconf 86' lang='lat' dir='ltr'><strong>ad</strong></span> <span class='ocrx_word' id='word_1_377' title='bbox 529 2752 936 2814; x_wconf 78' lang='lat' dir='ltr'><strong>Stephanodunum</strong></span> <span class='ocrx_word' id='word_1_378' title='bbox 956 2752 1209 2814; x_wconf 82' lang='lat' dir='ltr'><strong>progressus</strong></span> <span class='ocrx_word' id='word_1_379' title='bbox 1231 2750 1542 2814; x_wconf 80' lang='lat' dir='ltr'><strong>populationis</strong></span> <span class='ocrx_word' id='word_1_380' title='bbox 1564 2750 1812 2798; x_wconf 82' lang='lat' dir='ltr'><strong>foediffimae</strong></span> <span class='ocrx_word' id='word_1_381' title='bbox 1833 2752 1947 2798; x_wconf 52' lang='lat' dir='ltr'><strong>ves</strong></span> <span class='ocrx_word' id='word_1_382' title='bbox 1985 2802 1990 2808; x_wconf 59' lang='grc'><strong>,</strong></span> 
     </span>
     <span class='ocr_line' id='line_1_42' title="bbox 145 2812 1915 2881; baseline 0.002 -22"><span class='ocrx_word' id='word_1_383' title='bbox 145 2813 279 2876; x_wconf 78' lang='lat' dir='ltr'><strong>stigia</strong></span> <span class='ocrx_word' id='word_1_384' title='bbox 292 2815 592 2877; x_wconf 88' lang='lat' dir='ltr'><strong>conspicatus,</strong></span> <span class='ocrx_word' id='word_1_385' title='bbox 614 2814 948 2881; x_wconf 74' lang='lat' dir='ltr'><strong>ingentemque</strong></span> <span class='ocrx_word' id='word_1_386' title='bbox 965 2812 1136 2862; x_wconf 69' lang='lat' dir='ltr'><strong>irarum</strong></span> <span class='ocrx_word' id='word_1_387' title='bbox 1162 2815 1330 2861; x_wconf 89' lang='lat' dir='ltr'><strong>molem</strong></span> <span class='ocrx_word' id='word_1_388' title='bbox 1353 2813 1399 2860; x_wconf 91' lang='lat' dir='ltr'><strong>in</strong></span> <span class='ocrx_word' id='word_1_389' title='bbox 1420 2814 1573 2863; x_wconf 88' lang='lat' dir='ltr'><strong>animo</strong></span> <span class='ocrx_word' id='word_1_390' title='bbox 1591 2814 1785 2870; x_wconf 83' lang='lat' dir='ltr'><strong>versans,</strong></span> <span class='ocrx_word' id='word_1_391' title='bbox 1807 2815 1915 2862; x_wconf 74' lang='lat' dir='ltr'><strong>cum</strong></span> 
     </span>
     <span class='ocr_line' id='line_1_43' title="bbox 141 2876 1983 2942; baseline 0 -18"><span class='ocrx_word' id='word_1_392' title='bbox 141 2876 238 2939; x_wconf 82' lang='lat' dir='ltr'><strong>jam</strong></span> <span class='ocrx_word' id='word_1_393' title='bbox 261 2879 523 2939; x_wconf 69' lang='lat' dir='ltr'><strong>trajeEturus</strong></span> <span class='ocrx_word' id='word_1_394' title='bbox 545 2880 592 2927; x_wconf 92' lang='lat' dir='ltr'><strong>in</strong></span> <span class='ocrx_word' id='word_1_395' title='bbox 623 2880 787 2928; x_wconf 86' lang='lat' dir='ltr'><strong>insulas</strong></span> <span class='ocrx_word' id='word_1_396' title='bbox 810 2879 946 2936; x_wconf 87' lang='lat' dir='ltr'><strong>foret,</strong></span> <span class='ocrx_word' id='word_1_397' title='bbox 971 2879 1247 2927; x_wconf 84' lang='lat' dir='ltr'><strong>familiarum</strong></span> <span class='ocrx_word' id='word_1_398' title='bbox 1269 2877 1496 2942; x_wconf 88' lang='lat' dir='ltr'><strong>principes</strong></span> <span class='ocrx_word' id='word_1_399' title='bbox 1526 2879 1584 2926; x_wconf 90' lang='lat' dir='ltr'><strong>ad</strong></span> <span class='ocrx_word' id='word_1_400' title='bbox 1613 2895 1715 2926; x_wconf 89' lang='lat' dir='ltr'><strong>eum</strong></span> <span class='ocrx_word' id='word_1_401' title='bbox 1740 2878 1916 2942; x_wconf 88' lang='lat' dir='ltr'><strong>suppli·</strong></span> <span class='ocrx_word' id='word_1_402' title='bbox 1971 2877 1983 2934; x_wconf 56' lang='lat' dir='ltr'><em>s</em></span> 
     </span>
     <span class='ocr_line' id='line_1_44' title="bbox 147 2940 1911 3010; baseline 0.002 -23"><span class='ocrx_word' id='word_1_403' title='bbox 147 2956 224 2988; x_wconf 85' lang='lat' dir='ltr'><strong>ces</strong></span> <span class='ocrx_word' id='word_1_404' title='bbox 245 2957 482 3000; x_wconf 85' lang='lat' dir='ltr'><strong>venerunt,</strong></span> <span class='ocrx_word' id='word_1_405' title='bbox 512 2958 730 3009; x_wconf 87' lang='lat' dir='ltr'><strong>negantes</strong></span> <span class='ocrx_word' id='word_1_406' title='bbox 761 2944 1011 3010; x_wconf 88' lang='lat' dir='ltr'><strong>quicquam</strong></span> <span class='ocrx_word' id='word_1_407' title='bbox 1033 2943 1227 3002; x_wconf 22' lang='lat' dir='ltr'><strong>consilio,</strong></span> <span class='ocrx_word' id='word_1_408' title='bbox 1242 2940 1430 3006; x_wconf 85' lang='lat' dir='ltr'><strong>publico</strong></span> <span class='ocrx_word' id='word_1_409' title='bbox 1451 2946 1616 2992; x_wconf 68' lang='lat' dir='ltr'><strong>aetum.</strong></span> <span class='ocrx_word' id='word_1_410' title='bbox 1643 2941 1824 3006; x_wconf 85' lang='lat' dir='ltr'><strong>culpam</strong></span> <span class='ocrx_word' id='word_1_411' title='bbox 1860 2943 1911 2991; x_wconf 88' lang='lat' dir='ltr'><strong>in</strong></span> 
     </span>
     <span class='ocr_line' id='line_1_45' title="bbox 150 3005 1914 3073; baseline 0.003 -22"><span class='ocrx_word' id='word_1_412' title='bbox 150 3005 482 3070; x_wconf 84' lang='lat' dir='ltr'><strong>Alexandrum,</strong></span> <span class='ocrx_word' id='word_1_413' title='bbox 513 3010 809 3073; x_wconf 88' lang='lat' dir='ltr'><strong>hominesque</strong></span> <span class='ocrx_word' id='word_1_414' title='bbox 838 3021 1044 3073; x_wconf 78' lang='lat' dir='ltr'><strong>egentes,</strong></span> <span class='ocrx_word' id='word_1_415' title='bbox 1066 3013 1114 3057; x_wconf 77' lang='grc' dir='ltr'><strong>,δε</strong></span> <span class='ocrx_word' id='word_1_416' title='bbox 1136 3005 1408 3054; x_wconf 83' lang='lat' dir='ltr'><strong>facinorosos</strong></span> <span class='ocrx_word' id='word_1_417' title='bbox 1428 3008 1757 3057; x_wconf 51' lang='lat' dir='ltr'><strong>conferebant.»</strong></span> <span class='ocrx_word' id='word_1_418' title='bbox 1810 3007 1914 3056; x_wconf 81' lang='lat' dir='ltr'><strong>Rex</strong></span> 
     </span>
     <span class='ocr_line' id='line_1_46' title="bbox 149 3068 1923 3138; baseline 0.003 -23"><span class='ocrx_word' id='word_1_419' title='bbox 149 3068 218 3116; x_wconf 84' lang='lat' dir='ltr'><strong>ita</strong></span> <span class='ocrx_word' id='word_1_420' title='bbox 237 3069 423 3119; x_wconf 89' lang='lat' dir='ltr'><strong>demum</strong></span> <span class='ocrx_word' id='word_1_421' title='bbox 443 3072 486 3120; x_wconf 88' lang='lat' dir='ltr'><strong>se</strong></span> <span class='ocrx_word' id='word_1_422' title='bbox 517 3074 637 3121; x_wconf 87' lang='lat' dir='ltr'><strong>hanc</strong></span> <span class='ocrx_word' id='word_1_423' title='bbox 665 3074 986 3138; x_wconf 84' lang='lat' dir='ltr'><strong>purgationem</strong></span> <span class='ocrx_word' id='word_1_424' title='bbox 1009 3071 1301 3120; x_wconf 76' lang='lat' dir='ltr'><strong>admissurum</strong></span> <span class='ocrx_word' id='word_1_425' title='bbox 1334 3071 1580 3134; x_wconf 83' lang='lat' dir='ltr'><strong>respondit,</strong></span> <span class='ocrx_word' id='word_1_426' title='bbox 1612 3072 1644 3119; x_wconf 84' lang='lat' dir='ltr'>fi</span> <span class='ocrx_word' id='word_1_427' title='bbox 1676 3072 1923 3120; x_wconf 88' lang='lat' dir='ltr'><strong>sceleratos·</strong></span> 
     </span>
     <span class='ocr_line' id='line_1_47' title="bbox 102 3134 1949 3202; baseline 0.002 -22"><span class='ocrx_word' id='word_1_428' title='bbox 102 3168 104 3172; x_wconf 80' lang='lat'>·</span> <span class='ocrx_word' id='word_1_429' title='bbox 150 3134 498 3197; x_wconf 78' lang='lat' dir='ltr'><strong>comprehensos</strong></span> <span class='ocrx_word' id='word_1_430' title='bbox 519 3138 600 3184; x_wconf 86' lang='lat' dir='ltr'><strong>fibi</strong></span> <span class='ocrx_word' id='word_1_431' title='bbox 622 3139 678 3186; x_wconf 89' lang='lat' dir='ltr'><strong>ad</strong></span> <span class='ocrx_word' id='word_1_432' title='bbox 701 3137 972 3202; x_wconf 88' lang='lat' dir='ltr'><strong>supplicium</strong></span> <span class='ocrx_word' id='word_1_433' title='bbox 994 3137 1239 3184; x_wconf 84' lang='lat' dir='ltr'><strong>traderent.</strong></span> <span class='ocrx_word' id='word_1_434' title='bbox 1260 3164 1262 3166; x_wconf 33' lang='lat' dir='ltr'>v</span> <span class='ocrx_word' id='word_1_435' title='bbox 1291 3135 1365 3182; x_wconf 90' lang='lat' dir='ltr'><strong>Ad</strong></span> <span class='ocrx_word' id='word_1_436' title='bbox 1388 3136 1436 3183; x_wconf 88' lang='lat' dir='ltr'><strong>id</strong></span> <span class='ocrx_word' id='word_1_437' title='bbox 1458 3153 1561 3184; x_wconf 91' lang='lat' dir='ltr'><strong>cum</strong></span> <span class='ocrx_word' id='word_1_438' title='bbox 1585 3136 1710 3184; x_wconf 77' lang='lat' dir='ltr'><strong>suam</strong></span> <span class='ocrx_word' id='word_1_439' title='bbox 1729 3143 1915 3199; x_wconf 82' lang='lat' dir='ltr'><strong>operam‘</strong></span> <span class='ocrx_word' id='word_1_440' title='bbox 1946 3191 1949 3193; x_wconf 6' lang='grc' dir='ltr'>μ</span> 
     </span>
    </p>

    <p class='ocr_par' dir='ltr' id='par_1_5' title="bbox 153 3197 1916 3264">
     <span class='ocr_line' id='line_1_48' title="bbox 153 3197 1916 3264; baseline 0.002 -20"><span class='ocrx_word' id='word_1_441' title='bbox 153 3197 496 3260; x_wconf 83' lang='lat' dir='ltr'><strong>pollicerentur,</strong></span> <span class='ocrx_word' id='word_1_442' title='bbox 521 3215 696 3264; x_wconf 87' lang='lat' dir='ltr'><strong>partem</strong></span> <span class='ocrx_word' id='word_1_443' title='bbox 717 3218 875 3250; x_wconf 88' lang='lat' dir='ltr'><strong>eorum</strong></span> <span class='ocrx_word' id='word_1_444' title='bbox 911 3203 970 3248; x_wconf 90' lang='lat' dir='ltr'><strong>ad</strong></span> <span class='ocrx_word' id='word_1_445' title='bbox 997 3202 1195 3248; x_wconf 89' lang='lat' dir='ltr'><strong>latrones</strong></span> <span class='ocrx_word' id='word_1_446' title='bbox 1216 3199 1553 3262; x_wconf 81' lang='lat' dir='ltr'><strong>conquirendos</strong></span> <span class='ocrx_word' id='word_1_447' title='bbox 1575 3200 1775 3259; x_wconf 79' lang='lat' dir='ltr'><strong>dimisit:</strong></span> <span class='ocrx_word' id='word_1_448' title='bbox 1810 3201 1916 3248; x_wconf 87' lang='lat' dir='ltr'><strong>reli-</strong></span> 
     </span>
    </p>

    <p class='ocr_par' dir='ltr' id='par_1_6' title="bbox 143 3262 1918 3394">
     <span class='ocr_line' id='line_1_49' title="bbox 153 3262 1918 3329; baseline 0.001 -21"><span class='ocrx_word' id='word_1_449' title='bbox 153 3277 274 3324; x_wconf 82' lang='lat' dir='ltr'><strong>quos</strong></span> <span class='ocrx_word' id='word_1_450' title='bbox 289 3262 495 3324; x_wconf 76' lang='lat' dir='ltr'><strong>obsidum</strong></span> <span class='ocrx_word' id='word_1_451' title='bbox 518 3265 622 3312; x_wconf 91' lang='lat' dir='ltr'><strong>loco</strong></span> <span class='ocrx_word' id='word_1_452' title='bbox 640 3267 761 3329; x_wconf 87' lang='lat' dir='ltr'><strong>apud</strong></span> <span class='ocrx_word' id='word_1_453' title='bbox 779 3265 820 3313; x_wconf 90' lang='lat' dir='ltr'><strong>se</strong></span> <span class='ocrx_word' id='word_1_454' title='bbox 838 3265 1041 3313; x_wconf 88' lang='lat' dir='ltr'><strong>retinuit.</strong></span> <span class='ocrx_word' id='word_1_455' title='bbox 1110 3262 1204 3328; x_wconf 83' lang='lat' dir='ltr'><strong>Qi</strong></span> <span class='ocrx_word' id='word_1_456' title='bbox 1228 3263 1387 3327; x_wconf 77' lang='lat' dir='ltr'><strong>remiffi</strong></span> <span class='ocrx_word' id='word_1_457' title='bbox 1406 3265 1567 3312; x_wconf 87' lang='lat' dir='ltr'><strong>domos</strong></span> <span class='ocrx_word' id='word_1_458' title='bbox 1588 3277 1732 3321; x_wconf 83' lang='lat' dir='ltr'><strong>erant,</strong></span> <span class='ocrx_word' id='word_1_459' title='bbox 1749 3265 1918 3319; x_wconf 75' lang='lat' dir='ltr'><strong>multos</strong></span> 
     </span>
     <span class='ocr_line' id='line_1_50' title="bbox 143 3321 1914 3394; baseline 0 -20"><span class='ocrx_word' id='word_1_460' title='bbox 143 3324 189 3374; x_wconf 51' lang='grc' dir='ltr'><strong>’ὲ</strong></span> <span class='ocrx_word' id='word_1_461' title='bbox 214 3326 468 3375; x_wconf 81' lang='lat' dir='ltr'><strong>latronibus</strong></span> <span class='ocrx_word' id='word_1_462' title='bbox 503 3329 771 3377; x_wconf 85' lang='lat' dir='ltr'><strong>occiderunt</strong></span> <span class='ocrx_word' id='word_1_463' title='bbox 794 3347 810 3379; x_wconf 69' lang='grc' dir='ltr'><strong>ε</strong></span> <span class='ocrx_word' id='word_1_464' title='bbox 843 3342 1068 3378; x_wconf 82' lang='lat' dir='ltr'><strong>trecentos</strong></span> <span class='ocrx_word' id='word_1_465' title='bbox 1104 3329 1163 3376; x_wconf 88' lang='lat' dir='ltr'><strong>ad</strong></span> <span class='ocrx_word' id='word_1_466' title='bbox 1196 3321 1375 3394; x_wconf 86' lang='lat' dir='ltr'><strong>Regem</strong></span> <span class='ocrx_word' id='word_1_467' title='bbox 1398 3329 1582 3381; x_wconf 60' lang='lat' dir='ltr'><strong>‚vinctos</strong></span> <span class='ocrx_word' id='word_1_468' title='bbox 1614 3329 1914 3378; x_wconf 83' lang='lat' dir='ltr'><strong>adduxerunt.</strong></span> 
     </span>
    </p>
   </div>
   <div class='ocr_carea' id='block_1_3' title="bbox 163 3450 1919 3643">
    <p class='ocr_par' dir='ltr' id='par_1_7' title="bbox 163 3450 1919 3643">
     <span class='ocr_line' id='line_1_51' title="bbox 213 3450 1919 3533; baseline -0.006 -11"><span class='ocrx_word' id='word_1_469' title='bbox 213 3480 276 3530; x_wconf 74' lang='grc' dir='ltr'><strong>(ι)</strong></span> <span class='ocrx_word' id='word_1_470' title='bbox 305 3482 372 3521; x_wconf 82' lang='lat' dir='ltr'><strong>Al.</strong></span> <span class='ocrx_word' id='word_1_471' title='bbox 399 3479 626 3530; x_wconf 69' lang='lat' dir='ltr'><strong>dementiae.</strong></span> <span class='ocrx_word' id='word_1_472' title='bbox 656 3450 658 3457; x_wconf 23' lang='lat' dir='ltr'>v</span> <span class='ocrx_word' id='word_1_473' title='bbox 899 3491 904 3494; x_wconf 87' lang='grc'><em>·</em></span> <span class='ocrx_word' id='word_1_474' title='bbox 1065 3477 1341 3533; x_wconf 58' lang='lat' dir='ltr'><strong>earlof,Ath01</strong></span> <span class='ocrx_word' id='word_1_475' title='bbox 1360 3495 1370 3522; x_wconf 67' lang='grc' dir='ltr'>ε</span> <span class='ocrx_word' id='word_1_476' title='bbox 1400 3481 1513 3529; x_wconf 66' lang='lat' dir='ltr'><strong>Ifind</strong></span> <span class='ocrx_word' id='word_1_477' title='bbox 1532 3487 1597 3522; x_wconf 82' lang='lat' dir='ltr'><strong>not</strong></span> <span class='ocrx_word' id='word_1_478' title='bbox 1613 3460 1696 3525; x_wconf 75' lang='lat' dir='ltr'><strong>that</strong></span> <span class='ocrx_word' id='word_1_479' title='bbox 1712 3475 1761 3515; x_wconf 87' lang='lat' dir='ltr'><strong>he</strong></span> <span class='ocrx_word' id='word_1_480' title='bbox 1784 3473 1919 3513; x_wconf 56' lang='lat' dir='ltr'><strong>hau-2⁴</strong></span> 
     </span>
     <span class='ocr_line' id='line_1_52' title="bbox 216 3531 1900 3585; baseline -0.004 -12"><span class='ocrx_word' id='word_1_481' title='bbox 216 3534 279 3584; x_wconf 88' lang='lat'><strong>(2)</strong></span> <span class='ocrx_word' id='word_1_482' title='bbox 306 3537 438 3575; x_wconf 56' lang='lat' dir='ltr'><strong>Alexr-</strong></span> <span class='ocrx_word' id='word_1_483' title='bbox 465 3547 538 3578; x_wconf 79' lang='lat' dir='ltr'><strong>was</strong></span> <span class='ocrx_word' id='word_1_484' title='bbox 555 3533 700 3572; x_wconf 82' lang='lat' dir='ltr'><strong>natural</strong></span> <span class='ocrx_word' id='word_1_485' title='bbox 729 3531 791 3570; x_wconf 86' lang='lat' dir='ltr'><strong>son</strong></span> <span class='ocrx_word' id='word_1_486' title='bbox 817 3539 861 3570; x_wconf 79' lang='lat' dir='ltr'><strong>to</strong></span> <span class='ocrx_word' id='word_1_487' title='bbox 880 3532 1010 3582; x_wconf 75' lang='lat' dir='ltr'><strong>Alexr.</strong></span> <span class='ocrx_word' id='word_1_488' title='bbox 1065 3546 1115 3585; x_wconf 79' lang='lat' dir='ltr'><strong>ny</strong></span> <span class='ocrx_word' id='word_1_489' title='bbox 1132 3533 1316 3585; x_wconf 68' lang='lat' dir='ltr'><strong>posterity.</strong></span> <span class='ocrx_word' id='word_1_490' title='bbox 1696 3542 1698 3544; x_wconf 71' lang='grc'>’</span> <span class='ocrx_word' id='word_1_491' title='bbox 1898 3536 1900 3539; x_wconf 77' lang='grc'>’</span> 
     </span>
     <span class='ocr_line' id='line_1_53' title="bbox 163 3585 1013 3643; baseline -0.002 -17"><span class='ocrx_word' id='word_1_492' title='bbox 163 3588 241 3627; x_wconf 69' lang='lat' dir='ltr'><strong>carl</strong></span> <span class='ocrx_word' id='word_1_493' title='bbox 258 3588 304 3627; x_wconf 79' lang='lat' dir='ltr'><strong>of</strong></span> <span class='ocrx_word' id='word_1_494' title='bbox 315 3588 483 3630; x_wconf 81' lang='lat' dir='ltr'><strong>Buohan.</strong></span> <span class='ocrx_word' id='word_1_495' title='bbox 515 3588 634 3627; x_wconf 74' lang='lat' dir='ltr'><strong>Allan</strong></span> <span class='ocrx_word' id='word_1_496' title='bbox 651 3600 723 3627; x_wconf 76' lang='lat' dir='ltr'><strong>was</strong></span> <span class='ocrx_word' id='word_1_497' title='bbox 741 3585 804 3625; x_wconf 83' lang='lat' dir='ltr'><strong>son</strong></span> <span class='ocrx_word' id='word_1_498' title='bbox 817 3593 854 3625; x_wconf 89' lang='lat' dir='ltr'><strong>to</strong></span> <span class='ocrx_word' id='word_1_499' title='bbox 865 3585 1013 3643; x_wconf 73' lang='lat' dir='ltr'><strong>Walter</strong></span> 
     </span>
    </p>
   </div>
   <div class='ocr_carea' id='block_1_4' title="bbox 1797 3639 1923 3692">
    <p class='ocr_par' dir='ltr' id='par_1_8' title="bbox 1797 3639 1923 3692">
     <span class='ocr_line' id='line_1_54' title="bbox 1797 3639 1923 3692; baseline -0.048 0"><span class='ocrx_word' id='word_1_500' title='bbox 1797 3639 1923 3692; x_wconf 76' lang='lat' dir='ltr'><strong>Nam</strong></span> 
     </span>
    </p>
   </div>
  </div>
 </body>
</html>
