1992 3801
174 163 304 227 544
490 143 849 218 Renum
938 144 1624 218 Scor-teanum

168 244 237 290 dis
258 241 590 304 impedimenta
611 257 801 292 conatur
832 244 1030 294 amoliri.
1097 246 1164 294 Hi
1187 254 1340 294 autem
1374 242 1516 304 erant,
1554 250 1636 312 qui
1658 263 1735 300 aut
1758 269 1849 303 non
1872 256 1929 305 li-

168 307 327 353 benter
350 306 500 353 sceleri
537 309 633 370 ejus
656 309 1015 370 subscripserant,
1043 322 1120 356 aut
1139 323 1229 358 non
1253 311 1387 358 facile
1410 314 1606 371 consiliis
1629 315 1724 375 ejus
1746 321 1930 383 acquic·
1988 314 1992 319 .

163 372 255 416 ruri
278 371 553 424 viderentur,
636 376 688 419 In
714 373 872 434 primis
901 387 1054 421 autem
1077 387 1152 420 eos
1175 376 1356 430 oderat,
1374 377 1454 439 qui
1477 395 1584 428 cum
1606 380 1808 429 animum
1834 384 1930 444 ejus

160 436 307 481 nihilo
347 435 572 482 mitiorem
617 453 724 499 erga
746 436 910 489 filium,
955 454 1092 499 quam
1137 439 1284 485 fuisset
1321 457 1429 503 erga
1463 443 1675 490 maritum
1700 445 1924 503 viderent,

163 499 346 546 Sterlini
368 502 717 562 conjuraverant
738 500 784 546 in
810 502 988 547 nullum
1013 503 1199 565 quidem
1224 503 1382 558 scelus,
1410 505 1483 553 sed
1508 523 1682 554 tantum
1710 511 1766 556 de
1799 510 1929 571 pueri

158 562 477 611 ineoiumitate
520 566 702 611 tuenda.
771 566 890 611 Eum
912 566 1036 613 enim
1074 566 1288 629 cupiebat
1313 582 1455 616 mater
1477 571 1521 617 in
1546 571 1698 620 vitrici
1724 577 1928 636 potesta-

157 641 250 676 tem
276 629 466 675 tradere.
534 630 579 675 Is
599 644 751 676 autem
775 645 910 675 nemo
933 630 1188 686 dubitabat,
1214 633 1326 694 quin
1352 651 1541 694 puerum
1568 636 1714 697 prim-zv
1738 655 1926 701 quoque

156 704 363 755 tempore
387 710 464 753 per
486 695 764 740 occasionem
792 694 849 739 de
875 694 1027 742 medio
1051 697 1231 744 tolleret
1252 715 1262 743 ε
1292 714 1345 743 ne
1365 700 1435 744 vel
1459 700 1594 746 caedis
1619 702 1779 765 Regiae
1805 706 1928 752 ultor

154 757 407 820 superesset,
446 757 516 803 vel
539 775 592 803 ne
616 759 736 813 effer,
760 757 841 821 qui
862 758 1028 806 liberos
1052 760 1150 807 suos
1185 761 1230 807 in
1255 761 1519 809 haerecl³tate
1541 765 1670 828 regni
1716 768 1926 817 adeunda

153 823 345 883 praeiret¹
384 821 615 882 Principes
635 823 730 883 ejus
748 823 1071 883 conjurationis
1093 824 1138 870 hi
1163 839 1290 870 erant
1313 844 1323 871 :
1361 827 1567 873 Comites
1608 830 1923 892 Argathelius,

153 886 438 938 MortoniuS,
477 886 692 941 Manius,
736 886 971 941 Atholius,
997 888 1322 942 GlencarniuS,
1358 889 1468 935 item
1493 890 1690 948 ejusdem
1724 894 1920 953 ordinis,

153 950 229 996 sed
254 950 446 1012 proximi
473 950 639 1011 gradus
662 950 880 998 Patricius
907 950 1160 1007 LindefiuS,
1182 957 1221 999 δε
1244 953 1669 1002 RobertusBodius
1695 973 1707 1003 ε
1740 956 1849 1004 item
1874 975 1925 1005 a·

153 1014 281 1069 mici,
324 1016 375 1062 &c
410 1014 616 1068 clientes,
643 1015 787 1079 quise
810 1015 872 1062 eis
897 1016 1213 1075 adjunxerant,
1281 1017 1370 1064 Sed
1402 1019 1701 1081 -Argathelius
1741 1023 1920 1081 eadem,

152 1096 241 1140 qua
264 1077 541 1125 consenserat
562 1079 746 1127 levitate
765 1075 951 1126 ‘consilia
970 1092 1238 1128 caeterorum
1279 1081 1492 1143 perendie
1512 1081 1638 1130 illius
1662 1085 1753 1132 diei
1777 1087 1922 1150 Regi-

150 1159 220 1190 nae
245 1141 482 1203 prodidit:
529 1150 569 1191 &
592 1143 763 1192 Bodius
800 1144 976 1208 magnis
1014 1144 1427 1207 pollicitationibus
1460 1148 1509 1193 in
1547 1162 1694 1210 partes
1717 1150 1920 1200 adversas

146 1207 378 1254 tradutstus
400 1208 475 1255 est.
566 1245 568 1247 -
1864 1225 1867 1230 ·

68 1273 72 1277 ”
213 1272 364 1318 XLII.
397 1271 612 1320 Proxime
634 1274 729 1335 post
751 1272 833 1320 hos
859 1284 986 1320 erant
1008 1272 1212 1335 suspefti,
1237 1273 1316 1335 qui
1339 1274 1395 1320 ad
1420 1275 1605 1337 Angliae
1623 1275 1817 1325 limitem
1838 1279 1919 1327 ha·

146 1335 354 1396 bitabant
392 1336 692 1390 Humiorum,
716 1339 958 1391 Cas-orum,
998 1342 1043 1385 &
1071 1340 1329 1386 Scottorum
1351 1339 1539 1385 familiae
1566 1358 1577 1387 ε
1610 1358 1805 1403 quorum
1833 1360 1922 1407 po-

146 1400 334 1446 tentiam
354 1401 482 1447 omni
512 1403 686 1449 ratione
707 1402 1070 1449 imminuendam
1093 1403 1423 1450 existimabant.
1493 1405 1569 1451 Ad
1592 1405 1640 1451 id
1662 1419 1811 1454 autem
1837 1424 1917 1455 oc-

142 1465 260 1512 casio
282 1465 374 1512 visa
395 1466 454 1512 est
478 1479 833 1529 peropportuna.
902 1467 1024 1513 Nam
1050 1484 1152 1514 cum
1178 1467 1444 1515 Bothuelius
1468 1470 1808 1532 expeditionem
1833 1489 1916 1534 pa-

142 1529 323 1576 taretin
349 1530 595 1584 Lidaliam,
622 1542 671 1576 ut
701 1530 1061 1593 &ignominiam
1087 1532 1151 1578 ibi
1175 1531 1401 1595 superiore
1436 1547 1656 1581 autumno
1678 1548 1913 1599 acceptam

141 1593 361 1648 aboleret,
403 1600 443 1640 δι
468 1594 645 1641 militiae
680 1596 814 1642 laude
853 1608 981 1657 parta
1003 1596 1227 1643 invidiam
1251 1597 1411 1660 Regiae
1435 1597 1571 1644 caedis
1595 1594 1908 1657 imminueret,

140 1674 297 1704 omnes
320 1658 598 1706 familiarum
623 1659 852 1707 Teviotiae
872 1660 1212 1723 principesjuffi
1233 1678 1257 1705 a
1281 1661 1457 1725 Regina
1482 1661 1584 1709 sunt
1605 1663 1652 1710 in
1676 1681 1825 1712 arcem
1850 1660 1934 1713 E:

139 1721 508 1786 dimburgenscrn
532 1722 731 1797 ingredi,
770 1737 820 1770 ut
841 1723 906 1770 ibi
927 1725 985 1770 ad
1011 1734 1144 1771 breve
1167 1737 1346 1788 tempus
1378 1725 1424 1772 in
1458 1726 1603 1773 libera
1624 1729 1826 1776 custodia
1847 1728 1912 1776 es-

139 1785 252 1840 sent,
278 1799 499 1849 praetextu
522 1789 728 1851 quldem.
753 1805 809 1834 ne
826 1787 873 1835 in
898 1789 1259 1851 expeditionem,
1279 1806 1382 1852 quae
1400 1789 1464 1836 eis
1486 1789 1642 1838 invitis
1667 1809 1757 1841 non
1781 1795 1909 1841 vide-

140 1849 275 1901 batur,
293 1868 462 1915 magno
484 1868 586 1899 cum
613 1852 801 1899 succeffu
827 1854 945 1916 poss‘e
965 1854 1148 1900 confieri
1167 1854 1456 1908 ducerentur,
1482 1871 1668 1918 remque
1683 1874 1764 1918 per
1787 1858 1910 1905 invi-

135 1915 261 1962 diam
281 1917 516 1964 turbarent
539 1935 549 1964 :
588 1922 628 1964 δε
651 1917 715 1964 eis
736 1917 996 1964 absentibus
1019 1917 1208 1965 clientes
1245 1933 1400 1965 eorum
1426 1919 1715 1968 assuescerent
1746 1920 1907 1971 alienis

135 1971 359 2042 imperiis,
389 1986 427 2027 &
451 1981 673 2043 paulatim
696 1994 991 2044 patronorum
1014 1982 1247 2029 caritatem
1271 1994 1505 2029 exuerent.
1563 1979 1661 2031 Sed
1678 1985 1748 2032 illi
1772 1988 1907 2034 altius

135 2044 313 2107 aliquid
352 2044 433 2091 sub
468 2062 523 2093 eo
545 2046 741 2108 imperio
764 2045 905 2093 latere
928 2046 1030 2101 rati,
1075 2050 1207 2094 nocie
1231 2048 1392 2093 domos
1416 2046 1718 2103 discesserunt,
1743 2063 1907 2111 praeter

139 2111 210 2170 (1)
239 2109 468 2157 Andream
495 2111 684 2165 Carum,
709 2110 789 2174 qui
823 2110 1056 2172 parricidii
1074 2127 1164 2158 non
1187 2110 1372 2175 ignarus
1396 2113 1536 2174 vulgo
1559 2114 1843 2170 credebatur,
1863 2122 1907 2165 ει

133 2173 375 2221 Valterum
392 2176 564 2222 Carum
577 2175 855 2223 Sessordiurn
881 2175 1114 2223 hominem
1129 2176 1190 2222 ob
1212 2177 1434 2229 summam
1458 2177 1562 2224 vitae
1591 2175 1905 2242 integritatem

134 2238 253 2286 nihil
275 2237 586 2301 suspicantem.
630 2240 833 2294 Humius
855 2239 1099 2304 aliquoties
1121 2257 1147 2286 a
1168 2240 1413 2288 Bothuelio
1436 2255 1621 2288 vocatas
1664 2242 1710 2290 in
1753 2245 1908 2299 aulam

131 2315 279 2350 certus
302 2303 359 2350 de
379 2303 475 2365 ejus
497 2321 606 2369 erga
639 2304 680 2352 se
702 2305 941 2352 voluntate·
961 2304 1122 2352 abnuit
1141 2305 1311 2351 venire.
1381 2306 1635 2352 Consilium
1667 2306 1907 2355 nihilomi-

131 2383 218 2415 nus
241 2368 297 2415 de
319 2369 612 2430 expeditione
633 2369 859 2431 procedit,
890 2368 1072 2433 Regina
1092 2369 1150 2417 ad
1185 2368 1482 2417 Borthuicum
1513 2386 1684 2427 arcem,
1722 2371 1905 2433 circiter
1961 2398 1964 2399 ⁷

131 2434 237 2478 ofto
260 2432 317 2478 ab
333 2432 623 2496 Edimburgo
639 2432 784 2480 millia
801 2433 1007 2481 substitit.

197 2497 378 2545 XLIII.
449 2499 626 2545 Interea
647 2499 728 2561 qui
750 2499 807 2545 de
827 2498 970 2561 Regis
992 2498 1310 2546 incolumitate
1329 2498 1499 2546 tuenda
1515 2498 1899 2561 conspiraverant,

129 2575 235 2607 cum
260 2560 465 2608 animum
490 2562 721 2610 Bothuelii
738 2579 848 2625 erga
868 2562 910 2609 se
929 2579 1020 2609 non
1043 2564 1323 2626 ignorarent,
1343 2562 1519 2626 aliquid
1542 2565 1808 2611 tentandum
1828 2581 1902 2612 ra-

128 2624 166 2670 ti
184 2625 316 2672 fimul
339 2627 425 2673 suae
448 2627 696 2674 iecuritatis
719 2626 865 2682 causa,
890 2626 1019 2673 fimul
1046 2641 1095 2674 ut
1116 2627 1173 2675 de
1195 2629 1377 2674 auctore
1407 2627 1543 2673 caedis
1568 2629 1727 2697 Regiae
1755 2645 1900 2695 expe-

126 2687 213 2737 tita
235 2707 370 2752 poena
406 2689 639 2752 publicam
663 2690 831 2737 Scotici
854 2691 1052 2738 nominis
1074 2691 1196 2755 apud
1218 2703 1391 2739 exteras
1420 2704 1580 2755 gentes
1604 2693 1806 2741 levarent
1826 2693 1900 2742 in·

126 2754 330 2802 famiam.
379 2757 561 2817 ‚Itaque
599 2755 727 2819 vulgi
750 2756 953 2804 favorem
976 2756 1073 2802 suos
1112 2768 1264 2803 motus
1286 2754 1804 2811 secuturum'arbitrati‚
1839 2754 1907 2806 ad

125 2819 222 2866 duo
263 2819 410 2867 millia
445 2819 654 2882 equitum
678 2821 743 2866 ita
763 2821 944 2868 occulte
985 2832 1326 2875 contraxerunt,
1373 2833 1423 2867 ut
1458 2821 1640 2884 Regina
1662 2821 1706 2887 id
1730 2823 1903 2885 agitari

124 2882 318 2931 omnino
355 2899 444 2932 non
468 2884 663 2939 senserit,
707 2885 853 2946 donec
876 2884 1079 2933 Humius
1102 2898 1228 2947 parte
1250 2883 1473 2933 exercitus
1494 2886 1791 2933 Borthuicum
1813 2886 1897 2934 ad·

125 2959 268 3001 mota,
292 2965 392 2995 eam
414 2948 503 2995 una
523 2964 628 2996 cum
652 2948 898 2997 Bothuelio
919 2950 1160 2997 obfideret.
1227 2950 1316 2996 Sed
1338 2949 1442 2997 ciam
1486 2949 1661 3016 reliqua
1683 2950 1899 3012 conjura·
1951 2962 1956 2965 ’

123 3023 276 3058 torum
300 3028 400 3074 pars
423 3014 481 3060 ad
498 3013 673 3061 dietum
696 3026 875 3076 tempus
889 3030 983 3061 non
1006 3013 1297 3067 convenisset,
1318 3028 1402 3060 nec
1424 3013 1518 3076 ipse
1540 3026 1714 3061 tantam
1752 3015 1897 3062 habe·
1928 3075 1932 3079 Ι

121 3086 193 3122 ret
214 3076 576 3133 multitudinem,
620 3090 671 3126 ut
691 3094 850 3126 omnes
890 3078 1040 3126 exitus
1080 3078 1313 3125 clauderet
1336 3094 1348 3126 τ
1384 3083 1423 3125 δι
1447 3077 1625 3142 segnius
1651 3095 1790 3140 quam
1813 3095 1897 3140 par

120 3151 219 3189 etat
235 3141 390 3188 omnia
409 3155 692 3205 gererentur,
708 3143 831 3205 quod
853 3159 948 3190 rem
962 3160 989 3198 a
1010 3140 1197 3205 reliquis
1215 3142 1418 3190 omissam
1437 3142 1695 3197 crederent,
1718 3142 1894 3205 primus
1930 3176 1933 3179 -

121 3203 412 3259 Bothuelius,
432 3206 599 3254 deinde
620 3208 801 3271 Regina
823 3209 937 3255 veste
957 3205 1084 3254 viri-li
1107 3208 1285 3269 sumpta
1304 3207 1443 3254 evasit
1469 3224 1481 3254 ε
1512 3222 1565 3254 ac
1598 3207 1720 3254 resta
1739 3206 1894 3256 Dum.

119 3268 283 3316 barum
301 3269 526 3317 abierunt.
573 3271 815 3334 Conjurati
835 3284 990 3320 autem
1008 3269 1257 3334 quominus
1279 3272 1326 3320 in
1350 3283 1556 3332 tempore
1575 3269 1891 3326 convenirent,

117 3348 203 3395 per
241 3333 486 3381 Atholium
523 3333 657 3382 stetit.
728 3337 767 3382 [s
789 3336 914 3384 enim
934 3336 1009 3383 vel
1046 3334 1259 3397 susceptae
1280 3335 1345 3384 rei
1366 3333 1687 3397 magnitudine
1708 3333 1888 3398 percul-

119 3395 207 3452 sum,
241 3397 312 3445 vel
335 3396 513 3462 ingenii
535 3398 825 3446 cunctatione
847 3412 1046 3448 retentus
1068 3399 1268 3463 reliquos
1309 3398 1496 3449 Sterlini
1537 3397 1736 3463 detinuit
1758 3416 1770 3444 z
1801 3395 1891 3451 do-

117 3476 204 3509 nec
225 3462 398 3514 occasio
418 3461 486 3523 rei
505 3462 717 3527 gerendae
741 3463 859 3513 foret
879 3465 906 3514 ὲ
924 3463 1133 3514 manibus
1146 3463 1310 3531 elapsa.
1377 3464 1556 3514 Verum
1570 3472 1629 3513 nc
1649 3458 1766 3512 nitri!
1787 3471 1896 3509 tam.

170 3579 233 3627 (x)
261 3579 347 3620 The
365 3578 458 3623 raim
475 3551 737 3623 ofrarnihest.
1837 3637 1891 3676 ω
