2025 3831
331 147 657 209 LIBER
733 138 1644 215 UnciMusTnnTrus.
1767 139 1886 219 381

123 258 239 301 rent,
277 261 381 290 cum
412 240 504 302 ipse
544 238 690 284 sextus
730 254 754 283 e
781 236 969 298 privatis
1005 236 1146 300 Regis
1178 233 1464 281 insolentiam
1502 237 1622 298 apud
1656 235 1899 284 Calsonem

118 308 469 360 comnescuiffet.
541 303 626 348 Sed
652 302 751 347 haec
773 302 837 347 ita
855 302 1026 348 incerta
1045 301 1144 347 sunt
1168 299 1351 353 habita,
1370 311 1420 345 ut
1442 316 1469 344 a
1490 300 1633 345 notho
1656 301 1799 365 Regis
1823 303 1896 349 Ia·

120 363 238 422 eobo
257 369 481 419 Moraviae
506 367 692 414 Comite
714 366 762 412 in
780 365 959 428 judicio
981 365 1144 428 capitis
1166 363 1344 412 Humio
1367 362 1545 424 objtha
1587 380 1678 410 non
1702 368 1897 413 multum

120 437 378 488 nocuerint.

181 503 308 548 XLI.
341 500 517 547 Verum
540 508 775 557 utcunque
790 512 858 541 res
883 494 1040 548 habet,
1063 493 1348 541 reticendum
1369 508 1463 539 non
1482 491 1749 549 existimavi,
1773 494 1900 556 quod

121 566 213 629 ipse
238 567 260 613 ὲ
285 563 532 611 Laurentio
557 560 817 611 Taliferreo
838 558 938 606 viro
962 564 1001 604 δε
1021 558 1185 620 probo,
1215 562 1266 608 ὃς
1293 558 1430 604 docio
1452 574 1545 605 non
1567 556 1704 604 semel
1726 559 1899 604 audivi.

111 633 157 679 Is
180 630 303 677 enim
325 629 411 676 sese
444 635 571 689 (nam
596 641 709 671 unus
733 635 830 670 tum
853 641 878 669 e
901 623 1053 686 pueris
1073 623 1232 687 Regiis
1257 638 1426 685 pugnae
1447 622 1668 683 speetator
1689 623 1804 682 erat)
1830 623 1897 669 ai-

118 698 225 743 e'nat
246 712 294 741 re
316 692 536 740 inclinata
575 692 750 752 Regem
774 689 822 734 in
853 703 1024 751 equum
1060 687 1324 750 impositum
1345 686 1502 733 vidisse
1540 686 1758 734 Tuedam
1780 699 1903 733 tran-

107 759 331 814 seuntem.
356 758 484 804 Idem
510 755 767 818 complures
784 751 1258 806 cum.confirmaffent,
1275 751 1397 798 fama
1417 750 1588 798 multos
1607 767 1749 800 annos
1771 762 1881 800 tenu
1901 778 1907 787 ·

116 827 155 872 it
178 827 356 887 Regem
384 822 550 876 vivere,
575 833 711 882 atquc
733 819 780 864 in
805 830 1010 880 tempore
1031 817 1297 872 affuturum,
1322 814 1552 878 persoluto
1574 816 1747 864 scilicet
1768 831 1897 872 voto,

117 907 212 952 quo
231 890 272 935 se
295 886 608 940 obstrinxerat,
636 882 960 945 Hierosolyma
981 880 1218 944 religionis
1238 897 1349 945 ergo
1368 881 1409 927 se
1432 879 1699 944 petiturum.
1753 883 1842 928 Sed
1863 883 1902 928 is

120 971 278 1001 rumor
300 951 430 1016 aeque
448 968 592 997 vanus
615 951 676 994 est
698 946 1000 1010 deprehensus
1024 959 1163 1008 atque
1184 946 1282 1000 ille,
1318 946 1400 1009 qui
1420 945 1532 993 olim
1556 945 1725 1008 sparsus
1754 960 1851 994 erat
1876 965 1903 993 a

117 1019 404 1066 Bzittonzbus
437 1019 493 1062 de
518 1017 731 1067 Arftum,
772 1019 814 1059 δε
854 1025 959 1059 ante
982 1027 1170 1074 paucos.
1190 1027 1332 1057 annos
1355 1028 1381 1057 a
1402 1010 1810 1074 Burgundionibus
1844 1013 1903 1060 de

121 1085 308 1130 Carolo.
368 1081 490 1127 Illud
503 1080 675 1126 constat
697 1079 878 1140 Anglos
901 1078 989 1123 sive
1010 1075 1154 1140 Regis
1177 1074 1350 1132 Iacobi,
1373 1074 1462 1122 five
1485 1076 1738 1123 Alexandri
1757 1077 1902 1124 Effin-

122 1147 256 1195 stonii
279 1163 443 1207 corpus
467 1143 750 1207 requisitum,
785 1147 834 1191 &
856 1141 904 1188 in
936 1157 1102 1204 magna
1123 1140 1396 1186 cadaverum
1423 1141 1567 1203 strage
1587 1152 1820 1203 repertum
1854 1141 1902 1190 in

117 1212 340 1276 Angliam
365 1209 629 1256 interiorem
665 1207 981 1269 comportasse,
1008 1213 1048 1251 ἃ
1067 1203 1344 1267 inexpiabili
1363 1204 1473 1252 odio
1495 1205 1703 1253 adversus
1725 1218 1901 1253 mortu-

117 1295 196 1325 um
221 1277 370 1323 adhuc
394 1284 605 1321 manente
623 1272 671 1318 in
693 1270 824 1334 capsa
845 1271 1061 1333 plumbea
1076 1269 1305 1315 incertum
1323 1269 1514 1316 barbara
1532 1270 1769 1333 magis,an
1789 1273 1899 1317 stul·

119 1354 167 1389 ta
188 1339 457 1389 crudelitate
481 1337 757 1400 insepultum
782 1335 982 1390 servasse,
1007 1334 1132 1397 quod
1157 1334 1326 1380 scilicet
1350 1350 1475 1381 arma
1496 1333 1714 1399 sacrilega
1737 1337 1900 1383 adver-

117 1406 190 1453 sus
210 1406 380 1452 Iulium
408 1404 676 1456 secundum,
701 1400 777 1446 cui
800 1413 896 1447 tum
920 1399 962 1446 se
985 1397 1132 1462 Angli
1151 1398 1465 1452 venditabant,
1492 1398 1656 1447 tulisset
1682 1417 1694 1446 z
1730 1414 1826 1455 aut,
1853 1413 1904 1448 ut

124 1472 207 1518 alii
226 1471 467 1523 affirmant,
503 1468 633 1529 quod
654 1467 794 1512 horno
813 1464 1018 1528 perjurus
1043 1475 1202 1510 contra
1224 1463 1408 1509 foederis
1429 1464 1553 1526 leges
1579 1464 1750 1512 bellum
1769 1467 1905 1513 Hen-

120 1537 220 1582 rico
251 1538 412 1581 oslavo
435 1532 653 1579 intulifl'et
679 1548 691 1577 ε
726 1546 923 1592 quorum
956 1540 1169 1575 neutrum
1192 1528 1234 1574 ei
1255 1527 1522 1590 exprobrari
1541 1528 1779 1586 debuerat,
1820 1547 1905 1578 nec

122 1600 182 1647 ab
207 1602 293 1645 hoc
316 1601 464 1661 Rege,
484 1596 566 1659 qui
587 1596 699 1641 dum
717 1593 852 1650 vixit,
879 1595 948 1657 (1)
971 1593 1146 1640 nullam
1168 1610 1369 1656 unquam
1390 1592 1596 1640 stabilem
1617 1594 1676 1642 de
1699 1595 1904 1643 doctrina

62 1691 66 1694 -
132 1663 389 1710 Christiana
426 1661 756 1724 persuasionem
778 1658 1018 1714 habuisset,
1044 1674 1130 1704 nec
1151 1659 1208 1703 ab
1230 1658 1319 1703 hoc
1340 1657 1533 1721 populo,
1554 1658 1636 1720 qui
1659 1659 1793 1707 toties
1824 1661 1907 1708 adr.

119 1729 268 1775 versus
295 1726 544 1790 Episcopos
568 1727 802 1772 Romanos
821 1725 943 1771 bella
964 1724 1199 1786 gefferant.
1252 1724 1438 1770 Omitto
1455 1722 1641 1770 interim
1660 1736 1730 1773 tot
1750 1726 1904 1790 Reges

117 1794 382 1858 Anglorum
404 1792 611 1856 perjuros
633 1789 816 1836 testibus
837 1805 997 1835 eorum
1021 1786 1311 1852 scriptoribus
1335 1806 1347 1834 ε

249 1875 543 1922 Gulielmum
567 1870 742 1920 Rufum
764 1891 778 1929 3
816 1874 922 1919 teste
945 1871 1193 1934 PolydorO,
1219 1875 1260 1917 δε
1284 1872 1532 1920 Grastono.

251 1938 511 1987 Henricum
535 1939 574 1985 Ι.
607 1938 796 1984 Thoma
814 1937 1152 1998 Volfingamio,
1177 1936 1531 2000 Hypodigmate
1552 1938 1843 1990 Normaniae.

255 2005 570 2068 Stephanum3
603 2001 947 2065 Neobrigienfi,
973 2001 1225 2054 Graftono,
1250 2002 1497 2063 Polydoro.

255 2069 515 2116 Henricum
539 2070 603 2114 II.
625 2068 970 2131 Neobrigienfi,
992 2065 1240 2120 GraftonO,
1266 2067 1512 2127 Polydoro.

247 2134 499 2182 Ricardum
518 2134 540 2178 I
546 2167 556 2178 .
581 2132 935 2195 Hypodigmate
954 2130 1242 2178 Normaniae,

255 2198 514 2246 Henricum
534 2198 622 2243 III.
640 2197 993 2261 Hypodigmate
1011 2196 1298 2251 Normaniae,
1319 2195 1570 2254 Grastono,
1582 2198 1772 2247 Thorna
1789 2200 1907 2248 Vei-

378 2263 440 2309 fin
479 2260 617 2308 amio.

248 2280 518 2376 Eduardtim
534 2328 571 2373 Ι.
595 2327 783 2374 Thoma
799 2325 1136 2392 Volfingamio.

185 2413 288 2460 Hos
323 2429 493 2475 paucos
531 2411 733 2474 exempli
753 2410 903 2474 gratia
922 2410 1182 2475 selegimus,
1221 2428 1314 2459 non
1339 2411 1365 2458 ὲ
1387 2410 1546 2474 primis
1574 2411 1668 2460 illis
1692 2413 1907 2464 Saxonici

125 2478 305 2542 generis
329 2477 553 2541 Regibus,
580 2493 774 2540 quorum
797 2493 963 2539 magna
980 2477 1300 2539 suppeditabat
1324 2477 1473 2538 copia,
1498 2478 1572 2526 sed
1594 2495 1620 2526 e
1640 2479 1906 2532 Normano÷

122 2559 224 2590 rum
243 2541 436 2597 familia,
463 2546 502 2589 Sc
523 2558 721 2605 quorum
741 2543 907 2603 posteri
924 2542 1075 2589 adhuc
1096 2559 1290 2606 regnum
1307 2554 1463 2603 tenent
1485 2560 1495 2588 ε
1530 2547 1579 2594 &
1602 2559 1801 2606 quorum
1820 2545 1905 2592 do-

124 2607 322 2655 minatus
345 2606 393 2654 in
419 2623 471 2654 ea
489 2605 655 2653 incidit
678 2619 902 2668 tempora,
926 2606 1095 2669 quibus
1115 2607 1291 2671 Anglia
1311 2608 1451 2671 longe
1476 2606 1564 2655 fuit
1579 2608 1905 2664 florentissima,

126 2685 177 2719 ut
211 2688 289 2719 eos
313 2672 602 2726 admoneam,
644 2670 726 2733 qui
748 2682 874 2717 tanta
894 2671 1186 2734 indulgentia
1208 2672 1390 2719 suorum
1430 2672 1633 2735 perjuria
1648 2673 1904 2737 patiuntur,

120 2753 180 2784 ne
201 2736 249 2783 in
270 2749 450 2784 exteros
472 2737 536 2783 ita
559 2736 644 2783 fint
663 2736 816 2782 acerbi
841 2754 852 2782 :
888 2736 1134 2798 praesertim
1158 2753 1263 2783 cum
1286 2736 1510 2792 criminis,
1533 2738 1662 2801 quod
1690 2737 1909 2802 objicitur

123 2817 264 2864 penes
287 2801 406 2864 ipsos
429 2801 570 2864 culpa
587 2800 740 2856 suerit,
765 2799 847 2862 qui
869 2800 1041 2863 priores
1065 2801 1295 2848 violarunt
1313 2802 1536 2849 inducias.

190 2867 343 2918 XLII.
379 2866 469 2913 Sed
492 2877 542 2912 ut
563 2866 622 2912 ad
645 2882 740 2913 rem
763 2865 965 2919 redeam,
1005 2882 1221 2930 magnam
1244 2883 1301 2915 ex
1334 2867 1415 2912 illa
1437 2883 1595 2930 pugna
1614 2878 1774 2916 contra
1796 2869 1908 2916 Sco-

125 2940 195 2976 tos
217 2930 424 2977 Thomas
449 2931 682 2978 Hauartus
707 2931 872 2977 Surriae
900 2931 1069 2977 Comes
1093 2931 1292 2994 gloriam
1316 2945 1645 2995 reportaverat,
1680 2934 1712 2980 fi
1747 2935 1907 2986 mode7

126 3005 223 3040 rate
243 2993 366 3042 suam
408 2994 639 3042 fortunam
666 2993 844 3047 t‘uliffet.
871 2997 876 3000 ’
916 2995 1005 3042 Sed
1027 2996 1168 3043 homo
1199 2996 1497 3045 secundarum
1540 2995 1908 3045 rerumsucceffu

126 3056 251 3120 quasi
286 3058 522 3122 ebrium&
547 3059 852 3108 instabilitatis
883 3060 1096 3106 humanae
1119 3077 1280 3124 parum
1313 3077 1495 3108 memor
1528 3061 1616 3109 suis
1649 3063 1907 3110 domesticis

125 3121 340 3168 ministris
367 3124 440 3185 (ut
473 3141 571 3171 mos
605 3125 666 3171 est
689 3125 880 3189 Anglis)
911 3137 1086 3180 notam,
1120 3143 1212 3189 qua
1249 3125 1618 3190 agnoscerentur,
1651 3127 1698 3174 in
1732 3127 1909 3176 sinistris

129 3185 329 3233 brachiis
352 3185 588 3235 ferendam
606 3188 735 3237 dedit
755 3190 936 3237 leonem
960 3190 1121 3236 album
1143 3195 1257 3254 (quo
1276 3190 1368 3254 ipse
1390 3189 1557 3254 insigni
1572 3192 1803 3251 utebatur)
1829 3191 1911 3254 qui

129 3251 322 3298 rubrum
343 3250 752 3317 superincumbens
773 3253 1002 3319 unguibus
1025 3255 1314 3318 discerperet.
1363 3257 1499 3304 Hanc
1522 3256 1618 3318 ejus
1639 3256 1908 3304 insolentem

129 3312 494 3370 insultationem,
515 3317 644 3364 velut
664 3318 852 3367 numine
872 3319 1118 3383 plefilente,
1142 3335 1279 3370 nemo
1301 3319 1396 3368 fere
1416 3322 1697 3385 posterorum
1720 3320 1815 3381 ejus
1843 3321 1910 3367 al-

182 3441 246 3492 (1)
275 3444 346 3482 For
374 3444 415 3482 in
432 3443 498 3482 the
525 3442 726 3494 beginning
745 3445 793 3483 he
813 3446 886 3487 was
904 3463 985 3487 ear-
1043 3450 1108 3488 the
1127 3450 1238 3496 Faith
1257 3466 1269 3500 ς
1298 3459 1361 3500 yet
1385 3451 1588 3490 thereafter
1605 3448 1654 3487 he
1672 3450 1744 3487 cast
1771 3448 1833 3487 off
1844 3448 1908 3493 the

129 3498 205 3534 nest
224 3499 295 3534 and
313 3498 472 3535 forward
491 3497 549 3534 for
564 3499 631 3535 the
650 3500 763 3548 Pope,
785 3504 855 3538 and
873 3512 990 3541 wrote
1045 3505 1178 3554 Pope’s
1191 3505 1393 3554 authority,
1411 3508 1481 3542 and
1497 3503 1704 3542 overthrew
1723 3505 1908 3541 monaste·

130 3550 267 3597 against
281 3552 426 3589 Luther
442 3553 512 3588 and
531 3550 596 3588 the
615 3552 798 3589 reformed
817 3555 990 3603 religion,
1045 3558 1131 3603 ries,
1150 3567 1212 3607 yet
1241 3560 1312 3597 still
1344 3559 1392 3601 he
1423 3557 1622 3599 continued
1646 3569 1692 3595 an
1711 3569 1846 3609 enemy
1865 3566 1906 3596 to

128 3602 192 3640 fot
210 3604 337 3646 which
351 3602 403 3646 be
420 3614 483 3655 got
500 3604 566 3646 the
587 3605 672 3646 title
689 3606 735 3647 of
747 3606 935 3649 Defender
953 3610 998 3649 of
1049 3613 1278 3663 protestants.

1794 3694 1916 3735 teru-
