2065 3796
200 135 321 216 m8
497 129 858 201 RERUM
952 112 1651 201 ScoTrcARUM

185 234 441 289 crederent,
474 231 743 295 judicando.
811 233 928 280 Haec
949 232 1101 295 palam
1134 230 1181 280 in
1201 231 1396 293 speciem
1419 212 1620 288 honesta,
1643 233 1697 282 δε
1716 233 1962 295 popularis

183 298 320 346 facta.
354 297 478 345 Illud
495 297 681 364 secreto,
694 303 747 347 ὃς
766 297 886 344 inter
905 311 1076 359 paucos
1093 295 1367 358 agitabatur,
1387 298 1625 358 quomodo
1643 296 1848 344 scotiam
1866 298 1958 346 suae

185 361 377 410 ditionis
398 356 582 410 faceret.
650 364 706 409 Id
728 377 834 407 cum
855 360 991 408 facile
1020 359 1347 407 existimaretur
1367 376 1519 424 regno,
1532 361 1581 408 in
1603 362 1714 408 duas
1736 353 1958 410 'faitiones

181 426 348 491 diviso,
360 438 518 474 tamen
537 429 632 488 quo
654 443 723 473 res
745 427 850 472 effet
869 423 1146 488 expeditior,
1169 430 1209 472 &
1231 424 1352 471 fraus
1374 424 1615 481 occultior,
1639 438 1807 488 praeter
1825 427 1958 474 Brus-

182 492 314 544 sium,
335 496 377 542 δι
395 491 641 539 Balliolum
665 492 768 537 oc'to
787 489 898 535 alios
921 488 1246 552 competitores
1268 489 1485 536 excitavit
1505 506 1516 535 ε
1551 501 1601 536 ut
1632 489 1656 536 ὲ
1677 484 1847 553 majore
1869 507 1956 538 nu·

182 572 311 604 mero
344 556 523 603 facilius
547 554 652 602 ess‘et
685 571 846 608 unum,
882 567 960 613 aut
989 552 1127 602 etiam
1155 555 1308 618 plures
1342 553 1510 601 in-suas
1533 565 1681 615 partes
1705 555 1956 602 traducere.

183 622 257 674 Ac
278 634 335 669 ne
370 632 496 668 tanta
528 635 597 667 res
621 631 791 666 temere
822 620 920 666 acta
939 619 1188 673 videretur,
1219 618 1492 666 consultatio
1519 617 1585 665 eis
1618 619 1679 665 est
1712 619 1957 682 propofita,

180 685 264 749 qui
288 687 337 733 in
359 683 519 732 Gallia
535 685 720 748 pietate,
745 684 1004 747 prudentia,
1031 690 1071 732 δε
1092 683 1206 746 juris
1241 683 1427 731 scientia
1447 682 1706 747 tumprimi
1724 682 1959 731 habeban-

182 762 272 798 tur.
339 750 508 813 Neque
529 747 787 804 dubitabat,
829 761 880 796 ut
901 749 962 795 est
982 749 1032 796 id
1055 765 1201 813 genus
1223 748 1465 795 hominum
1488 749 1724 811 nunquam
1756 747 1875 795 inter
1914 742 1961 796 se'

182 814 283 862 satis
306 830 513 868 concors,
537 813 727 877 aliquod
747 812 790 860 se
812 813 1070 877 responsum
1097 814 1224 876 quod
1257 814 1304 860 in
1329 830 1424 861 rem
1447 813 1570 859 suam
1601 812 1771 860 faceret
1786 813 1957 860 relatu—

180 896 298 927 rum.
366 881 426 926 Et
448 879 770 941 competitores
791 878 981 940 quidem
1004 878 1113 924 novi
1136 893 1242 923 cum
1265 877 1382 924 nihil
1412 877 1462 923 in
1489 877 1620 923 causa
1639 871 1852 938 suscaepta
1881 878 1956 924 fir-

180 944 352 992 mitatis
371 943 598 996 viderent,
622 942 779 1005 sponte
801 941 828 987 ὲ
855 942 1056 1004 petendo
1077 942 1357 989 destiterunt.
1425 939 1546 1002 Juris
1572 940 1729 1003 peritis
1758 943 1869 988 vero
1898 942 1958 988 ab

185 1010 361 1073 AngIo,
386 1007 469 1072 qui
503 1006 643 1054 totius
675 1005 851 1069 negotii
879 1008 1002 1069 apud
1036 1023 1114 1053 eos
1135 1008 1308 1061 auctor,
1339 1005 1392 1057 &
1414 1005 1675 1053 moderator
1706 1017 1819 1061 erat,
1837 1000 1960 1054 salla

180 1073 348 1137 species
366 1072 416 1119 in
437 1073 561 1119 hunc
582 1071 773 1118 modum
794 1072 855 1118 est
871 1072 1117 1134 propofita.

186 1169 188 1172 >
243 1139 328 1185 XI.
360 1138 462 1184 Rex
479 1135 668 1200 quidam
691 1151 776 1184 nec
797 1136 1024 1191 coronari,
1048 1153 1133 1184 nec
1161 1134 1328 1199 inungi
1350 1133 1524 1187 solitu3‚
1548 1134 1624 1181 sed
1645 1133 1694 1180 in
1718 1133 1824 1182 sede
1841 1152 1956 1199 qua-

179 1204 286 1250 dam
309 1201 337 1248 a
357 1201 444 1249 suis
467 1201 703 1257 collocari,
726 1216 778 1248 ac
810 1202 912 1248 Rex
930 1201 1213 1256 denunciari,
1228 1216 1377 1264 neque
1398 1195 1553 1247 tamen
1576 1199 1641 1246 ita
1661 1199 1691 1246 li
1701 1199 1807 1246 bert}
1835 1201 1955 1255 Rex,

178 1280 230 1315 ut
264 1283 356 1314 non
387 1265 436 1314 in
474 1266 688 1315 clientela
724 1265 777 1312 fit
815 1265 957 1329 Regis
989 1265 1192 1320 alterius,
1216 1265 1344 1327 cujus
1371 1265 1414 1311 se
1458 1262 1801 1311 beneficiarium
1835 1264 1952 1313 fate-

179 1345 282 1379 atur
315 1332 405 1379 sine
444 1331 601 1385 liberis
627 1331 822 1380 deceflit.
889 1332 1000 1378 Duo
1022 1330 1273 1395 propinqui
1310 1332 1379 1392 (ι)
1407 1329 1433 1376 ὲ
1472 1328 1745 1392 Sempronio
1784 1346 1955 1392 magno

179 1396 324 1462 Regis
357 1396 565 1445 defundi
603 1409 767 1462 patruo
805 1395 1022 1460 prognati
1056 1395 1370 1443 haereditatem
1411 1405 1592 1458 petunt,
1635 1391 1791 1445 Titius
1823 1393 1954 1441 vide-

177 1465 288 1511 licet
319 1479 375 1510 ex
407 1461 579 1523 majore
614 1460 873 1525 Sempronii
903 1459 997 1508 filia
1032 1476 1276 1523 pronepos,
1303 1458 1430 1507 Seius
1452 1475 1509 1505 ex
1539 1456 1717 1505 minore
1758 1457 1852 1504 filia
1872 1475 1954 1506 ne-

178 1544 262 1591 pos
292 1546 304 1574 :
339 1543 437 1575 uter
475 1528 523 1574 in
556 1526 823 1574 haereditate
859 1525 1134 1589 impartibili
1170 1525 1380 1572 adeunda
1415 1523 1547 1571 alteri
1580 1522 1890 1586 praeferendus
1931 1527 1951 1569 ?

177 1593 284 1641 Hac
306 1591 636 1640 consultatione
665 1592 738 1638 his
772 1591 865 1638 fere
895 1590 1046 1638 verbis
1074 1590 1303 1654 proposita
1335 1605 1480 1652 prope
1513 1604 1672 1634 omnes
1709 1587 1954 1650 responde-

178 1669 285 1705 runt
319 1657 350 1704 fi
380 1673 473 1719 qua
498 1657 590 1712 lex,
615 1657 687 1704 vel
709 1655 989 1704 consuetudo
1026 1671 1080 1702 ea
1097 1656 1155 1702 de
1176 1671 1223 1700 re
1240 1653 1286 1701 in
1311 1669 1455 1718 regno
1473 1653 1599 1715 quod
1622 1651 1809 1715 petitur,
1827 1653 1952 1707 esset,

176 1723 223 1770 ei
246 1721 450 1769 standum
477 1740 487 1768 ε
514 1720 576 1769 fin
601 1721 751 1768 minus
773 1737 931 1768 verum
955 1720 1039 1767 eise
1069 1718 1443 1766 consuetudinem
1466 1717 1594 1779 sequi
1616 1716 1729 1778 ejuS,
1753 1717 1802 1762 in
1823 1716 1965 1777 quus·

176 1786 391 1837 clientela
419 1787 536 1832 sunt.
606 1786 746 1850 Qod
775 1785 825 1832 in
861 1784 1006 1832 feodis
1041 1782 1348 1847 dijudicandis
1381 1781 1950 1840 consuetudo-descendat,

177 1869 270 1900 non
293 1864 445 1898 autem
467 1850 678 1913 ascendat
706 1869 716 1897 :
750 1851 838 1897 hoc
860 1851 921 1896 est
942 1849 1222 1896 consuetudo
1243 1847 1487 1912 superioris
1507 1844 1716 1893 inferiori
1738 1862 1822 1907 pro
1844 1847 1948 1910 lege

176 1917 389 1964 habenda
409 1917 488 1972 est,
505 1933 597 1963 non
620 1928 792 1962 contra.
861 1915 1077 1978 Longum
1101 1912 1431 1960 effet'omnium
1452 1910 1691 1957 sententias
1715 1910 1947 1973 sigillatim

175 1981 358 2030 referre.
429 1981 517 2027 Sed
542 1993 592 2027 ut
623 1979 780 2044 paucis
815 1978 1051 2042 colligam,
1075 1994 1222 2042 prope
1245 1976 1439 2024 universi
1461 1976 1517 2021 de
1534 1975 1636 2035 jure
1667 1973 1953 2038 litigantium

175 2048 364 2101 incerta,
378 2047 427 2095 Sc
444 2043 732 2094 controversa
751 2043 1096 2106 responderunt.
1148 2043 1417 2090 Potestatem
1439 2044 1549 2087 vero
1563 2037 1805 2099 judicandi
1824 2038 1944 2086 sum-

175 2128 298 2158 mam
315 2111 450 2171 juxta
473 2111 544 2173 (2)
573 2109 727 2156 falsam
746 2109 943 2172 speciem
964 2104 1241 2172 propositam
1264 2105 1480 2155 Eduardo
1507 2104 1780 2151 tribuerunt.
1869 2145 1871 2147 .

240 2177 350 2224 XII.
383 2176 457 2222 Ita
487 2190 536 2221 re
568 2174 713 2238 magis
747 2172 1002 2235 implicata,
1027 2178 1068 2219 δε
1101 2171 1324 2226 involuta,
1357 2169 1496 2233 quam
1527 2168 1655 2231 prius
1689 2180 1801 2222 erat,
1826 2183 1953 2214 anno

177 2242 389 2306 proximo
414 2239 686 2287 convenitur
703 2239 761 2285 ad
782 2238 1054 2285 Noramam.
1096 2236 1170 2284 Ibi
1191 2235 1429 2283 Eduardus
1458 2249 1539 2297 per
1559 2231 1769 2280 homInes
1789 2230 1953 2279 idone-

177 2305 408 2367 osleniter
427 2306 667 2351 Scotorum
684 2303 858 2350 animos
877 2313 1124 2365 pertentat,
1141 2317 1249 2347 num
1265 2300 1422 2362 sponte
1441 2298 1488 2345 in
1507 2295 1733 2345 ditionem
1746 2296 1841 2358 ejus
1854 2298 1949 2343 vel-

176 2371 273 2417 lent
293 2369 544 2416 concedere
566 2388 577 2415 :
599 2368 725 2431 quod
750 2368 806 2414 ab
829 2383 988 2414 eorum
1011 2365 1259 2426 majoribus
1282 2365 1397 2426 saepe
1420 2363 1589 2410 saelum
1614 2361 1740 2408 fuiffe
1761 2375 1951 2414 conten-
2019 2363 2026 2374 '

176 2423 329 2482 debat.
398 2434 453 2480 Id
476 2450 580 2481 cum
601 2433 854 2479 constanter
875 2447 1033 2478 ornnes
1057 2433 1330 2483 abnuerent,
1349 2429 1419 2491 (3)
1443 2424 1823 2488 competitoribus
1845 2441 1952 2490 reg·
2011 2474 2015 2482 .

174 2500 243 2554 ni,
266 2514 383 2562 quos
413 2497 508 2560 ipse
540 2495 834 2552 excitaverat,
858 2494 1119 2543 convocatis
1148 2493 1368 2557 promiffis
1400 2490 1668 2556 ingentibus
1691 2490 1757 2547 ab⁸
1781 2489 1846 2536 eis
1867 2506 1956 2538 ex-.
2008 2532 2026 2543 N

175 2561 353 2626 primit‚
374 2574 425 2613 ut
443 2562 528 2625 ipfi
548 2561 599 2608 in
621 2561 759 2608 verba
776 2561 872 2622 ejus
897 2561 1055 2622 jurent
1078 2576 1089 2604 ε
1124 2559 1299 2606 caeteris
1334 2556 1589 2621 persuadet,
1614 2565 1663 2601 ut
1695 2567 1954 2602 conventus
2017 2587 2019 2590 -

174 2626 418 2675 Bervicum
439 2627 487 2674 in
509 2627 665 2674 locum
686 2625 833 2690 magis
853 2624 1074 2671 idoneum
1095 2623 1404 2671 transferatur.
1471 2620 1545 2668 Ibi
1565 2618 1733 2683 viginti
1753 2630 1956 2682 quatuor

169 2692 348 2754 judices
374 2691 480 2738 illos
502 2690 685 2738 selefi'tos
708 2690 756 2736 in
779 2690 1004 2752 templum
1027 2689 1117 2735 fine
1140 2688 1320 2735 arbitris
1341 2685 1536 2733 inclusos
1566 2684 1623 2730 de
1645 2682 1951 2730 controversia
1982 2719 1985 2722 .
2023 2707 2030 2712 -

174 2757 447 2821 cognoscere
461 2755 596 2817 jubet
621 2773 632 2802 ε
664 2754 808 2803 vetito
827 2753 1003 2801 interea
1025 2769 1081 2800 ne
1099 2752 1338 2817 quisquam
1359 2750 1417 2798 ad
1430 2743 1512 2797 leos
1534 2747 1726 2812 propius
1742 2748 1967 2795 accedat(
2011 2755 2025 2809 ζ’,

232 2888 294 2938 (1)
323 2884 576 2939 Semproxssus,
598 2887 740 2934 Titius,
756 2888 825 2923 and
847 2884 952 2923 Seius
976 2898 1036 2922 are
1088 2884 1270 2929 Holland,
1299 2881 1496 2919 descended
1524 2879 1570 2917 of
1593 2879 1754 2927 Adama,
1791 2877 1880 2916 wife
1910 2886 1954 2915 to·

177 2940 282 2980 three
302 2953 430 2979 names
448 2941 576 2980 which
593 2941 658 2978 the
675 2941 826 2990 lawyers
845 2938 906 2976 use
923 2939 982 2976 for
996 2951 1036 2976 e·-
1089 2938 1267 2974 Florence
1284 2937 1360 2972 earl
1386 2934 1430 2972 of
1443 2933 1625 2978 Helland,
1643 2931 1730 2969 who
1755 2945 1829 2969 was
1847 2931 1964 2984 sister.
2006 2942 2024 2981 Α·

175 2996 345 3044 xamples
362 2995 401 3032 in
419 2995 565 3043 general
585 2994 680 3031 cases
713 3008 723 3031 z
762 2993 852 3030 here
879 2991 971 3029 then
992 2991 1038 3041 by
1090 2998 1130 3027 to
1148 2989 1242 3038 king
1259 2987 1450 3025 william.
1505 2998 1545 3024 2.
1566 2985 1666 3038 John
1687 2985 1850 3022 Cumine
1868 2985 1948 3022 lord

178 3047 416 3098 Sempronius
429 3045 773 3085 understandDavid
787 3045 862 3082 carl
875 3044 919 3083 of
924 3045 1037 3082 Hun·
1091 3042 1136 3080 of
1160 3041 1412 3079 Cumbernald
1442 3041 1513 3076 and
1539 3037 1750 3076 Badenoch.
1807 3051 1843 3088 3.
1874 3037 1947 3074 Pa·
2001 3066 2024 3090 ἡ

176 3102 324 3150 tington
338 3116 351 3150 3
372 3101 416 3150 by
435 3099 700 3152 Titius„J0hn
715 3099 837 3136 Baliol
851 3110 1035 3147 yonnger3
1091 3095 1192 3133 trick
1210 3095 1365 3132 Dunbar
1381 3093 1461 3130 carl.
1473 3093 1518 3130 of
1529 3091 1682 3136 March,
1694 3089 1890 3128 descended
1907 3089 1953 3127 of

178 3155 225 3206 by
243 3155 364 3199 Seius,
381 3155 526 3191 Robert
538 3153 670 3198 Bruce,
689 3152 764 3189 carl
782 3152 826 3188 of
837 3150 1010 3188 Carrick.
1091 3150 1176 3185 Ada
1193 3148 1371 3195 daughter
1403 3153 1443 3182 to
1461 3144 1638 3183 William
1662 3143 1763 3192 king,
1773 3142 1818 3181 of
1841 3143 1948 3180 Scot-
1997 3141 2029 3196 ζ

231 3206 295 3257 (ἡ.)
323 3206 411 3244 The
429 3206 595 3255 question
626 3218 700 3242 was
728 3213 794 3242 not
812 3203 955 3252 rightly
984 3202 1038 3240 set
1091 3203 1191 3239 land.
1244 3212 1284 3248 4.
1300 3199 1454 3236 Nicolas
1471 3199 1515 3235 de
1534 3199 1662 3235 Soules
1681 3197 1760 3234 lord
1779 3197 1824 3242 of
1831 3195 1944 3233 Nids·
1989 3191 2028 3229 ''5³2'‘

179 3264 288 3300 down
317 3273 360 3297 or
389 3260 499 3297 stated
526 3272 538 3308 3
564 3257 804 3295 for'whefeas
830 3257 880 3293 he
905 3256 1037 3301 should
1090 3255 1187 3291 dale.
1245 3266 1281 3304 5.
1304 3253 1364 3289 Sir
1378 3251 1480 3304 John
1494 3250 1682 3298 Hastings,
1695 3248 1891 3286 descended
1908 3246 1954 3286 of

176 3315 271 3352 have
299 3311 532 3363 pr.tp0unded
551 3310 616 3347 the
644 3309 874 3358 controversy
897 3309 1031 3346 touch·
1085 3307 1209 3343 Adela
1228 3319 1269 3343 or
1286 3307 1384 3351 Ada,
1407 3304 1581 3354 youngest
1609 3302 1789 3350 daughter
1804 3301 1850 3339 of
1868 3301 1950 3339 Da·

176 3369 243 3416 ing
260 3365 326 3404 the
356 3364 487 3404 lawful
505 3361 589 3400 heir
615 3363 660 3400 of
681 3376 701 3398 a
730 3362 917 3413 sovereign
939 3361 1034 3410 king
1087 3359 1150 3409 vid
1169 3359 1243 3396 earl
1258 3359 1302 3396 of
1310 3358 1566 3404 Huntington.
1610 3354 1837 3394 6.Wi11iam
1851 3351 1947 3390 Vesd

178 3420 319 3468 having
337 3432 387 3460 ne
399 3415 578 3468 superior,
594 3414 644 3452 he
659 3415 890 3464 propounded
909 3414 941 3451 it
958 3413 1002 3463 οξ
1013 3427 1034 3450 a
1088 3413 1158 3458 cie,
1171 3410 1367 3449 desce'nded
1380 3409 1426 3457 of
1434 3409 1639 3457 Margaret,
1651 3407 1787 3444 bastard
1800 3405 1944 3454 daugh-
1983 3404 2025 3451 ἦ,

176 3474 271 3520 king
289 3464 480 3520 hom-agei,
508 3482 546 3506 as
570 3467 606 3505 if
618 3468 684 3505 the
701 3480 828 3504 crown
858 3463 901 3503 of
925 3467 1032 3503 Scot-

174 3528 262 3564 land
289 3538 386 3566 were
414 3523 554 3561 holden
570 3520 615 3559 of
635 3519 701 3569 the
719 3533 846 3558 crown
873 3519 918 3572 of
929 3521 1030 3567 Eng-
1086 3516 1174 3555 who
1192 3516 1306 3554 seems
1323 3517 1371 3554 to‘
1388 3517 1484 3555 have
1505 3513 1701 3551 descended
1718 3512 1764 3553 of
1785 3510 1947 3548 another

1087 3473 1193 3502 terto
1206 3459 1302 3512 k'ing
1312 3461 1505 3501 wnuam.
1529 3459 1754 3511 7.Wimam
1768 3456 1959 3509 ofnqffie,
2001 3446 2026 3514 a]

176 3580 278 3617 land.
1084 3569 1265 3617 daughter
1275 3569 1320 3609 of
1325 3568 1420 3618 king
1428 3565 1619 3622 Williarn.
1635 3565 1674 3605 8.
1687 3566 1813 3616 Roget
1825 3563 1943 3602 Man·
2005 3593 2015 3618 ,Α
2060 3558 2065 3623 J

231 3631 296 3681 (3)
324 3629 448 3669 These
475 3640 587 3676 were,
626 3637 661 3669 1.
688 3627 866 3669 florente
885 3625 961 3668 earl
993 3624 1037 3666 of
1086 3623 1198 3667 devii.
1816 3663 1866 3728 ,C
1986 3643 2001 3660 ·.
2055 3643 2058 3678 g

1873 3692 1949 3726 um
1989 3682 2001 3694 ·
