1992 3801
150 204 287 272 254
488 185 853 265 RERUM
944 178 1641 263 ScorrcnnuM
1883 250 1886 251 a

151 280 418 348 legerimus.
485 278 806 329 Postul‘ationis
828 287 978 326 autem
1001 275 1293 342 iniquitatem
1316 278 1390 326 vel
1408 279 1516 326 inde
1535 275 1671 333 facilc
1691 278 1929 342 apparere,

151 348 286 412 quod
308 345 454 395 Scotis
475 345 710 410 integrum
729 344 877 391 fuisset
898 358 981 404 per
999 342 1180 406 Anglos
1197 341 1247 388 in
1262 342 1734 406 paceconquiescere,
1760 338 1812 389 ac
1838 337 1932 405 Re-

151 428 265 476 gum
293 410 707 476 potentissimorum
739 408 858 454 inter
895 406 937 453 se
970 396 1245 454 bellantium
1275 406 1362 454 sese
1397 403 1669 469 spefitatores
1705 406 1929 469 praebere.
1980 414 1984 416 ’

155 476 308 535 Gallis
326 492 419 524 non
440 476 564 522 idem
586 473 771 523 licitum
792 471 939 524 fuisse,
974 469 1057 518 nist
1081 470 1201 518 bona
1235 470 1404 532 Galliae
1428 480 1559 533 parte
1583 471 1742 519 cedere
1764 469 1935 518 voluis·
1988 501 1992 518 1

155 541 252 590 sent
277 559 288 588 ε
335 557 420 588 nec
461 539 502 586 se
536 539 690 585 videre
719 535 794 584 cui
817 535 912 584 usui
935 534 1032 597 ejus
1053 533 1217 600 oppidi
1252 534 1449 598 possessio
1485 532 1638 582 Gallis
1666 536 1750 598 esl‘e
1771 531 1933 599 poffet,

151 603 238 659 nisi
260 616 310 651 ut
326 604 453 651 velut
469 603 613 651 fraeno
629 601 797 665 injefi‘to
811 598 1164 665 pacis‚bellique
1177 597 1418 647 arbitrium
1436 614 1580 662 penes
1589 597 1631 645 se
1646 601 1730 646 effe
1742 599 1932 646 vellent.

153 669 298 734 Qud
321 669 351 716 si
372 668 422 714 id
441 683 601 715 eorum
624 666 865 716 confilium
887 665 1012 721 esset,
1033 681 1127 712 non
1151 665 1294 712 solum
1318 663 1496 717 utiliuS‚
1522 662 1596 711 sed
1615 663 1755 712 etiam
1776 662 1940 710 hones-

154 734 245 788 tius
272 736 515 780 Scotorum
538 732 747 796 Regibus
769 731 854 777 effe
872 747 928 777 eo
950 746 1118 786 carere,
1143 727 1283 792 quam
1309 740 1403 776 tarn
1430 728 1521 775 levi
1543 729 1600 786 de
1624 718 1755 775 causa
1774 726 1825 774 in
1846 726 1937 774 ser—

154 796 352 857 vitutem
376 797 418 844 se
436 796 741 854 voluntariam
768 795 951 842 dedere.
1013 794 1094 852 Sin
1119 806 1215 853 tam,
1228 792 1390 857 iniqua
1411 792 1635 856 petitione
1660 791 1790 840 Galli
1816 791 1944 851 redis-

153 873 254 910 tum
277 860 336 910 ad
351 862 470 917 suos,
492 877 630 924 quem
637 861 734 922 jam
749 859 928 922 pridem
941 858 1211 916 moliuntur,
1233 857 1444 916 excusare
1462 869 1700 910 conentur,
1717 854 1835 903 nihil
1852 857 1941 904 hac

154 926 448 975 excusatione
471 941 586 987 opus
602 923 757 971 fuisse:
790 939 897 970 nam
921 934 973 969 ut
998 924 1119 969 ultro
1143 923 1446 975 advenerunt,
1469 919 1535 967 ita
1562 921 1641 966 suo
1662 921 1728 966 eis
1750 920 1943 969 arbitrio

155 991 332 1054 semper
345 989 516 1037 licuisse
530 988 777 1035 discedere.
808 987 980 1049 Neque
993 1001 1258 1050 quenquam
1274 984 1465 1039 morari,
1481 1000 1575 1048 quo
1586 983 1738 1045 minus
1750 984 1933 1042 abeant,

157 1056 346 1119 quando
367 1069 544 1106 eorum,
579 1053 610 1100 fi
632 1051 769 1099 inviti
792 1050 1059 1115 manserint,
1080 1066 1267 1112 operam
1291 1047 1505 1096 inutilem
1527 1046 1626 1096 fore
1647 1047 1976 1113 prospiciant-'22

221 1120 326 1168 LII.
360 1120 431 1166 Ita
468 1117 669 1165 reditum
697 1118 757 1164 est
779 1115 807 1162 Ξῑ
828 1116 1068 1180 Rosburgo
1092 1131 1139 1162 re
1161 1114 1363 1162 infesta:
1420 1119 1462 1162 &
1501 1129 1608 1161 cum
1647 1125 1780 1160 antea
1824 1112 1942 1176 saepe

155 1200 321 1249 graves
339 1181 641 1246 querimoniae
656 1182 871 1244 utrinque
889 1179 1089 1234 fuissent,
1112 1191 1209 1226 tum
1233 1179 1264 1226 si
1283 1177 1454 1226 diutius
1473 1195 1543 1225 res
1562 1178 1609 1225 in
1629 1194 1685 1225 eo
1703 1179 1816 1225 statu
1833 1192 1938 1239 per-

158 1248 430 1303 mansissent,
456 1247 614 1310 aperte
636 1246 744 1294 inde
761 1244 1022 1299 inimicitiae
1043 1244 1320 1291 videbantur
1337 1243 1540 1290 oriturae.
1609 1242 1761 1306 Origo
1783 1255 1940 1300 autem

156 1312 479 1360 dissensionum
500 1327 559 1359 ex
587 1310 764 1358 diversa
786 1309 1017 1374 utriusque
1037 1308 1088 1356 in
1113 1308 1237 1356 bello
1259 1307 1450 1355 vivendi
1486 1306 1813 1368 consuetudine
1829 1304 1943 1369 pro-

159 1377 300 1429 cessit.
370 1376 499 1424 S‘coti
520 1375 664 1431 enim,
689 1381 730 1424 &
754 1374 898 1438 Angl‘
922 1391 1016 1422 non
1034 1372 1184 1422 minus
1208 1372 1484 1428 verecunde,
1509 1377 1549 1419 δε
1573 1369 1861 1418 continenter
1888 1369 1939 1417 in
1983 1388 1987 1389 ⁷

158 1442 303 1497 bello,
324 1440 465 1505 quam
487 1440 534 1488 in
554 1457 668 1504 pace
689 1439 813 1504 apud
834 1439 878 1486 ci
938 1456 955 1485 s
979 1438 1078 1486 suos
1097 1450 1259 1502 agunt,
1284 1442 1323 1485 δε
1347 1437 1468 1484 bona
1490 1436 1581 1484 fide
1602 1437 1660 1483 ab
1681 1434 1936 1499 hospitibus

158 1520 348 1571 accepta
365 1505 563 1554 solvunt.
630 1503 793 1553 Franci
813 1520 922 1552 vero
936 1504 1060 1568 quasi
1094 1501 1281 1566 publice
1302 1500 1513 1566 permisso
1535 1499 1804 1555 latrocinio,
1818 1515 1937 1564 qua-

161 1586 346 1637 cunque
369 1571 616 1624 transeunt‚
637 1569 813 1633 praedas
835 1582 982 1634 agunt
1004 1587 1016 1615 ε
1052 1571 1100 1617 ἃ
1122 1565 1204 1630 qui
1227 1566 1253 1613 a
1275 1565 1474 1630 pueritia
1494 1565 1603 1612 huic
1624 1564 1810 1612 vivendi
1831 1563 1941 1613 rati-

160 1636 243 1683 oni
265 1637 566 1703 assueverunt,
591 1635 718 1697 quod
741 1633 916 1697 semper
938 1632 1110 1680 fafitum
1129 1631 1343 1678 viderunt
1353 1631 1457 1693 jure
1476 1628 1574 1677 fieri
1595 1629 1774 1693 putant.
1848 1630 1942 1677 Ita-

161 1717 255 1765 que
275 1712 379 1747 ante
403 1701 451 1747 id
474 1712 655 1763 tempus
691 1715 797 1746 cum
833 1715 917 1746 nec
939 1695 1101 1745 Franci
1136 1695 1163 1741 ὲ
1201 1694 1332 1744 solita
1353 1694 1602 1758 rapacitate
1619 1694 1662 1740 se
1685 1693 1939 1748 continere,

161 1780 250 1812 nec
270 1763 642 1825 Senti-insolitam
665 1762 926 1811 servitutem
951 1761 1170 1823 suscipere
1201 1760 1391 1822 possent,
1419 1759 1533 1822 saepe
1557 1758 1684 1814 rixae,
1712 1771 1849 1824 atque
1870 1758 1943 1807 in-

165 1831 346 1878 terdurn
372 1845 542 1892 pugnae
565 1828 668 1876 aliis
691 1827 843 1876 aliena
860 1826 1162 1890 rapientibus,
1183 1823 1283 1871 aliis
1301 1823 1377 1871 sua
1399 1823 1633 1870 tuentibus
1646 1822 1945 1871 consereban-

164 1905 256 1941 tur.
325 1894 454 1941 Tum
475 1894 573 1957 post
594 1893 712 1940 hanc
733 1893 792 1940 ad
809 1892 1100 1954 Rosburgum
1125 1888 1450 1936 alienationem
1469 1903 1570 1934 cum
1591 1887 1839 1941 Gallorum
1861 1903 1945 1950 pa·

101 1976 108 1989 ¹
164 1959 398 2006 bulatores
415 1970 634 2020 tanquam
650 1957 779 2004 brevi
792 1955 1019 2004 disceffuri
1033 1955 1203 2016 majore
1217 1952 1356 2016 quam
1373 1951 1704 1999 antealicentia
1717 1965 1944 2016 raperent,

165 2028 208 2070 δε
231 2021 380 2074 rustici
401 2022 632 2086 indignati
660 2021 699 2079 se
722 2021 897 2086 paucis,
923 2023 972 2071 &
996 2017 1249 2084 peregrinis
1278 2018 1446 2080 praedae
1476 2016 1578 2072 esse,
1597 2016 1810 2076 jumenta
1830 2014 1947 2080 saepe
1987 2031 1992 2034 ·

164 2087 483 2135 abstrahebant
508 2105 520 2133 ι
571 2085 795 2134 ministros
817 2085 1088 2148 pabulatum
1111 2082 1278 2135 missOS,
1303 2086 1350 2131 ὃς
1377 2079 1548 2139 milites
1569 2097 1710 2144 vagos
1735 2080 1946 2127 vulnera-

165 2152 297 2207 bant,
321 2164 458 2215 atque
480 2150 714 2200 interdum
735 2149 1026 2198 occidebant.
1096 2145 1410 2211 Qerimoniis
1434 2146 1491 2192 ad
1524 2144 1763 2196 confilium
1789 2144 1943 2191 relatis

163 2233 258 2264 uno
281 2217 491 2263 omnium
514 2215 820 2280 agricolarum
843 2212 1055 2261 consensu
1076 2211 1390 2275 respondetur,
1426 2203 1468 2257 se
1498 2209 1682 2274 grav-ius
1715 2208 1743 2255 ὲ
1774 2206 1946 2265 Gallis,
1989 2250 1992 2251 a

167 2280 248 2343 qui
270 2281 313 2328 se
335 2280 541 2328 dicerent
562 2279 753 2335 amicos,
773 2278 915 2342 quam
937 2277 995 2325 ab
1019 2277 1184 2341 Anglis
1207 2292 1262 2323 ex
1297 2273 1491 2338 professo
1512 2274 1710 2322 inimicis
1736 2273 1946 2337 expilari.

169 2348 336 2409 ltaque
358 2362 448 2393 non
469 2344 595 2408 prius
619 2347 882 2408 peregrinos
903 2343 1179 2401 discessuros,
1203 2356 1341 2404 quam
1364 2340 1472 2388 data
1493 2340 1661 2397 damna
1683 2338 1949 2402 compensa—

166 2423 270 2457 rent
295 2429 310 2472 :-
340 2427 424 2457 nec
438 2411 496 2457 ab
518 2410 605 2456 hac
628 2407 879 2472 pertinacia
901 2407 925 2453 ἒι
946 2404 1191 2470 Duglasiiis
1230 2402 1495 2450 hominibus
1531 2402 1730 2450 maxime
1752 2402 1947 2467 popula-

171 2474 300 2522 ribus
323 2474 492 2522 deduci
514 2485 778 2538 potuerunt.
848 2471 1049 2521 Remiffo
1079 2469 1224 2533 igitur
1247 2468 1449 2515 exercitu
1485 2467 1578 2515 dux
1613 2467 1662 2514 in
1684 2465 1840 2514 Scotia
1876 2483 1948 2518 re·

174 2552 347 2596 tentus,
369 2540 516 2586 donec
538 2538 755 2585 omnibus
779 2535 1199 2599 esset‘persolutum.
1249 2531 1501 2579 Gallicum
1523 2533 1581 2578 ad
1600 2532 1828 2578 Calendas
1846 2532 1946 2589 No-

166 2606 380 2651 vembres
403 2605 508 2650 vela
530 2601 752 2656 fecissent,
778 2599 902 2649 Scoti
919 2601 1016 2655 >sive
1040 2597 1272 2650 laboribus
1292 2595 1473 2643 bellicis
1492 2594 1734 2660 superioris
1748 2596 1857 2649 anni
1875 2595 1948 2652 *sa-

169 2668 324 2732 tigati,
346 2668 434 2715 sive
454 2667 610 2733 praeda
626 2680 696 2714 tot
716 2665 923 2713 secundis
945 2662 1322 2728 expeditionibus
1341 2659 1506 2718 satiati,
1522 2677 1576 2709 ca
1588 2658 1779 2724 quidem
1797 2658 1950 2707 hieme

120 2775 122 2778 ,
171 2746 464 2796 quieverunt.
700 2778 702 2780 .
1978 2784 1982 2788 ὴ

233 2798 365 2847 Lm.
405 2795 625 2845 Proximo
647 2809 752 2843 vere
774 2794 1041 2842 Gulielmus
1066 2790 1326 2857 Duglaflius
1364 2787 1605 2837 Arcibaldi
1637 2787 1952 2852 ReguliGal·
1982 2815 1992 2822 s

172 2861 398 2909 lovidiani
434 2862 553 2909 filius
588 2861 637 2907 in
656 2860 950 2908 'Hiberniam
981 2855 1235 2922 navigavit,
1258 2867 1307 2902 ut
1327 2855 1509 2901 crebras
1532 2853 1847 2900 Hibernorum
1872 2867 1952 2901 ex,-
1980 2855 1992 2919 ζ,

170 2925 421 2974 scenfiones
456 2927 505 2973 in
541 2925 693 2979 Gallo,
717 2925 861 2972 idiarn
896 2923 1035 2971 faf'tas
1068 2928 1107 2969 δι
1135 2921 1184 2968 in
1220 2918 1460 2982 praesentia
1496 2916 1801 2972 ulcisceretur,
1839 2922 1875 2964 &
1892 2915 1963 2969 jn]

170 2991 401 3052 posterum
422 2990 706 3054 prohiberet.
778 2991 888 3036 Erat
907 2988 944 3035 is
963 2986 1232 3035 Gulielmus
1255 2982 1445 3034 Scoticae
1461 2981 1715 3045 juventutis
1737 2981 1967 3044 omnibus·
1979 3000 1992 3010 N

171 3054 400 3117 corporis,
437 3059 487 3103 &
513 3053 657 3100 animi
689 3053 941 3101 virtutibus
963 3053 1103 3114 longe
1124 3048 1315 3114 primus,
1384 3049 1555 3111 Ingens
1578 3061 1761 3109 corpuS,
1798 3051 1837 3092 δι
1869 3060 1951 3107 pe·

146 3174 150 3181 1
170 3117 311 3177 τίῐιὼει
334 3120 472 3179 ilites,
498 3117 743 3180 formfique
768 3117 915 3181 (quod
939 3116 986 3163 in
1011 3129 1105 3169 tam
1124 3114 1242 3171 vasta
1264 3111 1583 3176 magnitudine
1602 3125 1700 3156 raro
1722 3109 1834 3157 solet
1849 3112 1950 3171 eve·
1988 3106 1992 3136 3

170 3181 288 3242 nire)
314 3178 418 3228 Eum
442 3181 567 3228 virili
588 3181 814 3245 dignitate
836 3193 980 3245 grata.
1007 3179 1295 3237 Accesserant
1315 3176 1374 3223 ad
1396 3176 1496 3222 haec
1515 3174 1623 3221 belli
1646 3174 1842 3221 decora:
1868 3171 1947 3218 sae-

174 3264 234 3310 pe
257 3261 363 3292 cum
384 3244 541 3308 paucis
563 3246 703 3309 longe
725 3247 879 3308 plures
900 3244 1094 3296 hostium
1117 3241 1346 3306 aggressus
1367 3239 1514 3287 ‘vistor
1530 3238 1729 3300 evaserat
1754 3256 1765 3284 :
1799 3238 1884 3284 nec
1904 3234 1952 3281 in

173 3312 272 3358 ulla
291 3309 381 3356 fuit
404 3308 717 3370 expeditione,
751 3309 800 3355 in
834 3325 926 3371 qua
947 3309 1093 3355 virtus
1121 3309 1217 3369 ejus
1250 3320 1344 3366 non
1365 3303 1598 3351 enituerit.
1665 3303 1821 3364 Atque
1850 3299 1950 3361 h'aec

170 3373 294 3422 bona
315 3390 418 3437 quae
442 3372 490 3418 in
513 3371 751 3436 plaerisque
771 3372 913 3419 solent
934 3374 1019 3418 esse
1042 3369 1282 3424 invidiosa,
1307 3367 1516 3423 comitas,
1550 3373 1589 3415 Sc
1615 3364 1830 3413 modestia
1850 3364 1951 3409 om-

171 3441 310 3486 nibus
335 3450 385 3485 ut
407 3434 537 3501 grata
554 3435 712 3490 essent,
736 3435 977 3482 efficiebat.
1016 3435 1104 3482 His
1129 3434 1226 3496 ejus
1250 3432 1497 3480 virtutibus
1520 3428 1740 3490 Remetfi
1759 3427 1982 3482 nothum3

169 3519 275 3551 enm
299 3503 384 3550 esse
409 3517 502 3548 non
525 3500 777 3563 ignoraret,
810 3511 964 3545 tamen
1001 3498 1222 3561 impulsus
1242 3495 1491 3560 Aegidiam
1514 3495 1653 3542 filiam
1671 3496 1786 3538 rarae'
1805 3490 1850 3536 in
1872 3489 1953 3535 illa

173 3578 306 3614 aetate
333 3560 694 3630 pulchritudinis
715 3562 999 3626 exemplum,
1028 3565 1066 3609 8<
1088 3561 1114 3608 ὲ
1137 3555 1294 3611 multis
1312 3554 1856 3622 nobiliffimisjuvenibus
1873 3560 1975 3622 {fs

815 3638 820 3643 ·
1784 3624 1786 3628 '
1827 3627 1961 3681 poth
1989 3635 1992 3639 ·
