2091 3796
205 117 327 182 142
514 95 871 162 RERUM
961 97 1642 166 ScoTrcARuM

198 191 448 255 praevenit:
471 207 522 238 ac
545 193 743 255 primum
766 194 815 241 in
834 194 999 256 sparsos
1018 194 1308 256 populatores
1329 194 1533 243 invefius
1552 215 1628 243 eos
1650 195 1704 242 ad
1725 196 1954 259 reliquum

195 256 445 308 exercitum
489 259 731 321 compulit,
773 275 836 305 1111
840 274 948 304 11016
984 257 1185 328 quidem
1209 274 1327 309 cum
1366 262 1507 315 caede,
1544 261 1673 324 quod
1714 262 1954 308 Dano'rum

193 321 330 366 castra
352 337 444 372 non
464 320 604 385 longe
621 325 824 369 aberant.
862 320 993 368 Ubi
982 337 1028 367 111
1053 333 1262 368 mutuum
1281 323 1567 395 6011111681οω
1590 327 1650 371 est
1671 339 1876 379 ventum,
1900 326 1955 371 si-

196 400 254 429 ne
279 399 404 431 mora
417 385 641 434 instruc'tis
664 387 844 433 aciebus
869 384 1050 447 paribus
1072 401 1214 448 prope
1236 386 1414 441 animis,
1438 395 1477 434 &
1499 390 1669 435 viribus
1689 391 1747 435 est
1766 405 1960 435 concur-

193 447 307 495 sum.
377 449 497 497 Cum
522 451 680 496 acriter
705 449 916 511 utrinque
942 462 1220 512 pugnaretur
1241 450 1388 496 subito
1411 452 1569 498 Danos
1592 455 1912 514 perturbarunt
1934 470 1961 500 a

191 519 325 586 tergo
342 514 626 577 60111116ἐῖ1(Ἴ
588 531 816 568 araemus,
823 521 859 560 ἃ
874 514 1138 560 Dumbarus
1158 529 1260 560 cum
1278 514 1517 562 Lothianis
1536 517 1815 564 cohortibus.
1837 519 1960 564 Cum

192 576 274 624 alii
295 580 352 625 ad
370 595 523 632 naves„
550 578 628 624 alii
650 596 741 642 quo
762 593 906 625 metus
930 578 1122 624 hostiurn
1140 579 1308 650 agebat
1327 596 1406 641 per
1428 580 1560 625 loca
1549 592 1709 654 ignota
1730 581 1959 645 fugerent,

191 642 337 703 major
358 659 459 706 pars
477 641 525 688 in
543 644 661 690 valle
683 643 864 690 silvestri
885 642 1153 706 conglobati
1174 643 1457 690 occasionem
1478 657 1556 690 aut
1577 661 1642 690 161
1661 645 1775 691 bene
1798 663 1960 709 geren·

192 707 281 758 dae,
306 719 382 753 aut
404 706 582 754 fortiter
594 707 820 754 moriendi
840 708 1209 771 opperiebantur.
1244 708 1454 755 Indulrus
1478 710 1603 754 zelut
1619 709 1800 772 penitus
1822 710 1959 756 hosti-

193 770 278 817 bus
298 772 550 835 profligatis
572 789 677 820 cum
700 772 855 835 paucis
877 772 1149 834 obequitans
1173 773 1309 820 casu
1296 790 1342 819 111
1366 789 1441 820 eos
1465 773 1619 819 illatus
1640 773 1899 821 occiditur
1886 791 1961 821 in·

192 847 329 883 eunte
354 836 534 883 decimo
556 835 622 883 sui
644 838 774 909 regni
796 853 932 883 anno.
1001 837 1190 883 Praesuit
1211 837 1334 884 enirn
1357 837 1502 883 Scotis
1538 853 1703 884 novem
1727 855 1885 893 annos,
1909 842 1962 887 86

193 911 282 946 tres
306 900 491 947 menses.
525 901 640 946 Sunt
661 900 742 963 qui
759 900 950 962 sagitta
937 921 961 947 e
983 918 1096 947 nave
1117 901 1265 946 missa
1253 912 1579 962 interemptum
1599 902 1820 961 prodant:
1848 905 1959 948 dum

192 977 450 1012 exarmatus
475 977 523 1010 ut
540 964 823 1028 fugientibus,
857 964 1173 1012 vehementius
1191 964 1387 1019 instaret,
1408 963 1457 1010 in
1476 964 1825 1012 conscendentes
1848 966 1962 1012 acri-

196 1044 247 1076 us
269 1029 415 1077 fuisset
435 1029 654 1077 investus.

829 1113 1099 1159 LXXVIII.
1131 1113 1172 1158 R
1196 1112 1234 1159 E
1258 1113 1317 1160 X.

258 1193 362 1239 XX.
395 1193 433 1238 E
453 1192 498 1236 O
532 1188 750 1236 defuneto
785 1206 976 1252 regnum
1014 1189 1206 1253 adeptus
1229 1192 1287 1236 est
1315 1190 1483 1237 Duffus
1507 1189 1806 1237 Milcolumbi
1825 1189 1967 1237 filius,

195 1259 239 1304 Is
261 1256 405 1303 statim
429 1254 660 1302 Culenum
683 1254 851 1301 Indulfi
876 1254 1017 1318 Regis
1053 1255 1196 1301 filium
1231 1255 1436 1318 praefecit
1460 1255 1715 1309 Cumbriae,
1756 1268 1892 1318 atque
1912 1256 1962 1302 in

197 1322 406 1368 AEbudas
431 1319 760 1373 tumultuantes
784 1318 917 1375 mifit,
946 1333 994 1366 ut
1016 1335 1087 1366 eas
1111 1336 1137 1366 a
1169 1320 1421 1366 latrociniis
1441 1331 1672 1382 purgaret.
1740 1320 1963 1381 Juventus

192 1387 317 1433 enim
342 1384 511 1431 nobilis
542 1399 711 1447 magno
736 1400 926 1430 numero
949 1383 1171 1430 comitum
1203 1384 1344 1431 ascito
1365 1386 1434 1446 (1)
1461 1383 1722 1448 viffigalem
1755 1384 1836 1429 fibi
1861 1384 1960 1446 ple-

191 1450 300 1496 bem
323 1449 533 1503 faciebat,
556 1461 720 1511 praeter
737 1448 906 1494 vicium
930 1447 1180 1512 gratuitum
1202 1460 1323 1495 certa
1362 1449 1556 1521 pecunia
1572 1448 1758 1522 singulis
1777 1447 1964 1495 familiis

192 1514 381 1562 inditia.
453 1512 589 1560 Ν66
577 1529 625 1559 111
648 1529 723 1560 605
733 1512 948 1585 asperior
970 1513 1058 1560 fuit
1089 1514 1311 1567 Culenu5‚
1336 1530 1474 1577 quam
1496 1512 1543 1559 in
1579 1512 1696 1576 ipsos
1715 1512 1964 1585 insularum

192 1579 449 1652 praefectOS,
468 1595 528 1641 (1·Ι
521 1578 549 1624 i
567 1595 763 1641 genus
730 1577 777 1623 iu
797 1578 1036 1624 hominum
1055 1594 1261 1625 coercere
1276 1578 1541 1625 debuerant.
1563 1578 1793 1624 Indifitum
1813 1576 1893 1632 615,
1916 1590 1966 1624 ut

192 1661 244 1691 m
265 1645 490 1708 posterum
503 1643 604 1706 ipfi,
625 1658 818 1705 quorum
843 1641 1128 1705 negligentia
1144 1643 1241 1688 haec
1263 1643 1534 1690 eveniebant
1551 1643 1769 1688 damnum
1789 1658 1963 1715 accaep

196 1721 294 1755 tum
316 1708 458 1769 plebi,
481 1708 672 1753 multam
697 1706 817 1770 Regi
840 1707 1158 1769 persolverent.
1211 1709 1329 1754 Haec
1350 1706 1644 1755 denunciatio
1665 1718 1843 1753 tanturn
1866 1706 1965 1752 oci-

194 1768 280 1820 osis
303 1773 393 1820 illis
418 1772 721 1819 nebulonibus
745 1771 924 1818 terroris
946 1770 1124 1834 injecit,
1162 1785 1212 1819 ut
1244 1771 1292 1818 in
1314 1771 1590 1819 Hiberniam
1613 1770 1800 1834 plurimi
1821 1770 1962 1818 disce-

190 1838 372 1893 derent3
411 1842 451 1883 &
484 1834 552 1882 ibi
576 1836 852 1882 mercenaria
873 1853 1011 1899 opera
1032 1836 1203 1883 viCtum
1244 1849 1516 1900 quaererent.
1587 1838 1738 1896 Qam
1760 1835 1859 1881 haec
1893 1853 1963 1881 res

193 1903 321 1966 plebi
352 1901 440 1949 fuit
461 1912 605 1965 grata,
632 1914 722 1947 tam
747 1916 955 1973 proceres
979 1902 1165 1949 exulum
1203 1901 1486 1974 propinquos
1492 1935 1504 1955 ,
1547 1900 1801 1971 multosque
1829 1900 1964 1961 juve-

196 1984 311 2014 num
346 1966 395 2013 id
416 1977 560 2030 genus
583 1965 743 2012 ociosae
767 1964 870 2012 vitae
893 1963 1188 2038 probantium
1208 1966 1417 2015 offendit.
1487 1964 1586 2012 Hi
1575 1981 1623 2011 111
1645 1963 1858 2012 omnibus
1880 1965 1963 2011 sta-

195 2032 415 2087 tionibus,
439 2038 487 2087 &
509 2030 838 2077 conventiculis
855 2030 1052 2091 primum
1068 2031 1262 2086 secretis,
1289 2046 1396 2077 mox
1419 2028 1822 2097 comprobantium
1840 2029 1960 2076 rnul-

193 2097 391 2143 titudine
413 2095 535 2149 freti,
560 2095 725 2158 apertis
747 2094 1141 2142 criminationibus
1164 2097 1342 2158 Regem
1363 2095 1635 2142 lacerabant.
1689 2095 1805 2140 Eum
1826 2093 1960 2141 nobi-

197 2161 327 2208 litate
345 2173 610 2232 contempta
626 2159 974 2206 sacrificulorum
1000 2161 1196 2207 consiliis
1219 2161 1422 2207 abduci.
1459 2158 1666 2205 homines
1688 2158 1873 2205 honesto
1895 2158 1965 2205 lo-

196 2241 253 2272 co
275 2237 402 2272 natos
425 2225 482 2271 ad
504 2223 679 2286 servilia
698 2241 884 2272 munera
902 2240 1067 2288 cogere
1099 2243 1110 2271 ε
1136 2224 1283 2288 plebis
1303 2225 1488 2271 ultimos
1518 2225 1575 2270 ad
1598 2223 1793 2270 summos
1815 2223 1961 2269 hono-

195 2307 265 2337 res
294 2290 578 2362 provehere:
615 2288 821 2336 omnium
845 2306 994 2336 rerum
1018 2289 1278 2336 discrimina
1299 2290 1476 2344 tollere,
1507 2304 1560 2334 ac
1588 2287 1761 2334 summa
1794 2286 1963 2334 infimis

197 2354 398 2401 miscere.
425 2353 518 2400 Hic
541 2354 672 2399 status
695 2370 843 2400 rerum
868 2355 897 2400 si
922 2353 1170 2416 perseveret
1212 2368 1290 2401 aut
1304 2353 1533 2400 nobilitati
1555 2352 1648 2400 alio
1666 2352 1960 2424 migrandum

197 2419 300 2468 esisse
326 2431 404 2466 aut
424 2417 566 2464 alium
599 2419 778 2482 Regem
795 2419 1059 2474 creandum,
1080 2419 1159 2481 qui
1191 2421 1415 2491 populum
1451 2416 1517 2464 in·
1536 2418 1757 2477 majorum
1782 2415 1964 2463 institu-

198 2484 273 2539 tis,
289 2483 455 2546 quibus
478 2481 566 2529 hoc
583 2499 775 2554 regnum
797 2499 853 2528 ex
877 2496 969 2530 tam
991 2484 1140 2546 parvis
1158 2482 1300 2530 initiis
1318 2482 1366 2529 in
1383 2483 1501 2529 hanc
1522 2480 1890 2545 magnitudinem
1913 2480 1966 2528 fit

193 2565 311 2614 prog
281 2548 490 2612 gressum,
513 2546 1692 2596 contineat..

262 2613 391 2661 XXI.
425 2613 551 2659 Inter
567 2611 664 2658 haec
688 2613 788 2658 Rex
809 2611 945 2658 nullis
968 2574 1292 2685 apparentibus
1316 2611 1454 2659 causis
1477 2610 1640 2658 morbo
1664 2627 1802 2666 novo,
1827 2616 1868 2658 &
1889 2609 1961 2656 in-

198 2677 358 2725 audito
376 2675 578 2723 affliEtari
600 2675 770 2738 coepit:
815 2677 1001 2724 tandem
1019 2676 1120 2723 aliis
1142 2677 1232 2723 alia
1252 2677 1454 2724 remedia
1475 2676 1632 2722 frustra
1653 2674 1963 2738 quaerentibus

194 2741 378 2792 incertis
402 2739 660 2788 auctoribus
682 2757 838 2787 rumor
853 2742 914 2787 est
934 2743 1004 2803 (2)
1028 2742 1323 2805 pervulgatus
1342 2757 1448 2787 eum
1466 2740 1774 2813 maleficarum
1793 2739 1962 2786 venefi-

197 2807 278 2854 ciis
303 2808 424 2870 peti:
465 2805 553 2852 five
575 2821 630 2852 ex
649 2805 831 2852 indiciis
853 2817 951 2852 orta
972 2805 1251 2878 suspitione:
1284 2805 1372 2852 five
1394 2821 1499 2851 cum
1522 2824 1545 2852 6
1566 2817 1787 2866 perpetuo
1805 2804 1963 2851 sudore

198 2888 361 2942 corpus
378 2867 602 2933 paulatim
623 2869 973 2959 contabesceret,
994 2876 1041 2918 ὃῑ
1066 2887 1183 2916 vires
1202 2870 1464 2924 deficerent,
1480 2868 1739 2930 medicique
1760 2868 1964 2929 undique
2014 2911 2017 2921 ,
2086 2891 2089 2899 ¹

198 2935 333 2982 acclti
370 2934 484 2982 nihil
507 2933 679 2980 salubre
697 2951 797 2997 pro
785 2933 968 2981 serrent.
1015 2933 1352 2980 Communibus
1382 2933 1652 2982 morborum
1686 2933 1826 2979 caufis
1871 2949 1964 2979 non

201 3000 243 3047 sse
287 2997 584 3073 prodentibus
623 2999 681 3044 ad
720 2999 949 3046 occultam
989 2998 1226 3045 decursum
1241 2999 1317 3044 est
1386 2996 1576 3044 Omnib
1571 3014 1616 3044 15
1639 2996 1785 3069 igitur
1799 2996 1848 3043 in
1868 2997 1957 3043 1106

199 3080 341 3111 unum
363 3061 549 3108 intentis
571 3056 753 3109 tandem
791 3064 978 3109 allatum
1011 3064 1073 3110 est
1094 3064 1127 3109 F
1131 3063 1278 3110 oress‘ae
1316 3052 1460 3125 (quod
1499 3063 1559 3108 est
1581 3060 1804 3107 Moraviae
1825 3060 1961 3132 eppi-

198 3127 330 3187 dum)
356 3137 607 3174 conventus
631 3127 907 3174 1108101005
895 3143 943 3173 111
969 3127 1066 3187 ejus
1085 3126 1336 3196 perniciem
1355 3126 1466 3173 fieri.
1533 3126 1589 3171 Id
1611 3125 1721 3187 quia
1741 3123 1855 3170 nihil
1879 3124 1962 3171 ali·-

162 3212 179 3216 „
199 3193 262 3239 ud
284 3190 568 3244 occurrebat,
598 3205 681 3252 pro
702 3207 812 3237 vero
833 3205 1104 3263 accaeptum.
1171 3189 1292 3237 Miffi
1327 3191 1385 3237 ad
1413 3206 1508 3237 rem
1537 3189 1861 3261 explorandam
1885 3188 1966 3235 fidi

198 3255 408 3303 homines
427 3255 485 3301 ad
510 3254 778 3300 Donaldum
810 3254 922 3301 arcis
945 3272 998 3318 pr
979 3256 1228 3310 aefectum,
1251 3253 1346 3312 ‘cui
1383 3253 1594 3300 maximis
1629 3253 1686 3299 de
1707 3251 1839 3299 rebus
1863 3253 1964 3298 Rex

199 3321 376 3384 semper
398 3317 646 3367 maximam
668 3319 834 3365 habere
859 3319 996 3367 fidem
1018 3320 1204 3368 solebat.
1233 3318 1288 3365 Is
1310 3317 1483 3365 indicio
1506 3316 1737 3377 cujusdam
1759 3317 1964 3367 meretri·-

257 3465 317 3513 (1)
347 3465 416 3502 Al.
443 3463 680 3515 veiligalem,
713 3466 819 3503 made
852 3463 918 3504 the
950 3478 1052 3506 com·
1161 3463 1226 3515 (2)
1253 3464 1341 3504 MS.
1362 3465 1596 3516 pervagatus.

202 3532 307 3559 mons
325 3532 392 3568 pay
408 3517 545 3556 tribute
564 3525 603 3557 to
619 3515 743 3557 themt

1833 3621 1970 3676 cul'ae,
