2045 3857
520 185 847 252 Lrssnu
942 185 1366 273 SEXTUS.
1720 219 1839 285 143

87 285 218 337 culae,
242 284 364 344 cujus
389 294 532 330 mater
560 285 655 345 ejus
687 285 794 332 artis
815 284 1005 334 infamia
1025 289 1278 346 laborabat,
1312 303 1452 339 totam
1478 310 1574 342 rem
1595 299 1848 360 deprehen-

87 351 172 403 dit,
196 365 246 395 ac
264 347 450 393 detexit.
522 349 680 396 Puella
700 349 824 396 enim
847 354 974 403 quod
994 353 1052 400 de
1072 353 1213 401 salute
1235 355 1394 419 Regis,
1436 373 1487 403 ac
1510 360 1597 406 fine
1620 364 1720 411 vita<
1739 381 1847 428 pro-

84 413 219 458 ximis
240 410 398 457 diebus
431 414 643 473 quaedam
680 431 848 461 temere
881 417 1118 472 effudisset,
1156 432 1288 481 capta
1309 421 1452 467 statim
1489 424 1718 473 ostentatis
1754 442 1847 477 tor-

83 475 243 524 mentis
259 474 371 535 quid
394 475 607 535 inRegis
628 480 822 526 exitium
845 495 1092 542 pararetur,
1109 482 1346 531 indicavit.
1384 486 1503 532 Miffi
1527 488 1694 547 milites
1716 496 1847 555 puel-

83 541 139 587 ]ae
161 549 350 584 matrem
373 556 478 586 cum
500 542 676 602 aliquot
698 544 977 591 mulierculis
1000 547 1198 609 effigiem
1222 549 1364 613 Regis
1394 567 1570 613 ceream
1594 553 1718 601 lento
1739 557 1848 621 igne

86 614 301 650 torrentes
325 606 629 659 comperiunt.
701 607 750 652 Id
776 607 947 655 facinus
972 613 1028 657 eo
1053 612 1285 667 tendebat,
1328 627 1378 660 ut
1399 631 1515 663 caera
1544 620 1766 680 paulatim
1789 625 1847 669 li-

78 664 315 728 quescente
338 662 504 729 Regin
524 669 730 717 sudorem
754 672 921 718 solutus
946 674 1100 721 senfim
1126 679 1461 727 contabesceret
1487 700 1496 728 :
1535 698 1588 728 ea
1609 699 1718 730 vero
1736 702 1845 734 con-

73 731 252 790 sumpta
274 731 431 793 spiritu
451 733 653 781 descetus
675 749 937 783 moreretur.
1006 740 1166 785 Fracta·
1197 757 1326 788 cerea
1347 742 1568 808 imagine,
1597 762 1648 792 ac
1673 751 1844 809 punitis

75 790 286 840 veneficis
311 797 496 843 tradunt
515 799 677 846 eodem
698 812 933 847 momento
953 803 1131 865 Regem
1152 807 1314 853 morbo
1331 807 1549 856 levatum.
1618 813 1735 859 Haec
1757 833 1847 879 ego

75 869 124 903 ut
149 875 169 901 a
194 859 440 917 majoribus
462 863 630 923 accaepi
651 865 871 911 tradenda
892 866 1062 915 censui.
1153 868 1283 932 Qid
1304 871 1361 918 de
1391 873 1480 919 hoc
1517 888 1684 938 genere
1707 896 1844 928 vene-

72 921 164 967 ficii
187 923 237 968 fit
260 923 561 982 sentiendum,
587 929 838 990 legentium
854 931 1034 989 judicio
1056 933 1283 997 relinquO.
1311 937 1672 988 Admonendum
1693 955 1845 993 tamen

69 986 321 1033 existimavi
340 990 555 1037 lectorem
570 994 692 1056 apud
713 995 975 1041 vetustiores
999 1014 1089 1043 non
1114 998 1326 1046 inveniri.

137 1052 289 1098 XXII.
331 1056 451 1100 [nter
474 1056 571 1100 haec
599 1059 668 1117 (1)
693 1058 872 1119 objecto
903 1061 1062 1122 Regis,
1087 1079 1224 1124 quem
1249 1064 1375 1111 brevi
1399 1067 1668 1120 moriturum
1692 1074 1841 1136 spera-

71 1128 188 1169 rant,
213 1128 335 1162 metu
359 1121 514 1165 multae
539 1121 692 1180 paffim
713 1125 878 1178 caedes,
902 1127 1049 1171 multa
1066 1128 1306 1174 latrocinia
1331 1130 1514 1179 fiebant.
1582 1136 1748 1186 Duffus
1771 1157 1842 1188 re-

69 1179 295 1240 cuperatis
329 1181 504 1228 viribus
541 1185 735 1230 latrones
766 1203 844 1248 per
879 1190 1156 1246 Moraviam,
1196 1192 1412 1250 Rofliam,
1448 1202 1488 1243 &
1522 1200 1840 1252 Cathanefiam

67 1241 249 1290 secutus
280 1246 447 1292 multos
483 1249 614 1294 varri:
640 1249 810 1296 cafibus
833 1252 1082 1300 interemit.
1153 1257 1385 1319 Principes
1417 1277 1573 1310 eorum
1597 1267 1838 1325 Foreffam,

69 1318 120 1352 ut
141 1307 418 1368 conspectius
448 1311 572 1359 fieret
598 1313 870 1375 supplicium
894 1317 1149 1377 puniendos
1172 1321 1369 1369 reduxit.
1437 1326 1510 1372 Ibi
1533 1345 1638 1376 cum
1661 1331 1842 1381 Donal·

66 1371 151 1417 dus
175 1374 288 1419 arcis
322 1375 558 1426 praefectus
590 1378 765 1440 aliquot
786 1382 1047 1428 necessarios
1083 1383 1182 1430 suos
1215 1402 1362 1447 poeuae
1396 1390 1594 1440 eximere
1624 1397 1836 1457 precibus

69 1427 576 1501 nequ3ffet,⁴ingenten1
598 1441 677 1487 irae
700 1444 867 1489 molem
892 1446 1101 1493 adversus
1132 1450 1311 1513 Regem
1340 1456 1565 1519 concaepit
1591 1477 1602 1504 ε
1639 1476 1691 1506 ac
1712 1474 1834 1510 totus

67 1502 193 1545 velut
216 1500 380 1564 insigni
401 1506 681 1553 contumelia
701 1510 904 1563 affectus,
925 1510 972 1555 in
993 1511 1209 1559 vindictae
1231 1514 1510 1578 cogitatione
1528 1536 1636 1570 erat.
1707 1528 1836 1575 Tan-

61 1563 99 1610 ti
124 1565 245 1610 enim
278 1565 352 1612 sua
384 1585 491 1628 erg-a
530 1571 725 1617 Duffum
763 1573 980 1620 beneficia
1014 1576 1277 1633 aestimabat,
1306 1593 1354 1628 ut
1382 1599 1658 1650 quacunque
1692 1591 1748 1637 de
1785 1610 1835 1640 re

68 1629 240 1675 nullam
262 1630 318 1675 ab
341 1649 395 1677 eo
417 1621 639 1694 repulsam
662 1636 758 1698 pati
776 1638 981 1695 deberet.
1026 1641 1161 1689 Uxor
1177 1661 1363 1708 quoque
1384 1646 1592 1698 Donaldi
1609 1669 1713 1701 cum
1732 1655 1836 1720 sup-

64 1692 257 1754 plicium
287 1697 529 1744 noi-:iorum
561 1701 613 1745 ad
646 1701 824 1763 aliquot
858 1702 996 1766 ipsius
1028 1707 1313 1771 propinquos
1336 1713 1631 1773 pertinuisset,
1658 1736 1840 1785 aegrum·

61 1757 215 1803 mariti
238 1760 439 1807 animum
465 1779 554 1808 non
579 1766 718 1812 modo
742 1767 985 1814 verborum
1009 1771 1254 1824 acerbitate
1276 1775 1596 1838 inflammavit,
1619 1782 1694 1830 sed
1722 1801 1833 1834 con-

65 1820 162 1867 filio
184 1823 241 1869 ad
264 1825 404 1887 Regis
431 1843 588 1874 necem
612 1832 820 1886 armavit,
845 1833 1068 1880 affirmans
1092 1837 1253 1902 Regiae
1280 1839 1395 1886 arcis
1416 1845 1645 1893 custodem
1667 1848 1829 1909 vitam,

57 1899 344 1950 mortemque
362 1890 456 1949 ejus
479 1894 525 1939 in
551 1893 625 1940 sua
648 1912 785 1942 manu
807 1897 974 1944 habere
1009 1918 1020 1945 ι
1066 1917 1210 1964 eaque
1230 1905 1449 1966 potestate
1469 1912 1714 1970 praeditum
1737 1932 1830 1964 non

57 1951 198 1998 modo
225 1966 271 1999 ut
292 1952 467 2002 facinus
490 1972 684 2020 patrare,
706 1959 778 2007 sed
803 1962 939 2008 etiam
960 1976 1189 2025 patratum
1210 1970 1439 2020 occultare
1460 1976 1617 2035 posset.
1680 1980 1832 2041 Igitur

57 2029 163 2059 cum
186 2017 287 2063 Rex
309 2018 468 2067 altiore
491 2022 646 2070 somno
669 2026 766 2086 post
789 2028 974 2090 negotia
996 2030 1101 2076 effet
1133 2035 1384 2097 oppreffUS,
1414 2042 1456 2084 &
1473 2038 1663 2087 ministri
1680 2044 1776 2105 ejus
1802 2047 1831 2092 ὲ

58 2075 277 2126 Donaldo
299 2082 468 2146 largius
491 2085 911 2151 invitatijacerent,
928 2092 1129 2154 immistis
1146 2099 1479 2159 percussoribus
1498 2105 1680 2154 nemine
1696 2111 1827 2171 Pror-

56 2139 126 2186 sus
160 2142 376 2192 sentiente
411 2163 539 2196 curat
565 2151 829 2210 jugulatum
860 2158 1037 2221 Regem
1081 2177 1160 2221 per
1192 2162 1415 2223 posticum
1445 2168 1726 2219 efferendum
1761 2174 1828 2222 ita

54 2205 394 2271 circumspecte,
423 2225 472 2259 ut
495 2211 867 2280 nulla'sanguinis
891 2234 1022 2282 gutta
1041 2222 1217 2272 facinus
1239 2227 1468 2289 proderet,
1493 2246 1630 2295 atque
1652 2237 1709 2283 ad
1731 2239 1826 2286 duo

55 2268 201 2318 millia
220 2275 425 2333 passuum
450 2283 477 2323 a'
497 2279 704 2326 Kinloffo
726 2284 940 2331 coenobio
963 2286 1042 2333 sub
1062 2288 1301 2349 ponticulo
1318 2296 1520 2355 quodam
1547 2299 1595 2345 in
1617 2300 1721 2348 loco
1741 2305 1827 2351 ob-

7 2375 11 2382 ,
53 2332 182 2381 scuro
204 2338 513 2400 sepeliendum
537 2345 705 2407 cespite
728 2347 914 2395 herbosa
935 2350 1268 2412 superindusta,
1290 2360 1346 2403 rie
1365 2360 1490 2421 quod
1509 2374 1638 2409 terrae
1660 2368 1824 2415 effoffae
1892 2379 1895 2381 ’

13 2444 17 2445 ⁷
38 2399 291 2463 ‘vestigium
311 2419 564 2467 appareret.
632 2411 741 2456 Hoc
764 2412 877 2458 mihi
900 2414 1184 2464 verisimilius
1205 2419 1405 2478 videtur,
1429 2429 1567 2487 q'uam
1590 2432 1716 2489 quod
1744 2433 1825 2480 alii

53 2464 250 2521 tradunt,
275 2470 426 2515 averso
449 2472 593 2518 amnis
614 2475 741 2520 cursu
764 2477 812 2522 in
840 2478 1041 2526 scrobem
1065 2496 1228 2545 corpus
1251 2483 1473 2546 injeEtum
1495 2506 1506 2535 t
1551 2492 1718 2542 deinde
1750 2515 1823 2544 re-

50 2541 212 2584 vocato
235 2531 438 2581 in'suum
469 2537 649 2584 alveum
681 2540 822 2587 fluvio
846 2542 1133 2604 sepulchrum
1155 2549 1342 2598 tectum.
1411 2552 1613 2603 Ministri
1635 2577 1823 2624 quoque

49 2588 223 2641 sceleris
247 2596 449 2661 ablegati
477 2619 486 2647 ε
524 2603 648 2665 quod
674 2605 834 2666 opinio
857 2605 884 2652 a
906 2608 1154 2669 majoribus
1178 2627 1365 2677 accepta
1397 2620 1647 2669 nostrorum
1670 2625 1821 2674 homi·

48 2670 159 2702 num
185 2659 357 2709 animos
375 2664 525 2712 adhuc
546 2667 752 2715 obtineat
785 2672 1002 2732 praesente
1037 2675 1186 2731 caedis.
1204 2681 1388 2726 auctore
1410 2697 1617 2734 cruorem
1657 2689 1682 2735 ὲ
1717 2692 1821 2739 vul-

47 2719 232 2769 neribus
266 2727 393 2773 velut
441 2744 621 2778 recente
672 2733 874 2783 facinore
922 2738 1018 2800 post
1052 2739 1427 2802 aliquamtnultos
1462 2748 1560 2796 dies
1611 2766 1819 2802 manatu—

48 2799 165 2832 rum.
228 2789 444 2839 Postridie
469 2797 657 2858 vulgato
679 2815 861 2847 rumore
896 2803 1074 2866 Regem
1098 2805 1319 2869 nusquam
1345 2827 1626 2874 comparere,
1647 2819 1816 2868 leffium

46 2843 204 2896 'cruore
224 2854 308 2900 effe
349 2857 653 2920 conspersum,
690 2863 934 2912 Donaldus
971 2880 1020 2913 re
1061 2873 1223 2926 atroci,
1264 2878 1316 2922 δε
1352 2874 1499 2924 subita
1515 2881 1745 2942 perculsus
1765 2885 1817 2934 in

6 2922 11 2927 '
45 2912 310 2965 cubiculum
348 2921 532 2970 advolat
566 2944 576 2972 ε
649 2927 889 2984 ministros,
938 2942 1157 2996 tanquam
1194 2936 1274 2982 irae
1307 2937 1552 3003 impatiens
1574 2945 1762 3010 jugulat
1801 2968 1815 2997 ι

45 2978 206 3024 cuneta
242 2982 413 3034 circum
449 2987 571 3036 circa
605 2990 853 3055 diligenter
878 2997 1166 3062 pervestigat,
1194 2999 1224 3046 fi
1256 3018 1348 3064 qua
1380 3005 1610 3056 cadaveris
1643 3013 1818 3062 indicia

45 3055 372 3103 comparerent.
440 3052 609 3100 Caeteri
632 3068 721 3102 tam
747 3075 867 3106 novo
890 3060 1054 3108 scelere
1071 3063 1258 3112 attoniti
1279 3083 1385 3115 cum
1408 3071 1490 3119 fibi
1508 3091 1695 3138 quoque
1718 3095 1815 3126 me-

44 3106 239 3162 tuerent,
272 3110 460 3161 domum
482 3118 672 3182 quisque
694 3121 948 3172 discedunt.
1016 3128 1087 3173 Ita
1108 3127 1239 3192 Rege
1264 3132 1442 3193 optimo
1463 3136 1511 3184 in
1536 3139 1680 3189 aetatis
1703 3143 1814 3192 flore

39 3184 123 3230 per
145 3171 367 3222 nefarium
387 3178 526 3227 scelus
547 3185 785 3246 postquam
808 3202 1005 3250 quatuor
1025 3207 1186 3248 annm,
1213 3199 1265 3241 δι’
1284 3195 1358 3242 sex
1380 3201 1551 3249 menses
1573 3208 1812 3268 regnasset,

39 3233 266 3346 {ministr}
290 3239 368 3286 ubi
387 3237 390 3241 ’
400 3243 604 3305 primum
636 3253 936 3301 commodum
966 3253 1074 3311 fuit,
1098 3257 1289 3305 comitia
1318 3277 1440 3310 novo
1462 3267 1589 3333 Regi
1615 3274 1817 3320 creando

57 3309 143 3345 ,unt
176 3315 217 3344 la
252 3313 332 3349 ita.
1438 3338 1443 3342 “

100 3425 275 3493 xxm,
311 3392 410 3479 RE
427 3435 475 3481 G
493 3437 530 3483 Ε
563 3438 612 3485 in
634 3379 1206 3497 eossiiiiilgssatffciiuiiho
1230 3455 1398 3504 Indum
1421 3459 1516 3506 filio
1538 3461 1654 3509 nihii
1678 3466 1805 3526 prius

36 3490 202 3546 aetum,
228 3509 367 3555 quam
390 3501 578 3561 quaestio
593 3504 656 3550 de
685 3507 978 3572 Regis.Duffi
999 3515 1125 3561 caede
1146 3515 1332 3567 decreta
1350 3525 1473 3571 effet.
1543 3527 1812 3590 Adigebant

31 3567 217 3616 quoque
240 3558 306 3605 uti
324 3561 374 3608 id
394 3580 694 3629 properarent
712 3573 929 3640 prodigia
952 3595 965 3626 z
991 3591 1164 3637 unum,
1189 3586 1315 3646 quod
1338 3588 1526 3651 proprie
1549 3591 1608 3637 ad
1629 3592 1806 3642 facinus

84 3679 143 3731 (ι)
171 3684 238 3724 Al.
262 3687 416 3740 abjecto.

1703 3792 1806 3839 fer-
