2045 3857
495 151 836 216 LrssER
928 148 1429 214 OCTAVUS.
1740 165 1869 227 213

8 270 9 274 ’
28 301 32 305 .
96 265 272 319 querat,
293 254 337 300 se
359 266 452 297 non
474 249 616 296 modo
638 265 782 313 regno
806 249 1046 295 Scotorum
1075 255 1283 296 exutum,
1307 242 1383 288 sed
1405 245 1463 290 de
1485 244 1660 310 Anglia
1680 246 1873 295 dimica-

96 338 145 368 re
166 319 374 365 coafitum
396 325 615 368 cerneret,
636 325 824 377 gentem
845 311 960 374 saepe
983 309 1223 363 rebellem,
1244 307 1421 381 semper
1442 308 1715 370 inquietam,
1740 319 1781 359 δε
1796 313 1874 361 in-

93 384 250 430 festam
273 381 433 427 tollere
467 378 699 441 cupiebat.
769 378 819 424 Id
848 388 898 422 ut
919 380 960 422 &
983 374 1218 438 perficeret
1239 383 1491 419 exercitum
1514 389 1606 419 non
1640 378 1781 425 modo
1813 391 1874 425 ex

93 446 282 510 Anglis,
308 448 356 494 Sc
379 443 543 496 ScotiS,
568 444 650 506 qui
672 442 934 506 Anglorum
957 439 1121 486 sestam
1141 436 1462 502 sequebantur,
1483 435 1554 482 sed
1583 440 1653 499 (1)
1682 442 1706 487 ὲ
1733 441 1877 489 trans..

93 507 270 559 marina
291 507 486 564 ditione,
513 511 638 570 (quae
657 520 754 555 turn
776 506 820 552 ei
834 521 1019 567 magna,
1041 509 1082 550 ἂν
1104 503 1325 566 opulenta
1341 503 1456 561 erat)
1478 515 1702 562 quantum
1723 508 1877 554 nullus

94 590 297 638 unquam
320 575 422 620 Rex
458 574 719 637 Anglorum
744 569 946 617 habuisse
969 568 1141 615 dicitur
1168 566 1325 629 coegit
1350 584 1360 612 :
1407 567 1660 630 corrogatis
1687 570 1825 617 etiam
1850 572 1879 617 Ξι

94 637 403 687 transmarinis
426 637 586 683 amicis
610 634 812 690 auxiliis,
849 633 1050 679 maxime
1074 632 1100 678 a
1131 629 1358 685 Flandris,
1402 636 1441 677 &
1472 631 1738 687 Hollandis,
1762 652 1878 697 quos

94 717 224 767 pater
246 703 342 764 ejus
374 701 584 748 adversus
607 700 875 762 Philippum
902 697 1148 744 Gallorum
1170 697 1351 757 Regem
1386 694 1596 756 impense
1626 697 1878 758 adjuverat.

95 770 153 816 In
171 785 226 815 eo
249 765 451 814 exercitu
469 766 602 828 supra
619 776 806 811 centum
825 761 974 809 millia
992 761 1267 808 bellatorum
1285 758 1414 805 fuiffe
1436 760 1669 808 dicuntur.
1707 763 1879 826 Seque-

93 832 231 880 batur
253 832 389 879 etiam
416 831 548 878 turba
561 830 792 883 calonum,
814 825 864 877 Sc
883 826 1098 880 lixarum,
1114 840 1369 887 eorumque
1386 823 1468 887 qui
1483 838 1766 874 commeatus
1791 839 1881 875 ter-

45 925 47 928 ·
94 913 145 945 ra
166 897 373 960 marique
394 895 723 950 subvehebant,
759 904 808 939 ut
838 891 887 939 in
909 890 1149 955 regionem
1171 906 1265 936 non
1287 888 1542 937 admodum
1571 888 1759 955 frugum
1794 891 1882 939 foe.

93 963 315 1017 tundam,
339 964 391 1010 &
408 978 490 1024 per
510 972 582 1007 tot
598 976 740 1007 annos
759 956 974 1004 omnibus
999 955 1112 1002 belli
1125 954 1332 1002 cladibus
1356 953 1587 1002 affliftam.
1658 957 1884 1005 Praeterea

96 1043 258 1074 eorum
279 1025 361 1087 qui
386 1027 454 1086 (z)
480 1025 528 1072 in
551 1024 756 1071 colonias
780 1020 1084 1076 describendi,
1127 1024 1168 1066 &
1192 1035 1326 1081 agros
1361 1020 1596 1081 accepturi
1620 1037 1799 1076 uxoreS,
1841 1028 1884 1071 δε

97 1091 266 1139 liberos
289 1091 440 1136 secum
463 1089 705 1137 trahebant
726 1088 889 1150 ingens
908 1085 1174 1133 multitudo.
1217 1084 1357 1129 Totae
1376 1096 1530 1130 autem
1550 1086 1667 1132 vires
1689 1086 1886 1149 opulen-

100 1155 251 1202 tiffimi
268 1154 414 1217 regni,
457 1155 612 1216 &jam
644 1153 725 1200 diu
747 1151 951 1199 florentis
974 1149 1137 1204 oculis,
1176 1146 1427 1211 animisque
1467 1149 1680 1211 subjectae
1710 1162 1885 1199 tantam

97 1219 312 1266 omnibus
337 1218 552 1265 fiduciam
574 1217 831 1281 pariebant,
873 1227 924 1261 ut
945 1231 1040 1261 non
1061 1213 1118 1260 de
1137 1212 1262 1260 bello
1285 1213 1508 1276 gerendo,
1547 1214 1620 1263 sed
1651 1216 1709 1263 de
1728 1218 1885 1278 praeda

98 1283 350 1331 dividenda
370 1284 518 1329 oannis
541 1299 702 1330 eorum
724 1283 829 1329 esset
850 1279 1011 1326 sermo.

163 1349 417 1396 XXXVII.
453 1347 647 1394 Bruffius
672 1358 798 1394 tanto
817 1355 1038 1407 apparatu
1057 1342 1255 1389 hostium
1278 1343 1437 1390 audito
1461 1349 1501 1391 86
1523 1343 1618 1407 ipse
1636 1344 1732 1392 suas
1755 1346 1886 1410 copi-

99 1429 147 1460 as
165 1426 311 1475 parat,
336 1429 528 1459 numero
551 1411 739 1476 quidem
759 1409 967 1457 adversus
987 1420 1161 1456 tantam
1184 1407 1530 1456 multitudinem
1547 1409 1755 1473 exiguas.
1823 1413 1887 1458 E-

23 1511 26 1515 ·
97 1490 202 1526 rant
221 1478 346 1525 enim
370 1477 427 1523 ad
451 1476 642 1540 triginta
663 1475 813 1523 millia
829 1474 1092 1528 hominum,
1113 1473 1188 1519 sed
1203 1473 1315 1519 belli
1330 1473 1425 1529 usu,
1452 1480 1492 1521 δε
1515 1475 1648 1522 malis
1671 1476 1887 1524 domesti-

99 1543 164 1590 cis
186 1542 525 1596 induratorum,
564 1547 603 1588 ἃς
627 1541 708 1604 qui
729 1539 853 1594 vitre,
879 1538 1185 1589 fortunarum,
1211 1536 1517 1601 omniumque
1547 1556 1651 1602 quae
1680 1540 1780 1588 su-nt
1801 1542 1886 1589 ho-

98 1606 302 1655 minibus
324 1623 445 1662 cara,
469 1606 593 1669 spem
613 1605 662 1651 in
680 1605 853 1652 dextris
874 1604 1110 1668 gerebant.
1158 1604 1282 1650 Cum
1304 1603 1390 1648 hac
1406 1618 1547 1651 manu
1573 1606 1644 1666 (3)
1670 1605 1889 1653 finistram

100 1672 250 1736 ripam
271 1670 477 1719 Bannoci
500 1669 703 1718 fluminis
726 1669 927 1717 tenebat.
1013 1669 1088 1716 Est
1116 1682 1270 1716 autem
1292 1667 1330 1714 is
1349 1668 1496 1716 amnis
1518 1669 1718 1731 praealtis
1742 1672 1888 1718 utrin-

30 1736 34 1740 “
100 1754 191 1800 que
205 1736 334 1800 ripis,
359 1735 619 1799 paucosque
651 1741 691 1782 δε
724 1735 936 1798 angustos
959 1734 1100 1780 habet
1123 1734 1349 1780 transitus.
1418 1735 1463 1780 A
1488 1733 1689 1781 Sterlino
1707 1736 1890 1783 circiter

38 1848 40 1854 ,
101 1795 202 1848 duo'
214 1800 361 1848 millia
381 1802 585 1863 passuum
607 1801 744 1848 abest.
814 1799 941 1845 Infra
962 1799 1120 1853 colles,
1146 1810 1395 1862 antequam
1416 1797 1468 1844 inv
1487 1801 1522 1846 F
1526 1799 1708 1846 ortham
1726 1800 1891 1849 influat

102 1883 186 1929 per
222 1867 326 1913 loca
363 1867 552 1927 paulum
598 1864 802 1928 aequiora
828 1865 999 1918 transit,
1039 1862 1115 1910 sed
1152 1863 1269 1909 alicu
1280 1863 1325 1909 bi
1364 1862 1610 1925 paludibus
1644 1864 1888 1929 impedita.

104 1931 277 1978 Hieme
310 1930 500 1993 quidem
531 1931 804 1993 plaerunque
824 1927 1028 1991 rapidus,
1073 1945 1126 1974 ac
1149 1940 1322 1974 torrens
1345 1927 1491 1974 fertur
1523 1947 1533 1975 :
1584 1940 1683 1976 tum
1706 1947 1815 1977 vero
1841 1945 1892 1979 ut

27 1998 31 2019 ³
102 1994 268 2042 mediis
286 1994 514 2041 caloribus
538 1995 734 2042 modicis
754 1992 884 2057 aquis
908 1999 948 2041 δι
971 1992 1181 2056 pluribus
1196 1992 1244 2039 in
1262 1991 1374 2039 locis
1394 1993 1577 2054 pervius
1600 2008 1711 2042 erat.
1778 1997 1890 2043 Sco-

108 2073 181 2106 tus
203 2071 377 2122 quanto
394 2058 568 2106 viribus
586 2059 793 2113 inferior,
819 2070 949 2107 tanto
972 2058 1029 2103 ad
1052 2057 1210 2104 omnia
1230 2057 1600 2118 circumspectior
1627 2071 1676 2106 ut
1697 2072 1810 2116 arte,
1848 2066 1892 2108 δε

104 2123 296 2170 consilio
313 2123 548 2169 transitum
569 2123 917 2187 impeditiorem
939 2121 1125 2185 Anglis,
1142 2123 1225 2185 qui
1242 2122 1613 2185 dextramripam
1632 2140 1890 2189 occupave-

103 2200 226 2244 rant,
251 2187 479 2242 redderet,
504 2187 617 2234 locis
642 2187 920 2252 aequioribus
955 2187 1085 2233 foss‘as
1116 2187 1326 2249 praealtas
1361 2186 1513 2242 duxit,
1536 2188 1585 2234 in
1617 2189 1785 2251 quibus
1808 2207 1891 2253 pa-

0 2280 1 2288 1
52 2265 62 2277 ²
105 2253 175 2298 Ios
200 2264 356 2299 acutos
379 2252 446 2298 ita
465 2251 634 2306 infixit,
657 2266 707 2299 ut
727 2251 917 2314 superne
935 2251 1306 2314 integumentum
1332 2251 1356 2298 ὲ
1379 2250 1470 2298 levi
1491 2252 1661 2315 cespite
1681 2254 1891 2303 fraudem

103 2317 303 2363 caelaret.
375 2318 444 2379 (4)
471 2317 676 2364 Murices
699 2317 811 2365 item
833 2316 1021 2371 ferreos,
1049 2315 1127 2362 ubi
1149 2315 1448 2363 commodum
1472 2316 1734 2374 videbatur,
1770 2319 1892 2384 spar-

102 2380 309 2444 gijussit.
1617 2387 1620 2390 ⁴

173 2445 455 2495 XXXVIII.
489 2447 640 2511 Igitur
661 2463 768 2494 cum
791 2447 928 2492 castra
951 2445 1100 2492 castris
1122 2444 1308 2492 modico
1331 2462 1465 2492 amne
1490 2444 1720 2511 dirempta
1739 2446 1788 2496 in
1811 2451 1892 2498 ad-

54 2559 56 2566 *
107 2511 242 2557 verfis
272 2511 468 2557 collibus
490 2529 636 2575 prope
662 2512 831 2559 collata
852 2512 1006 2566 essent,
1032 2511 1216 2574 Anglus
1238 2510 1528 2574 octingentos
1550 2514 1727 2574 equites
1752 2517 1893 2576 paulo

107 2574 296 2639 longius
330 2574 358 2621 a
387 2577 536 2622 castris
560 2576 829 2624 transmissos
854 2575 1105 2623 Sterlinum
1129 2574 1385 2638 praemittit.
1454 2577 1558 2623 Hos
1581 2578 1811 2626 Robertus
1834 2581 1894 2628 ad

107 2639 251 2686 vicini
274 2639 373 2703 agri
393 2641 596 2703 praedam
621 2640 748 2688 mitti
769 2653 891 2687 ratus
915 2640 1195 2704 quingentos
1218 2640 1397 2703 equites
1431 2640 1511 2687 dat
1533 2641 1735 2690 Thomae
1766 2645 1894 2691 Ran-

110 2703 260 2758 dulfo,
284 2720 390 2751 cum
412 2706 581 2767 quibus
604 2705 790 2752 effusam
812 2721 1029 2768 agrorum
1051 2705 1400 2768 populationem
1424 2704 1662 2760 cohiberet
1685 2726 1698 2754 2
1733 2712 1773 2754 δε
1797 2710 1828 2755 fi
1850 2710 1894 2756 se

55 2825 63 2832 „
103 2769 284 2816 ⁴occasio
302 2770 542 2832 pugnandi
566 2771 711 2824 daret,
735 2786 837 2816 eam
860 2787 952 2816 non
980 2770 1230 2817 omitteret.
1299 2771 1390 2817 Eos
1409 2771 1554 2834 Angli
1574 2771 1824 2833 conspicati
1842 2790 1896 2819 o·-

111 2830 259 2887 miffo‚
284 2849 376 2896 quo
399 2835 669 2897 pergebant,
705 2833 869 2884 itinere
898 2834 1043 2881 aciem
1074 2846 1363 2881 convertunt.
1434 2836 1695 2897 Pugnatum
1719 2838 1780 2883 est
1813 2838 1897 2887 diu

113 2895 276 2944 acriter
294 2900 457 2945 neutro
480 2898 732 2947 inclinante
754 2898 962 2945 vicioria.
1005 2900 1199 2947 Iacobus
1223 2897 1484 2961 Duglasfius
1507 2899 1612 2955 suis,
1631 2900 1713 2962 qui
1735 2903 1896 2963 pauci-

114 2973 216 3006 ores
236 2961 380 3017 erant,
399 2963 696 3015 vehementer
716 2974 924 3011 metuens
947 2963 1169 3012 Bruffium
1191 2978 1308 3020 orat,
1334 2977 1383 3012 ut
1401 2964 1559 3011 liceret
1579 2965 1899 3017 laborantibus

172 3085 233 3136 (1)
261 3088 348 3126 The
377 3089 487 3140 kings
517 3093 562 3130 of
574 3095 743 3143 England
761 3109 858 3133 were
877 3096 974 3134 lot-ds
1030 3094 1087 3131 for
1113 3093 1303 3144 suppofiug
1321 3094 1600 3132 Bannockburn
1625 3103 1665 3133 to
1695 3096 1740 3134 be
1769 3110 1789 3134 a
1808 3111 1897 3136 man

115 3138 162 3176 of
176 3152 287 3189 many
298 3143 484 3191 provinces
500 3146 540 3182 in
558 3148 712 3194 Franoe,
733 3162 770 3185 as
781 3150 974 3186 Norman-
1029 3148 1141 3196 going
1157 3152 1265 3185 down
1286 3160 1325 3185 to
1343 3149 1475 3194 Forth,
1495 3149 1555 3186 his
1576 3150 1645 3187 lest
1665 3149 1764 3188 hand
1783 3151 1813 3188 is
1831 3152 1898 3189 the

118 3194 178 3240 dy,
198 3194 336 3242 Anjmu,
353 3197 544 3244 Turenne,
561 3199 708 3246 Maine,
727 3202 899 3248 Ροίέὶου,
916 3205 974 3239 Α-
1032 3202 1130 3246 west,
1153 3203 1310 3238 towards
1330 3201 1501 3250 Stirling‚

116 3245 300 3304 quintine,
335 3260 355 3283 a
373 3258 472 3296 great
489 3260 569 3299 part
587 3253 632 3290 of
645 3254 771 3293 which
791 3268 888 3291 were
907 3256 975 3292 lost
1085 3253 1148 3302 (4)
1177 3255 1377 3303 Calthrops
1397 3268 1407 3291 t
1438 3255 1550 3304 They
1568 3268 1626 3293 are
1646 3256 1799 3305 engines
1812 3258 1897 3296 used

119 3297 166 3345 by
185 3298 278 3346 king
292 3300 408 3352 John,
424 3301 488 3339 the
506 3305 573 3341 rest
591 3305 680 3356 they
697 3308 864 3357 possessed
883 3317 975 3346 unto
1029 3306 1071 3344 in
1101 3320 1176 3344 war
1206 3316 1245 3344 to
1275 3307 1411 3345 disturb
1438 3308 1635 3346 horsemen
1657 3324 1668 3357 3
1704 3310 1762 3348 for
1789 3311 1898 3360 being

89 3381 92 3385 .
117 3349 184 3386 the
201 3353 289 3406 days
303 3353 347 3389 of
359 3354 452 3401 king
469 3356 596 3405 Henry
614 3358 696 3396 Gth.
1029 3362 1137 3396 made
1157 3361 1250 3398 with
1270 3361 1354 3398 four
1366 3361 1501 3410 points,
1516 3361 1638 3399 throw
1650 3364 1758 3400 them
1771 3364 1901 3401 which«

174 3404 499 3456 (3)'Engliss1men
529 3418 567 3445 to
597 3410 639 3446 be
671 3413 819 3460 planted
850 3412 889 3451 in
909 3413 974 3452 the
1030 3427 1110 3462 way
1129 3427 1199 3462 you
1216 3414 1297 3451 will
1316 3415 1356 3451 in
1376 3414 1442 3451 the
1461 3415 1556 3463 grass
1573 3428 1615 3454 or
1631 3415 1730 3461 sarid,
1761 3430 1832 3452 one
1857 3418 1904 3456 of

85 3454 226 3502 2⁴„sc0ts
245 3470 350 3494 mens
369 3460 471 3495 lands
490 3474 502 3508 3
538 3461 595 3497 for
611 3462 659 3499 he
677 3465 821 3503 divided
840 3468 890 3504 all
914 3467 979 3504 the
1033 3465 1099 3503 the
1119 3467 1240 3515 points
1259 3466 1395 3506 falleth
1414 3481 1500 3505 ever
1517 3470 1666 3516 upward
1687 3481 1700 3516 3
1742 3472 1813 3506 and
1834 3470 1900 3507 be-

96 3503 224 3566 'ffends
241 3511 473 3558 ofScotland
492 3522 530 3549 to
548 3515 803 3564 Englishmen,
828 3520 979 3557 intend·
1033 3519 1099 3568 ing
1117 3521 1217 3556 trode
1236 3534 1299 3567 on,
1315 3530 1451 3559 cannot
1471 3521 1537 3559 but
1555 3523 1686 3560 wound
1706 3520 1773 3559 the
1791 3523 1899 3561 horse
1923 3540 1929 3550 x

121 3572 185 3607 mg
214 3565 352 3612 utterly
371 3573 409 3601 to
428 3573 508 3603 root
526 3575 591 3603 out
607 3567 674 3604 the
692 3568 816 3608 whole
834 3573 977 3610 nation.
1034 3572 1076 3611 in
1092 3572 1157 3611 the
1177 3572 1267 3613 fect.

99 3658 102 3661 .
176 3612 241 3666 (3)
271 3616 359 3655 The
387 3619 563 3679 west-side
597 3624 754 3660 towards
778 3624 935 3674 stix-ling
965 3639 977 3675 ς

48 3685 53 3691 ,
130 3699 135 3702 .
334 3709 340 3718 ,
1711 3686 1713 3689 ’
1764 3696 1906 3743 opem
