1992 3801
137 161 268 244 368
443 166 808 236 RERUM
901 170 1593 242 Soo'rrcARUM

129 262 228 333 pias
248 263 412 324 parari,
439 269 480 311 δε
501 265 593 329 ipse
616 285 672 314 ex
691 267 875 315 adverso
899 269 1026 332 cogit
1048 271 1295 318 exercitum
1323 288 1377 318 eo
1399 274 1602 328 confine,
1630 285 1676 321 ut
1700 275 1727 321 fi
1750 275 1894 341 Angli

124 341 302 386 priores
324 345 428 376 eum
451 328 734 385 invaderent,
759 331 854 393 ipse
878 332 953 379 sua
993 346 1192 381 tueretur
1217 354 1227 381 ε
1266 337 1327 382 sin
1361 338 1509 383 minus
1532 340 1893 399 expeditione'in

122 389 347 439 hosticum
371 393 488 440 facta
508 396 660 441 viclna
681 395 766 441 suis
791 396 955 442 finibus
974 398 1075 444 loca
1095 399 1159 445 ita
1180 401 1440 454 devastaret,
1467 414 1516 447 ut
1537 405 1607 463 (1)
1634 413 1724 450 non
1748 407 1890 453 modo

127 457 442 516 (2).militem‚
468 457 540 504 sed
566 476 622 505 ne
639 460 697 505 ad
719 461 916 507 cultores
940 478 1152 524 agrorum
1174 465 1358 510 alendos
1383 466 1523 511 solum
1545 468 1717 530 alioqui
1740 480 1894 523 tenue,

119 521 361 569 necessaria
383 522 701 585 suppeditaret.
769 525 942 571 Verum
969 521 1216 574 nuncio'de
1235 529 1567 575 Cornaviorum
1593 533 1792 578 tumultu
1827 535 1894 580 al·
1952 528 1963 548 ⁵

118 585 214 631 lato
236 587 382 633 statim
405 585 623 649 Angliam
649 604 754 634 cum
775 589 951 652 magnis
971 592 1114 653 copiis
1138 591 1354 655 ingressus
1375 593 1582 640 bifariam
1605 594 1702 641 suos
1722 597 1889 645 divifit.

122 650 294 697 Partim
317 651 374 697 ad
408 651 740 699 Dunelmenses
763 670 894 716 agros
918 656 1205 717 populandos
1249 656 1399 708 miffis,
1445 673 1547 704 cum
1590 659 1776 722 reliquis
1799 661 1895 723 ipse

119 713 374 761 Noramam
400 730 548 761 arcem
571 715 768 763 validam
796 718 851 764 ad
876 720 1090 766 Tuedam
1130 721 1177 767 in
1199 722 1316 767 colle
1340 722 1528 783 praealto
1552 723 1676 769 fitam
1710 732 1895 788 oppug-

117 795 226 825 nare
247 780 530 842 aggreditur,
580 781 670 828 Sed
692 799 776 828 nec
796 782 898 837 hac,
925 801 1007 831 nec
1030 785 1136 831 illae
1159 802 1377 848 magnum
1400 801 1550 846 operte
1574 787 1772 849 pretium
1797 797 1893 834 iac-

116 853 233 890 tum.
302 845 427 891 Nam
451 844 671 890 Ricardus
695 846 862 910 Foxius
885 848 1206 895 Dunelmenfis
1231 849 1483 910 Episcopus
1502 850 1570 895 vir
1587 851 1761 899 summa
1783 869 1893 914 pru-

116 907 291 962 dentia,
315 925 340 954 e
360 909 471 954 statu
494 908 558 954 rei
581 909 793 971 Anglicae
812 913 994 958 turbato
1017 912 1259 974 suspicatus
1280 915 1465 959 Scotum
1491 926 1663 960 tantam
1686 917 1750 962 rei
1775 917 1893 964 bene

107 973 331 1034 gerendae
352 972 631 1019 occasionem
657 990 749 1019 non
771 976 1053 1030 omiffurum,
1093 993 1214 1023 arces
1253 977 1431 1038 aliquot
1464 978 1632 1023 validis
1671 980 1890 1040 praesidiis

85 1086 89 1087 ⁷
115 1035 439 1084 communivit.
482 1037 653 1095 Pecora
674 1055 872 1101 quaeque
895 1039 985 1086 alia
1006 1040 1112 1086 ferri
1131 1040 1264 1104 agive
1287 1054 1498 1102 poterant
1520 1042 1566 1086 in
1590 1043 1690 1088 loca
1712 1057 1790 1090 aut
1811 1059 1909 1090 naz

114 1111 217 1147 tura
239 1112 353 1155 tuta,
394 1113 473 1147 aut
494 1101 723 1157 amnibuS,
760 1107 808 1152 ὅτ
832 1103 1078 1166 paludibus
1099 1104 1323 1167 impedita
1354 1106 1664 1152 transferenda
1695 1108 1890 1156 curavit.

114 1163 445 1228 Comitemque
488 1166 713 1222 Sunium,
749 1168 833 1229 qui
855 1185 1041 1231 magnas
1065 1168 1111 1215 in
1135 1187 1245 1232 agro
1269 1170 1538 1216 Eboracenfi
1562 1171 1714 1234 copias
1747 1172 1891 1219 habe·

114 1228 209 1284 bat,
234 1231 431 1276 accersit.
500 1230 650 1294 Igitur
669 1231 894 1279 incendiis
917 1232 964 1279 in
988 1250 1120 1298 agros
1144 1234 1283 1280 modo
1320 1234 1522 1280 saevitum
1564 1237 1623 1280 est
1650 1253 1660 1281 z
1709 1239 1756 1285 ὃς
1781 1237 1887 1283 Νο-

111 1309 238 1340 rama
277 1293 430 1341 valide
454 1310 480 1340 a
502 1296 710 1357 praefidio
746 1297 806 1344 est
825 1298 1020 1345 defensa.
1091 1300 1161 1344 Ita
1183 1300 1309 1345 nulla
1339 1315 1386 1344 re
1423 1299 1711 1345 memorabili
1734 1303 1890 1363 igesta,

111 1357 234 1404 Scoti
258 1358 447 1406 domum
469 1360 719 1408 redierunt.
788 1362 934 1426 Angli
956 1378 1033 1409 eos
1068 1361 1192 1414 brevi
1215 1362 1353 1410 secuti
1378 1364 1576 1409 Atonam
1601 1380 1747 1410 arcem
1787 1381 1889 1411 mo-

110 1423 262 1469 dicam
283 1431 428 1487 ptope
450 1423 499 1470 in
520 1424 617 1487 ipso
639 1425 788 1474 limite
826 1428 951 1474 fitam
975 1439 1249 1474 everterunt.
1319 1427 1503 1474 Deinde
1529 1434 1568 1474 δε
1592 1426 1674 1490 ipsi
1698 1445 1886 1492 quoque

111 1488 241 1534 nullo
263 1503 415 1549 operae
437 1489 592 1551 precio
614 1488 734 1537 facto
756 1507 812 1538 ex
834 1491 1004 1538 hostico
1026 1493 1319 1538 excesserunt.
1638 1498 1640 1501 ’

175 1553 335 1599 XVII.
372 1555 497 1600 Inter
518 1554 600 1600 hos
632 1569 783 1602 motus
814 1567 1044 1610 externos,
1082 1562 1123 1604 δε
1145 1556 1303 1603 civiles
1324 1555 1451 1602 venit
1473 1553 1534 1600 *in
1559 1557 1778 1620 Angliam
1804 1559 1889 1604 Pe-

109 1627 205 1664 trus
228 1616 409 1672 HialaS,
433 1618 504 1664 vir
521 1620 775 1680 prudentiae
797 1620 1120 1685 fingularis,‚&
1147 1635 1194 1666 ut
1216 1620 1295 1667 illa
1315 1621 1521 1667 ferebant
1544 1633 1767 1684 tempora,
1794 1639 1886 1669 non

111 1680 340 1736 indoctus,
368 1698 393 1727 a
418 1684 488 1745 (3.)
525 1684 834 1740 Ferdinando,
857 1690 904 1733 δε
930 1685 1120 1732 isabella
1143 1685 1346 1748 Regibus
1370 1684 1693 1746 Hispaniarum
1719 1686 1886 1733 missus.
1937 1745 1942 1748 ι
1991 1722 1992 1738 ,

109 1745 221 1805 Ejus
244 1746 486 1809 legationis
511 1747 685 1795 summa
706 1762 817 1804 erat,
840 1761 889 1795 ut
913 1750 1163 1796 Catharina
1181 1766 1338 1796 eorum
1358 1749 1453 1795 filia
1476 1752 1671 1796 Ateium
1694 1750 1896 1797 Henrici'

111 1809 208 1857 filio
231 1811 472 1866 collocata,
492 1827 610 1859 nova
631 1812 840 1868 affinitas,
863 1820 902 1860 &
920 1830 976 1861 ex
999 1832 1050 1860 ea
1074 1814 1344 1861 neceffitudo
1367 1813 1726 1862 contraheretur.
1767 1817 1885 1862 Eum
1955 1833 1966 1840 ⁴

107 1889 215 1921 cum
234 1876 292 1922 de
314 1875 532 1923 affinitate
554 1877 734 1941 Anglus
757 1878 954 1925 libenter
974 1878 1180 1932 audisset,
1205 1877 1485 1939 cuperetque
1506 1877 1641 1925 etiam
1669 1895 1723 1925 eo
1745 1878 1888 1926 inter-

107 1952 237 2002 prete
255 1956 361 1987 cum
385 1942 522 1987 Scoto
547 1943 595 2001 (a
618 1958 710 2004 quo
732 1941 827 2005 ipse
850 1959 1010 2005 parum
1034 1961 1059 1990 e
1082 1942 1308 2006 dignitate
1332 1943 1407 1987 sua
1425 1942 1629 2004 putabat,
1657 1955 1705 1989 ut
1724 1959 1887 2005 pacem

105 2006 302 2067 peteret)
331 2005 506 2052 bellum
528 2004 674 2062 finire,
705 2008 865 2054 Petrus
888 2006 1035 2055 libens
1059 2006 1297 2071 negotium
1321 2005 1511 2067 suscepit
1536 2025 1546 2052 :
1581 2021 1634 2052 ac
1656 2007 1887 2069 profectus

104 2068 155 2115 in
176 2069 395 2124 Scotiam3
419 2084 525 2117 cum
542 2070 666 2118 varie
687 2072 905 2119 versando
928 2072 1085 2119 Iacobi
1123 2071 1323 2118 animum
1350 2072 1535 2117 tandem
1569 2072 1626 2117 ad
1644 2071 1892 2134 {quietiora

108 2133 295 2181 confilia
317 2151 420 2181 eum
446 2135 650 2191 flexiffet,
675 2136 848 2198 scripfit
870 2136 927 2182 ad
949 2137 1175 2200 Anglum,
1208 2136 1249 2182 se
1272 2135 1446 2198 sperare
1467 2151 1627 2197 pacem
1651 2137 1742 2181 nOn
1766 2135 1887 2183 diffi-

105 2198 252 2246 culter
272 2200 398 2247 co'ire
419 2200 556 2262 posse,
579 2201 610 2248 fi
628 2201 722 2264 ipse
741 2201 944 2264 aliquem
966 2201 1099 2248 esuis
1122 2201 1357 2247 hominem
1388 2200 1656 2262 prudentem
1672 2199 1727 2246 ad
1752 2202 1887 2248 statu·
1921 2240 1923 2242 .

103 2263 277 2311 endum
301 2264 360 2311 de
391 2263 734 2313 conditionibus
756 2266 974 2313 mitteret.
1042 2266 1244 2330 Anglus,
1270 2276 1320 2311 ut
1340 2264 1481 2310 homo
1508 2263 1703 2310 fortunae
1725 2264 1888 2312 incon·
1933 2314 1935 2318 Α
1975 2254 1977 2257 ’

107 2328 315 2376 stantiam
338 2329 455 2391 saepe
479 2342 690 2393 expertus
712 2330 894 2378 suorum
918 2330 1081 2377 animis
1104 2347 1129 2377 e
1151 2328 1399 2376 domestico
1422 2330 1623 2374 tumultu
1647 2327 1795 2376 adhuc
1819 2329 1887 2376 fe-
1923 2343 1927 2347 ·

104 2392 307 2448 rocibus‚
333 2410 417 2440 nec
439 2405 530 2441 tam
549 2395 679 2442 clade
697 2393 868 2452 fractis,
889 2412 1029 2458 quam
1051 2394 1239 2442 irritatis
1256 2393 1390 2454 jubet
1403 2392 1652 2439 Ricardum
1672 2395 1706 2440 F
1710 2393 1885 2450 oxium,
1917 2410 1921 2413 ·

105 2456 188 2520 qui
209 2455 259 2503 in
281 2472 384 2505 arce
402 2458 476 2504 sua
494 2459 701 2506 Norama
717 2459 760 2506 se
777 2459 1062 2514 continebat,
1083 2458 1269 2506 consilia
1283 2473 1387 2504 cum
1411 2456 1552 2504 Hiala
1573 2457 1902 2508 communica-¹
1945 2487 1950 2492 -

105 2537 171 2568 re.
240 2521 309 2569 Hi
330 2537 438 2569 eum
460 2523 681 2587 Iedburgi
703 2540 808 2586 cum
833 2525 1071 2571 Scotorum
1096 2522 1260 2586 legatis
1283 2539 1365 2585 per
1386 2521 1564 2583 aliquot
1593 2520 1689 2567 dies
1711 2521 1888 2586 discepss·

106 2586 281 2641 taffent,
307 2587 463 2635 multis
485 2587 605 2635 ultro
626 2587 837 2651 citroque
852 2588 1032 2650 jactatis
1055 2585 1401 2646 conditionibus
1425 2585 1542 2632 nihil
1565 2584 1678 2631 certi
1699 2587 1908 2659 {latuere
1937 2592 1960 2630 ἶ
1990 2640 1992 2648 Ι

104 2661 373 2713 potuerunt.
442 2651 536 2698 Pax
557 2654 654 2715 quo
676 2652 828 2699 minus
852 2653 1014 2708 coiret,
1039 2653 1246 2705 maxime
1259 2649 1542 2713 impediebat
1566 2651 1762 2697 Henr1c1
1784 2650 1890 2719 pos-⁴]
1944 2676 1958 2718 3
1974 2686 1979 2715 5

105 2714 287 2771 tulatio,
311 2715 393 2780 qui
415 2732 599 2779 aequum
621 2716 832 2780 censebat
853 2719 1039 2764 Petrum
1061 2717 1324 2764 Varbecum
1347 2713 1583 2761 hominem
1622 2714 1886 2762 fraudulen-

103 2789 222 2835 tum,
249 2785 291 2827 &
314 2780 565 2828 multarum
581 2781 818 2829 turbarum
841 2783 1072 2829 auctorem
1097 2781 1180 2828 fibi
1197 2779 1323 2827 dedi.
1378 2778 1432 2825 Id
1454 2794 1559 2825 cum
1583 2780 1780 2826 Iacobus
1802 2778 1890 2826 oba*
1990 2806 1992 2843 f

103 2842 265 2893 stinate
287 2856 493 2910 negaret,
516 2861 667 2909 neque
688 2845 814 2894 enim
836 2846 1074 2893 honestum
1097 2845 1181 2893 fibi
1201 2845 1305 2899 effe,
1327 2842 1566 2890 hominem
1589 2844 1726 2908 Regii
1744 2834 1987 2915 gene-''sfffjs

102 2906 166 2956 ris
196 2907 399 2971 primum
419 2909 820 2973 supplicem‚mox
845 2912 916 2974 (4)
937 2911 1118 2958 affinem
1137 2908 1311 2956 violata
1339 2907 1428 2954 fide
1465 2907 1661 2954 hostium
1683 2906 1908 2962 ludibrid'

40 2972 45 2982 '
103 2972 300 3029 tradere,
323 2973 493 3021 infecta
513 2991 562 3022 re
579 2990 606 3021 e
628 2973 865 3039 colloquio
887 2974 1119 3022 discess‘um
1141 2975 1219 3021 est.
1287 2973 1378 3034 Spe
1401 2984 1555 3019 tamen
1585 2988 1677 3018 non
1699 2971 1902 3038 penituss
1931 2970 1965 3038 -ωῑζι

103 3036 282 3099 abjefita
297 3037 494 3085 induciae
515 3037 564 3086 in
587 3040 766 3104 aliquot
783 3038 956 3087 menses
973 3039 1240 3095 fae'tae,dum
1261 3035 1457 3085 Iacobus
1479 3035 1744 3084 Varbecum
1767 3032 1904 3105 salvi·
1918 3042 1951 3094 ἶῖ

102 3100 194 3153 fide
214 3102 274 3148 ab
295 3101 338 3149 se
358 3101 628 3151 dimitteret.
884 3118 886 3120 ·
1572 3123 1575 3125 ·
1692 3119 1697 3122 ’
1741 3123 1747 3128 ·
1834 3159 1873 3172 ,
1893 3138 1896 3142 ⁴
1921 3116 1971 3165 112*-

167 3166 354 3216 XVIII.
382 3167 511 3214 Cum
525 3167 624 3229 jam
641 3185 700 3217 ex
718 3167 958 3234 colloquio
975 3183 1082 3218 cum
1099 3165 1287 3233 Anglis,
1303 3164 1574 3232 magnisque
1595 3164 1696 3214 aliis
1713 3161 1921 3241 indict-{3⁴
1941 3188 1954 3235 3
1974 3195 1983 3209 r<

157 3295 220 3348 (1)
246 3298 336 3336 Non
350 3299 462 3335 modo
479 3312 545 3348 pro
562 3311 638 3338 non
655 3299 766 3338 modo
783 3312 874 3340 non.
1020 3295 1086 3338 son
1113 3296 1248 3348 Ph1lip
1282 3296 1444 3346 brought
1476 3295 1517 3334 in
1535 3295 1603 3334 the
1631 3281 1883 3333 Nethertande
1980 3274 1990 3321 ν’

155 3350 224 3400 (2)
250 3351 346 3390 MS.
363 3352 407 3389 ad
421 3351 602 3390 militem.
673 3379 676 3382 -
703 3378 705 3381 .
1020 3354 1092 3390 and
1109 3351 1326 3401 Burgundy‚
1341 3351 1500 3389 Charles
1518 3349 1584 3388 the
1597 3348 1666 3402 5th
1684 3347 1750 3386 the
1760 3343 1882 3393 duffly
1961 3367 1966 3373 ,

181 3405 225 3457 3)
254 3403 461 3444 Ferdinand
479 3404 575 3454 king
599 3404 645 3443 of
658 3406 843 3454 Arragon,
863 3418 966 3444 mar·
1020 3405 1070 3443 of
1081 3405 1222 3451 Milan,
1262 3406 1333 3442 and
1357 3403 1488 3453 Philip
1505 3402 1574 3440 the
1597 3403 1646 3440 2d
1663 3396 1864 3446 Rortugal(

103 3458 210 3508 rying
239 3449 358 3497 I'sobel
384 3472 504 3508 queen
532 3459 577 3497 of
589 3458 740 3506 Castile,
778 3460 850 3496 and
875 3472 965 3496 con·
1077 3456 1139 3507 (4)
1168 3456 1266 3495 This
1282 3456 1427 3495 Perkin
1444 3455 1636 3494 Warbeck
1650 3447 1874 3492 hadmarri-
1903 3489 1905 3492 Α

102 3512 260 3560 quering
287 3513 442 3563 Naples‚
464 3513 653 3558 Granada,
672 3512 755 3559 ‘and
779 3513 961 3558 Navarre,
1016 3510 1472 3565 edKatherinedaugl-iter
1482 3517 1522 3547 to
1534 3505 1680 3547 theeaxl
1691 3502 1878 3563 quusst‘

102 3564 262 3613 brought
290 3565 357 3603 the
389 3566 477 3614 long
508 3565 652 3603 divided
671 3563 785 3615 Spain
803 3565 854 3602 all
875 3565 963 3614 (ex-
1017 3565 1069 3613 ly,
1093 3565 1279 3613 begotten,
1311 3576 1349 3616 aa
1379 3563 1411 3600 it
1439 3560 1623 3610 seemeth,
1649 3567 1747 3609 upon
1778 3555 1879 3608 jeju.)
1911 3594 1922 3599 ..

101 3626 184 3670 cept
198 3619 397 3672 Portugal)
416 3618 498 3662 into
510 3631 583 3663 one
597 3617 802 3669 monarchy
823 3631 833 3660 z
865 3616 965 3663 their
1017 3618 1115 3661 sister
1133 3626 1172 3682 tf>
1190 3615 1286 3667 king
1304 3617 1430 3669 James
1448 3614 1514 3672 the
1531 3612 1592 3653 ad.
1653 3638 1661 3643 »
1932 3617 1934 3621 ’

1834 3707 1886 3760 is
1937 3693 1949 3724 '-
