1992 3801
132 173 266 238 390
447 152 811 222 RERUM
905 156 1601 229 ScortcARUM

128 259 253 294 runt.
309 245 520 296 Duorum
559 251 748 299 fratrum
787 249 937 313 capita
957 250 1144 314 publice
1165 253 1212 301 in
1235 254 1339 301 loco
1358 253 1556 302 maxime
1579 256 1822 320 conspicuo
1845 261 1904 308 ad

128 323 345 358 terrorem
366 312 471 369 fixa,
492 315 613 362 bona
634 316 880 378 publicata.
1486 333 1488 336 ’

192 376 333 423 VIII.
359 377 462 424 ‘Hic
485 380 584 426 finis
606 380 694 426 suit
713 380 1218 440 (1)AlexandriI-Iumii
1241 373 1446 429 omnium
1466 384 1530 430 sui
1553 384 1770 447 temporis
1792 387 1903 433 Sco-

128 451 281 488 torum
306 443 596 500 porentiffimi
622 462 632 490 ε
665 443 747 506 qui
768 460 1031 506 quanquam
1055 446 1105 492 in
1121 447 1216 492 vita
1238 442 1488 494 multorum
1510 450 1634 505 odia,
1654 455 1694 495 &
1716 453 1902 498 aemula·

125 504 302 552 tionem
322 505 556 554 adversum
580 507 1013 564 seinflammaverat,
1039 521 1191 556 tamen
1211 510 1306 570 ejus
1330 512 1903 563 morsinvidiasenescente

121 569 376 635 multorum
396 571 676 618 sermonibus
713 570 835 619 varie
872 573 1098 620 celebrata
1115 573 1202 621 fuit
1228 591 1238 619 :
1275 591 1422 638 eoque
1448 577 1737 638 potiffimurn,
1764 581 1894 642 quod

92 648 93 651 ’
127 635 258 681 nullo
300 651 419 682 novo
462 635 669 689 crimine,
707 637 780 683 sed
801 637 983 684 Ioannis
1022 638 1235 685 Heburni
1277 640 1626 689 Coenobiarchae
1661 643 1901 690 calumniis

42 716 46 722 ·
121 699 366 747 concidisse
388 700 670 747 credebatur.
735 702 896 747 Homo
918 701 1039 749 enim
1065 703 1289 758 fau-iosus,
1314 707 1363 752 δε
1386 704 1601 752 νὶηάὶξίεε
1623 707 1785 754 avidus
1805 707 1895 755 im-

120 763 341 824 placabili
383 764 492 810 odio
529 765 736 811 adversus
760 766 990 813 Humium
1012 768 1189 822 arserat,
1213 768 1340 831 quod
1363 769 1457 828 ejus
1483 770 1613 817 unius
1637 787 1775 834 opera
1797 775 1894 818 Ar-

69 830 72 832 ’
119 826 460 891 chiepiscopatu
483 828 596 875 Fani
613 830 811 877 Andreae
833 832 1037 878 exclusus
1057 832 1218 878 fuiss'et.
1286 833 1492 895 Ideoque
1517 835 1677 882 odium
1699 844 1826 882 vetu's
1848 838 1895 885 in

125 904 307 955 ternpus
327 894 576 951 recondens
619 894 804 956 Proregi
819 894 1093 954 jamdudum
1135 896 1196 942 ob
1215 895 1478 957 suspitiones
1501 900 1690 946 Humiis
1710 900 1890 949 infenso

118 957 314 1015 durioris
337 956 511 1002 confilii
532 959 688 1004 auetor
708 958 834 1004 fuisse
856 960 1152 1014 existimatus,
1180 960 1349 1006 ostenso
1368 974 1589 1023 quantum
1606 964 1745 1026 Regi,
1768 969 1818 1014 ὃς
1842 982 1895 1011 u-

110 1021 304 1070 niversae
323 1022 386 1067 rei
410 1021 602 1067 Scotieze
626 1023 881 1084 periculum
899 1023 1176 1079 immineret,
1199 1025 1228 1070 fi
1252 1023 1485 1080 discedens
1509 1025 1661 1089 ipsein
1687 1028 1894 1077 Galliam

115 1098 211 1132 tam
234 1101 382 1131 acrem
408 1085 650 1132 inimicum
671 1087 953 1133 incolumem
978 1089 1270 1150 relinqueret.
1340 1086 1466 1151 Qid
1488 1091 1610 1138 enim
1634 1107 1689 1138 eo
1713 1092 1895 1141 absente

114 1151 299 1197 ausurus
338 1166 428 1196 non
453 1151 574 1204 effer,
599 1151 679 1215 qui
701 1151 932 1213 praesentis
971 1153 1286 1200 audior-itatem
1325 1154 1461 1202 toties
1495 1157 1831 1219 contempsisset
1871 1163 1890 1206 ἓ

115 1215 212 1275 ejus
234 1213 435 1260 hominis
455 1217 810 1271 contumaciam,
836 1233 939 1278 quat
963 1234 1045 1263 nec
1070 1218 1286 1278 praemiis,
1310 1235 1394 1264 nec
1413 1219 1681 1275 honoribus,
1706 1237 1790 1267 nec
1812 1240 1892 1269 ve·

111 1279 190 1326 nia
213 1278 345 1325 toties
367 1279 521 1326 oblata
543 1279 675 1327 leniri
709 1282 868 1343 posset,
904 1282 1024 1328 ferro
1046 1282 1362 1346 frangendam,
1389 1283 1418 1329 fi
1441 1300 1536 1330 rem
1562 1286 1783 1332 Scoticam
1809 1287 1895 1335 sal-

112 1359 217 1390 vam
238 1343 321 1389 effe
341 1344 468 1390 velit.
537 1345 672 1399 Haec‚
696 1359 831 1408 atque
853 1346 1169 1406 hujuscemodi
1191 1364 1295 1393 cum
1318 1365 1400 1410 per
1414 1347 1605 1410 speciem
1627 1350 1892 1398 consulendi

113 1408 243 1455 saluti
282 1409 518 1473 communi
554 1409 604 1456 in
642 1410 844 1456 animum
869 1410 944 1456 sua
966 1410 1123 1473 sponte
1146 1429 1319 1476 aegrum
1359 1413 1585 1474 paulatim,
1617 1413 1901 1476 irreperent,

112 1473 218 1536 plus
240 1485 404 1536 putant
422 1475 475 1520 ad
498 1488 691 1521 mortem
715 1473 1018 1528 Humiorum‚
1040 1493 1177 1538 quam
1201 1477 1395 1525 crimina
1414 1478 1615 1525 valuisse.
1663 1479 1890 1527 Extinffis

111 1537 328 1585 fratribus
351 1538 540 1585 Humiis
563 1540 770 1585 Andreas
793 1539 939 1586 Carus
977 1540 1222 1603 impetrata
1245 1541 1376 1587 unius
1419 1542 1563 1588 noffis
1587 1558 1731 1597 mora,
1758 1556 1806 1590 ut
1830 1546 1888 1592 de

111 1601 276 1650 animae
293 1600 433 1649 salute
470 1604 712 1667 cogitaret,
735 1619 818 1666 per
859 1603 1050 1658 amicos,
1079 1621 1132 1651 ac
1172 1605 1367 1652 maxime
1404 1622 1486 1668 per
1509 1607 1719 1662 Gallum,
1762 1610 1889 1671 apud.

112 1683 253 1728 quem
276 1666 591 1722 asservabatur,
629 1685 720 1725 non
756 1669 845 1714 fine
869 1671 1076 1730 pecuniae
1099 1671 1426 1732 repraesentatas
1451 1671 1693 1733 suspitione
1715 1672 1889 1736 suppli-

110 1730 235 1778 cium
259 1731 438 1794 effugit.
507 1733 773 1780 Alexandro
793 1747 879 1780 tres
898 1732 1056 1780 fratres
1078 1746 1206 1780 erant
1228 1734 1495 1796 superstites,
1519 1735 1600 1797 qui
1622 1753 1780 1784 ornnes
1803 1754 1889 1784 va-

83 1808 88 1812 ·
110 1796 192 1842 riis
217 1796 389 1843 casibus
420 1813 502 1860 per
522 1813 577 1842 ea
598 1811 804 1861 tempora
834 1798 1080 1844 conssitfitati
1103 1799 1304 1845 fuerunt,
1373 1799 1611 1862 Georgius
1628 1802 1688 1847 ob
1710 1802 1884 1850 caedem

109 1861 217 1907 exul
240 1861 287 1908 in
312 1861 487 1924 Anglia
508 1863 630 1924 apud
651 1861 847 1925 hospites
866 1863 1051 1909 latebat.
1119 1864 1312 1909 Ioannes
1333 1863 1559 1927 Jedburgi
1589 1865 1747 1912 Abbas
1771 1867 1888 1914 ultra

111 1925 268 1972 Taum
303 1927 531 1989 relegatus
554 1940 666 1973 erat.
733 1925 890 1973 David
925 1942 1034 1974 natu
1066 1927 1303 1982 minimus,
1323 1929 1404 1990 qui
1427 1941 1523 1974 erat
1544 1928 1885 1993 Coldingamiae

108 1989 259 2046 Prior,
284 1990 469 2037 biennio
492 1990 585 2037 fere
610 1992 706 2055 post
725 1992 896 2038 caedem
917 1991 1105 2038 fratrum
1127 1992 1183 2038 ab
1209 1995 1279 2052 (2)
1301 1992 1472 2038 Iacobo
1494 1993 1723 2040 Heburno
1761 1995 1883 2042 soro-

108 2055 170 2102 ris
195 2054 360 2101 marito
382 2071 463 2117 per
481 2055 674 2118 speciem
694 2055 918 2118 colloquii
936 2070 1167 2110 evocatus,
1191 2058 1292 2103 &in
1315 2069 1491 2119 paratas
1513 2057 1695 2104 infidias
1717 2060 1891 2120 praeci÷.

106 2119 279 2182 pitatus
302 2119 492 2176 interiit,
513 2137 682 2185 magna
701 2120 942 2167 hominum
957 2121 1366 2175 commiseratione,
1385 2121 1514 2184 quod
1530 2121 1787 2170 adolescens
1810 2122 1883 2170 in„-

105 2184 292 2238 noxiuS,
328 2200 380 2230 ac
402 2183 577 2231 summa
596 2187 752 2232 indole
775 2198 867 2232 tam
891 2185 1102 2248 turpiter,
1143 2202 1168 2231 a
1196 2202 1289 2248 quo
1311 2185 1501 2232 minime
1522 2186 1700 2242 debuit,
1723 2188 1882 2250 prodi>-

103 2259 180 2295 tus
202 2249 321 2296 esset.
397 2250 518 2305 Cum
542 2250 630 2297 hoc
651 2253 784 2313 paeto
806 2266 943 2313 poena
967 2262 1110 2297 totam
1133 2249 1305 2297 Humii
1325 2251 1515 2297 domum
1538 2265 1787 2314 pervagata
1809 2253 1883 2299 su.-

104 2313 222 2368 iss‘et,
245 2313 385 2360 vertit
404 2314 580 2361 invidia
596 2314 642 2361 in
662 2331 821 2361 eorum
842 2314 1074 2370 inimicos,
1094 2330 1145 2360 ac
1163 2314 1438 2376 potiflimum
1461 2314 1506 2360 in
1532 2317 1752 2362 Ioannem
1775 2318 1875 2364 He-

105 2377 305 2430 burnum
345 2392 438 2425 tarn
473 2380 688 2425 acerbum
715 2379 900 2426 ultionis
922 2379 1094 2440 injustae
1117 2382 1389 2426 exactorem.
1457 2381 1527 2426 Ex
1562 2379 1693 2427 unius
1726 2395 1882 2428 autem

104 2443 295 2489 familiae
319 2454 409 2489 tam
433 2444 633 2506 potentis
654 2443 910 2492 calamitate
932 2444 1107 2492 caeteris
1127 2456 1274 2492 metus
1307 2444 1501 2506 injeaeitus
1524 2460 1593 2491 res
1616 2445 1674 2491 ad
1700 2455 1881 2509 tempus

102 2506 446 2570 tranquilliores
469 2507 595 2555 fecit.
1718 2564 1722 2567 ,

168 2573 254 2618 ΙΧ.
288 2571 539 2619 Decembri
561 2573 792 2635 proximo,
816 2574 984 2620 Prorex
1005 2574 1182 2637 Regem
1209 2571 1405 2620 Sterlino
1427 2571 1766 2636 Edirnburgum
1787 2585 1880 2621 tra.

103 2635 238 2684 duxit
262 2655 273 2684 ι
307 2642 346 2683 &
370 2653 396 2682 a
413 2638 677 2700 proceribus
701 2639 847 2685 Scotis
869 2635 1050 2685 veniam
1074 2637 1298 2685 redeundi
1317 2637 1367 2684 in
1391 2637 1594 2683 Galliam
1613 2638 1764 2700 petiit.
1811 2640 1875 2685 E·
1928 2684 1930 2686 .

99 2701 172 2763 jus
193 2700 488 2765 postulationi
502 2719 646 2766 prope
670 2703 843 2750 cunffls
865 2703 1219 2766 refragantibus,
1240 2701 1416 2765 aliquot
1437 2700 1606 2748 menses
1625 2702 1837 2750 remansit
1857 2720 1878 2750 t

157 2830 219 2881 (1)
249 2833 309 2869 He
326 2832 406 2870 died
422 2828 570 2882 leaving
581 2848 651 2872 one
665 2835 751 2884 only
768 2833 961 2882 daughter,
1017 2833 1084 2871 less
1093 2832 1152 2870 she
1165 2834 1335 2878 returned
1351 2830 1537 2868 homethe
1552 2840 1639 2868 next
1651 2831 1870 2881 yearthere-

103 2884 188 2924 heir
205 2887 349 2933 gener-al
369 2887 413 2923 of
426 2887 484 2924 his
499 2888 716 2925 ‘unentailed
735 2890 852 2933 lands,
873 2902 960 2937 pur·
1016 2888 1112 2925 after
1130 2899 1140 2923 ε
1180 2891 1240 2934 ye't
1259 2884 1327 2922 her
1353 2885 1508 2922 father's
1540 2885 1637 2922 sister
1668 2885 1873 2923 Elimbeth.

103 2939 234 2976 chased
263 2939 308 2987 by
329 2940 522 2987 marriage,
555 2954 592 2977 as
625 2942 689 2978 the
713 2941 889 2991 lordssiips
919 2941 965 2978 of
1015 2941 1146 2977 Hume
1173 2938 1340 2975 countess
1359 2938 1404 2975 of
1423 2942 1548 2976 Arran
1569 2938 1728 2988 (lest'ssre
1748 2938 1874 2976 should
1938 2981 1942 2986 f

102 2991 286 3040 Dunglass
299 2995 371 3029 and
388 2995 577 3039 Landells,
595 2994 661 3032 the
681 2995 815 3043 barony
832 2995 877 3032 of
890 2997 957 3031 Sa·
1012 2993 1093 3042 pull
1112 2991 1177 3028 the
1203 2991 1276 3028 best
1295 2990 1463 3028 feathers
1488 2991 1586 3028 from
1612 2991 1680 3028 the
1694 2991 1811 3040 wings
1829 2992 1876 3030 of

102 3049 301 3090 mnemon,
315 3048 385 3082 διε.
407 3046 631 3084 Thereafter
645 3048 710 3084 the
721 3049 868 3085 Humes
883 3046 962 3085 sent
1016 3047 1080 3084 the
1101 3045 1180 3083 lord
1197 3045 1358 3082 Hume's
1377 3044 1510 3095 houle)
1532 3043 1726 3093 persuaded
1742 3043 1810 3082 her
1831 3055 1870 3082 to

103 3098 173 3136 her
190 3099 272 3135 into
288 3100 457 3146 England
476 3110 513 3136 to
534 3100 577 3137 be
597 3100 757 3149 brought
772 3114 819 3149 up
837 3109 903 3137 out
921 3100 971 3138 of
1015 3106 1141 3148 accept
1151 3097 1196 3136 of
1207 3097 1272 3135 the
1289 3099 1392 3136 lands
1405 3098 1687 3135 ofSamuelston
1702 3100 1772 3134 and
1787 3099 1870 3147 quit

104 3151 171 3189 the
190 3164 270 3200 way
295 3151 459 3199 secredy,
494 3152 688 3202 intending
705 3162 742 3190 to
757 3166 878 3203 marry
891 3153 961 3197 her
1014 3153 1064 3189 ali
1086 3152 1150 3188 the
1168 3152 1236 3188 rest
1255 3166 1268 3200 3
1297 3153 1367 3188 and
1385 3151 1543 3188 married
1562 3149 1630 3188 her
1650 3164 1747 3200 upon
1764 3151 1870 3202 John

103 3203 146 3241 in
176 3205 344 3253 England
374 3207 445 3241 and
474 3204 570 3255 keep
601 3205 666 3248 the
695 3208 800 3244 lands
841 3206 959 3244 entire
1012 3205 1228 3251 Hammon,
1265 3217 1285 3240 a
1305 3205 1442 3241 bastard
1461 3203 1526 3241 son
1555 3211 1593 3240 to
1621 3203 1690 3240 her
1706 3203 1869 3241 husband

102 3258 200 3296 with
217 3257 284 3295 the
301 3257 413 3295 house
427 3257 471 3294 of
485 3260 612 3296 Hume
631 3273 643 3308 3
673 3259 739 3296 but
754 3259 956 3308 (notwitlk
1011 3257 1076 3295 the
1093 3257 1168 3294 earl
1186 3257 1231 3295 of
1239 3259 1363 3295 Arran
1385 3271 1394 3294 ε
1424 3256 1469 3294 of
1477 3257 1561 3294 him
1580 3269 1683 3293 came
1697 3256 1763 3293 the
1781 3257 1868 3293 Har-¹
1884 3291 1885 3296 ,

101 3311 271 3358 standing
298 3311 359 3348 ssxe
387 3312 505 3359 stayed
523 3311 627 3349 there
656 3312 715 3349 till
736 3312 795 3349 she
814 3325 888 3350 was
905 3323 957 3350 20
1009 3311 1166 3349 miltons
1184 3318 1222 3349 ot
1242 3311 1491 3356 Samuelston,
1517 3311 1606 3357 long
1623 3309 1718 3346 since
1736 3311 1868 3357 decaya

101 3377 209 3414 years.
222 3365 266 3402 of
278 3377 356 3413 age,
379 3365 449 3400 and
464 3377 484 3400 a
495 3373 596 3412 great
611 3365 757 3414 portion
772 3365 957 3414 promised
1010 3366 1067 3402 ed.
1123 3365 1205 3400 Her
1217 3363 1483 3412 grandmothet
1496 3362 1679 3400 Nicholas
1693 3363 1780 3407 Car,
1804 3362 1868 3398 la-¹

101 3414 142 3454 to
160 3418 246 3467 her)
279 3430 328 3455 no
345 3429 434 3454 man
460 3415 566 3454 asked
591 3416 664 3455 her
685 3418 725 3454 in
742 3418 952 3466 marriagez
1009 3419 1055 3466 dy
1085 3417 1214 3454 Hume
1241 3418 1313 3454 and
1343 3417 1574 3454 Samuelston
1606 3415 1703 3452 lived
1747 3424 1863 3465 ¹5²5·

100 3471 290 3509 therefore
307 3469 376 3508 the
390 3471 552 3517 names,
581 3478 621 3508 to
650 3469 765 3514 make
784 3483 872 3507 men
891 3471 955 3508 be·
1009 3471 1071 3507 To
1089 3469 1154 3507 the
1173 3471 1252 3508 lord
1271 3470 1484 3508 Alexander
1495 3469 1688 3506 succeeded
1700 3464 1860 3503 his-bro-

52 3516 53 3521 *
101 3524 198 3561 lieve
216 3525 299 3561 that
317 3524 377 3560 she
404 3536 478 3561 was
496 3525 600 3570 dead,
625 3525 732 3560 made
750 3536 771 3560 a
790 3523 887 3561 ihew
915 3522 961 3561 of
1009 3522 1096 3561 ther
1112 3523 1260 3572 George
1281 3537 1316 3574 3.
1338 3523 1417 3560 lord
1440 3523 1583 3559 Hume.
1749 3521 1756 3529 '

101 3577 274 3626 bringing
303 3576 372 3614 her
387 3575 509 3627 corpse
537 3585 604 3614 out
632 3576 677 3615 of
690 3576 860 3625 England
883 3579 955 3615 and
1063 3577 1128 3631 (2)
1147 3576 1376 3626 commonly
1387 3575 1506 3615 ‘caned
1521 3572 1653 3615 master
1666 3570 1710 3611 of
1719 3569 1862 3611 Hastis.

87 3629 344 3679 ,buryiug'her
360 3629 401 3673 in
420 3629 601 3681 Dunglass
619 3644 633 3682 3
672 3629 739 3671 but
755 3629 956 3675 neverthe=
1446 3660 1452 3666 -

1816 3701 1877 3739 ae
