1992 3801
105 163 241 229 53³4
399 147 758 217 RERUM
852 151 1547 220 ScoTrcARUM

102 258 175 289 ros
199 242 405 290 homines
426 244 726 294 honorificum
749 247 970 295 futurum.
1039 248 1110 295 Re
1138 261 1232 296 tam
1256 249 1417 305 subita,
1441 250 1737 315 &inopinata
1757 269 1866 302 om-

102 323 183 352 nes
206 308 406 363 attoniti,
441 325 545 356 cum
569 311 716 375 neque
739 311 997 358 rnoestitiam
1026 312 1301 360 diffimulare
1322 318 1513 377 possent,
1558 331 1642 363 nec
1661 318 1862 367 abnuere

101 371 227 434 quod
249 372 443 434 petitum
467 375 588 429 effer,
629 376 862 430 auderent,
903 375 1077 436 paucis,
1100 377 1182 441 qui
1210 377 1400 440 Reginae
1422 381 1624 428 animum
1649 382 1860 445 explora-

102 448 198 481 tum
223 436 471 492 habebant,
494 439 825 499 praeeuntibus:
855 439 1026 503 reliq-ui
1048 441 1196 503 ignari
1230 455 1426 503 quantus
1447 446 1760 503 assentatorum
1784 445 1861 492 so-

100 512 167 544 ret
193 503 514 557 numerus,a1ii
532 503 630 549 aliis
652 503 836 566 suspeEti
853 520 1012 552 ornnes
1036 505 1331 567 subscribunt.
1399 504 1632 565 Postridie,
1659 525 1762 556 cum
1785 510 1859 556 in·

100 578 168 607 ter
182 564 226 612 se
261 565 373 629 quid
397 567 599 628 egissent,
631 571 940 623 retrafitarent,
962 568 1148 631 quidam
1172 570 1375 635 ingenue
1403 573 1580 635 profeffi
1621 575 1738 628 sunt,
1776 575 1859 621 nisi

98 628 291 692 Reginae
309 631 624 678 existimassent
645 649 740 678 rem
763 630 1074 696 gratam'fore,
1101 635 1140 681 se
1163 652 1395 697 nunquam
1419 636 1674 685 assensuros.
1730 639 1857 685 Nam

22 688 25 693 ¹
97 706 400 756 praeterquam
425 697 633 756 quadres
660 713 821 759 parum
846 698 1046 752 honesta,
1082 704 1130 748 ὅτ
1154 699 1340 761 publice
1364 700 1578 747 damnosa
1599 703 1720 767 eflet,
1736 703 1860 766 peri-

98 760 252 805 culum
275 775 458 821 quoque
477 759 590 815 fore,
617 774 666 806 ut
683 761 710 806 fi
740 763 886 824 (quod
906 762 950 811 in
974 762 1202 824 superiore
1225 764 1732 827 marito'meminerant)
1757 781 1857 814 orta

97 823 319 882 discordia
339 824 607 870 Botliuelius
631 824 910 885 rejiceretur,
954 844 1011 872 ne
1048 828 1154 889 ipsis
1175 828 1422 890 aliquando
1458 829 1860 886 daretur-crimini,

97 888 223 948 quod
246 888 471 950 Reginam
494 888 804 949 prodidissent,
840 903 975 953 atque
997 891 1053 937 ad
1077 891 1258 953 nuptias
1298 909 1458 953 parum
1487 892 1760 940 honorificas
1781 893 1856 958 ip-

96 954 187 995 sam
210 953 543 1013 compulissent.
611 954 760 1015 Igitur
780 955 889 1000 dum
915 969 981 1000 res
1004 955 1183 1018 integra
1202 957 1323 1010 effer,
1348 955 1444 1016 ejus
1471 957 1751 1004 voluntatem
1776 974 1857 1004 ex-

96 1016 382 1077 plorandam,
423 1015 730 1080 scriptumque
751 1035 886 1065 manu
909 1020 1045 1081 ipsius
1069 1021 1292 1081 signatum
1329 1021 1668 1083 impetrandum
1696 1040 1718 1069 ε,
1760 1040 1855 1085 quo

96 1079 261 1142 scripto
284 1081 380 1133 sibi,
404 1083 529 1141 quod
549 1082 605 1126 de
630 1083 798 1145 nuptiis
821 1086 968 1129 aetum
994 1084 1052 1129 ab
1074 1084 1164 1130 illis
1186 1086 1310 1138 estet,
1337 1097 1515 1148 gratum
1541 1087 1622 1132 effe
1651 1089 1858 1133 ostende-

94 1156 178 1190 ret.
248 1145 299 1189 ld
328 1143 462 1191 facile
487 1145 801 1203 impetratum,
830 1147 1009 1194 Comiti
1053 1150 1334 1211 Argatheliae
1365 1149 1706 1197 custodiendum
1746 1167 1859 1197 con-

91 1207 214 1256 sensu
235 1207 442 1254 omnium
466 1210 675 1258 traditur.
1651 1219 1667 1232 ⁹

159 1274 363 1319 xxvii.
417 1275 631 1322 Postridie
653 1276 779 1338 quod
814 1276 860 1322 in
887 1276 996 1323 urbe
1021 1277 1106 1324 fuit
1128 1277 1474 1341 Episcoporum,
1503 1292 1783 1327 convocatur
1803 1280 1851 1326 in

94 1340 261 1390 aulam,
290 1351 336 1383 ut
360 1343 398 1384 δι
419 1337 500 1400 ipsi
525 1340 715 1402 quidem
736 1342 1080 1389 subscriberent.
1150 1344 1254 1389 Hac
1289 1342 1515 1405 expeditis
1556 1359 1662 1390 cura
1683 1344 1852 1391 inceffit

95 1402 198 1456 alia,
226 1414 273 1448 ut
294 1401 438 1448 filium
463 1405 642 1467 Regina
664 1406 708 1453 in
734 1407 808 1452 sua
826 1408 1040 1468 potestate
1063 1407 1266 1454 haberet.
1334 1409 1456 1455 Nam
1481 1424 1629 1469 neque
1651 1409 1853 1455 Bothue-
1915 1417 1926 1426 ²

94 1469 180 1514 lius
207 1480 354 1513 t-.tum
380 1467 457 1514 fibi
474 1470 756 1516 existimabat
778 1472 897 1517 alere
921 1489 1110 1533 puerum
1132 1487 1330 1535 paterna:
1349 1473 1599 1534 aliquando
1621 1474 1758 1520 caedis
1774 1475 1852 1519 ul·

95 1544 238 1578 torem
263 1533 490 1579 futurum:
528 1551 677 1598 neque
698 1534 838 1581 alium
863 1538 946 1582 effe
962 1538 1159 1591 volebat,
1185 1537 1265 1598 qui
1290 1536 1388 1584 suos
1408 1537 1455 1582 in
1477 1553 1620 1599 regno
1642 1538 1845 1601 gerendo

92 1597 261 1645 liberos
284 1595 565 1658 praecideret.
631 1599 780 1662 Igitur
804 1600 998 1663 Regina,
1026 1614 1075 1646 ut
1096 1618 1198 1664 quae
1219 1602 1335 1648 nihil
1357 1603 1400 1648 ei
1421 1602 1646 1664 denegare
1667 1601 1850 1649 sustine„

90 1676 176 1715 ret,
207 1661 302 1724 ipsa
322 1676 472 1722 partes
492 1663 536 1708 in
561 1663 602 1710 se
626 1664 813 1727 suscepit
832 1666 958 1727 pueri
987 1666 1321 1729 Edirnburgum
1347 1666 1634 1727 deportandi.
1705 1667 1849 1713 Sube-

92 1740 161 1773 rat
181 1728 329 1775 &alia
351 1726 595 1774 Sterlinurn
617 1729 802 1789 petendi
820 1730 963 1783 causa,
989 1731 1045 1775 de
1067 1747 1157 1792 qua
1180 1731 1395 1792 posterius
1412 1730 1579 1776 dicam.
1648 1731 1768 1792 Cum
1793 1734 1852 1779 εἰ)

92 1806 278 1838 ventum
302 1792 376 1843 cst,
403 1792 586 1838 Marriae
611 1794 779 1839 Comes
802 1794 911 1857 quid
933 1808 1142 1857 ageretur
1163 1795 1421 1854 suspicatus,
1445 1811 1635 1856 puerum
1659 1796 1847 1857 quidem

93 1857 286 1919 Reginae
306 1856 515 1909 ostendit,
553 1857 627 1902 sed
649 1857 728 1913 ita,
776 1872 822 1904 ut
846 1859 1000 1905 omnia
1026 1860 1074 1904 in
1097 1860 1171 1905 sua
1193 1861 1408 1920 potestate
1431 1859 1617 1916 haberet
1642 1879 1652 1905 ;
1679 1865 1735 1909 ἃ
1752 1861 1848 1907 Re-

89 1920 198 1985 gina
221 1921 378 1966 fraude
400 1922 702 1968 deteetacuxn
725 1922 783 1968 ad
806 1923 897 1968 vim
934 1939 1011 1983 par
1047 1940 1138 1970 non
1165 1926 1286 1978 esset,
1312 1922 1583 1969 dissimulato
1606 1939 1686 1970 cur
1701 1925 1848 1970 venis-

90 1994 174 2040 set,
193 1987 246 2031 ad
271 1985 356 2032 iter
377 1984 419 2030 se
441 1985 638 2046 accinxit
659 2005 670 2032 ε
705 2003 798 2049 quo
820 1986 867 2032 in
889 1988 1051 2034 itinere
1074 1989 1162 2034 sive
1183 1989 1244 2034 ob
1268 1987 1509 2034 continuos
1539 1988 1732 2042 labores,
1758 1989 1846 2034 sive

88 2053 150 2098 ob
171 2050 558 2114 indignationem,
599 2053 727 2114 q-uod
758 2051 944 2098 consilia
985 2066 1033 2100 ut
1054 2053 1313 2099 au&01·ibus
1352 2053 1625 2098 videbantur
1661 2053 1851 2109 callida,

89 2133 250 2178 parum
286 2114 495 2177 prospere
517 2115 823 2170 succederent,
855 2118 1094 2180 repentino
1115 2118 1274 2163 dolore
1296 2118 1496 2164 cruciata
1516 2117 1561 2162 in
1587 2117 1846 2164 domuncu-

83 2185 176 2234 lam
199 2179 523 2243 pauperculam
537 2180 815 2234 coneessitad
832 2194 1028 2244 quatuor
1044 2182 1187 2228 ferme
1206 2181 1350 2230 millia
1368 2182 1565 2243 passuum
1586 2181 1613 2228 a
1632 2181 1854 2243 Sterlino:‘

84 2246 344 2295 remittente
367 2244 594 2291 sedeinde
615 2246 792 2300 dolore,
817 2248 874 2293 ad
902 2248 989 2293 iter
1009 2247 1181 2293 reversa
1208 2247 1518 2293 Limnuchum'
1540 2263 1593 2292 ea
1615 2248 1747 2292 n06te
1771 2263 1848 2292 ve·

86 2312 172 2359 nit.
222 2311 340 2357 Inde.
360 2310 416 2355 ad
439 2310 732 2357 Bothuelium
749 2311 1015 2374 leripfitper
1032 2312 1259 2366 Paridem,
1278 2310 1466 2374 quidde
1487 2324 1617 2373 raptu
1637 2310 1731 2356 sieri
1751 2312 1848 2357 vel.-

86 2379 169 2424 let.
235 2376 361 2422 Nam
395 2387 639 2436 antequam
663 2375 951 2439 Edimburgo
982 2374 1243 2431 disceffiffet,
1277 2391 1381 2421 cum
1404 2382 1460 2421 eb
1483 2375 1770 2438 transegerat,
1797 2389 1847 2423 ut

82 2440 176 2506 ipse
190 2451 490 2488 revertentem
513 2439 568 2484 ad
591 2439 800 2487 Almonis
824 2453 1010 2502 pontem
1030 2457 1128 2487 eam
1152 2453 1346 2504 raperet,
1390 2455 1442 2485 ac
1474 2439 1620 2486 secum
1640 2440 1733 2502 quo
1749 2441 1845 2485 vel-

84 2505 317 2561 let,svelut
338 2520 419 2566 per
439 2504 531 2550 vim
555 2504 817 2551 abduceret.
884 2507 938 2551 Jd
972 2507 1037 2553 ita
1060 2506 1224 2568 vulgus
1246 2504 1629 2566 interpretabatur
1655 2522 1666 2550 :
1715 2505 1840 2567 quod

84 2588 189 2620 cum
209 2567 581 2617 consuetudinem
614 2583 718 2615 cum
742 2569 987 2616 Bothuelio
1024 2585 1108 2617 nec
1128 2568 1318 2619 omnino
1349 2569 1529 2622 coelare,
1566 2584 1650 2614 nec
1673 2583 1849 2626 carere,-¹

83 2653 169 2685 nec
191 2637 282 2682 sine
305 2633 438 2680 farnae
460 2632 696 2695 dispendio
720 2645 808 2681 tam
833 2636 1002 2696 palam,
1027 2650 1164 2697 quam
1188 2634 1387 2687 volebat,
1399 2631 1500 2678 xfrui
1521 2644 1715 2696 poterat.
1782 2630 1843 2681 Et

83 2704 277 2765 longum
301 2710 397 2746 erat
418 2696 664 2748 divortium
688 2714 794 2744 cum
810 2714 949 2746 uxore
970 2699 1122 2762 priore
1143 2700 1379 2762 expectare
1404 2714 1417 2743 ε
1459 2704 1497 2744 δι
1531 2697 1734 2751 honesto,
1760 2712 1842 2744 cu-

75 2766 153 2827 jus
207 2765 358 2811 adhuc
410 2777 564 2809 euram
609 2762 866 2818 simulabat,
890 2784 894 2786 >
923 2769 962 2810 &
1006 2762 1207 2817 libidini,
1271 2761 1399 2821 cujus
1441 2774 1538 2808 erat
1577 2761 1841 2825 impatiens,

79 2830 251 2893 pariter
286 2827 473 2874 consuli
498 2827 696 2874 volebat.
764 2828 928 2890 Itaque
971 2828 1090 2875 belle
1125 2826 1242 2874 ratio
1281 2826 1521 2872 videbatur
1563 2824 1847 2890 excogitata,

79 2908 132 2942 ut
169 2892 436 2942 Bothuelius
478 2890 735 2956 gravissimo
771 2891 962 2953 quidem
999 2893 1076 2940 suo
1108 2890 1317 2944 crimine,
1360 2889 1434 2936 sed
1478 2890 1605 2950 cujus
1655 2907 1844 2953 poenam

81 2975 173 3006 non
217 2957 466 3012 metuebat,
510 2957 703 3020 Reginae
740 2956 986 3003 redimeret
1025 2955 1262 3003 infamiam
1302 2972 1315 3001 :
1368 2953 1441 3001 sed
1481 2955 1619 3001 altius
1664 2958 1739 3016 (ut
1779 2956 1841 3002 est

75 3024 362 3072 intellectum
400 3021 568 3083 postea)
603 3010 780 3075 suberat
808 3020 917 3067 huic
956 3031 1219 3068 commento
1259 3019 1512 3067 consilium.
1572 3019 1697 3066 Nam
1735 3035 1840 3067 cum

81 3090 281 3154 populus
324 3087 484 3148 Regiae
527 3084 663 3132 caedis
705 3087 909 3132 auetores
951 3084 1164 3148 frequens
1206 3085 1480 3140 nominaret,
1528 3087 1569 3130 &
1607 3097 1842 3131 execrare-

79 3170 170 3206 tur,
206 3150 294 3204 illi,
325 3161 374 3196 ut
396 3151 483 3204 suae
504 3149 729 3196 securitati
749 3149 1075 3212 prospicerent,
1089 3148 1301 3195 suadente
1326 3153 1399 3210 (ut
1416 3147 1635 3206 creditur)
1663 3147 1836 3196 Ioanne
1875 3179 1877 3181 ν

80 3217 230 3266 Lessio
253 3213 464 3262 Roffiensi
486 3212 728 3275 Episcop0,
765 3214 957 3277 Reginae
983 3225 1162 3277 raptum
1185 3215 1521 3277 excogitarunt.
1585 3212 1711 3258 Nam
1733 3228 1839 3260 cum

78 3284 127 3330 in
148 3279 305 3329 Scotia
321 3278 564 3332 mos-esset,
591 3291 639 3323 ut
664 3281 734 3338 (1)
761 3278 1032 3339 diplomata,
1073 3277 1240 3338 quibus
1262 3277 1478 3326 scelerum
1501 3275 1648 3340 gratia
1666 3275 1732 3332 fit,
1755 3277 1841 3340 qui

77 3346 261 3394 veniam
299 3340 773 3406 petit,-graviffimum
796 3342 971 3389 facinus
1006 3341 1277 3389 nominatim
1308 3341 1553 3403 exprimat,
1591 3355 1643 3387 ac
1675 3353 1839 3401 caetera

79 3408 370 3475 generalibus
392 3405 542 3453 verbis
565 3404 769 3465 adjiciat,
794 3405 1093 3453 decreverunt
1114 3405 1348 3468 parricidii
1371 3404 1547 3468 publici
1567 3403 1836 3476 consciino.

82 3475 294 3523 minatim
336 3472 395 3520 de
418 3486 577 3517 manus
620 3469 866 3532 injeetione
887 3468 936 3516 in
970 3469 1225 3533 principem
1263 3469 1446 3535 ueniam
1480 3481 1654 3534 petere,
1675 3466 1842 3516 demde

133 3592 195 3644 (ι)
225 3591 315 3632 Scit.
336 3593 435 3642 quod
453 3589 585 3630 attinet
603 3589 661 3637 ad,
693 3601 735 3628 or
752 3588 863 3637 circa.
882 3589 939 3629 see
958 3596 1044 3645 note
1062 3601 1110 3629 on
1128 3589 1196 3630 lib.
1218 3600 1281 3630 12.
1300 3602 1380 3641 cap.
1400 3599 1462 3641 54.
1796 3651 1822 3683 e

1766 3652 1796 3682 V
1824 3662 1861 3684 .·=
