2045 3857
479 214 809 280 Lmen
910 209 1472 284 Ocu-Avus„
1708 229 1836 293 223

62 323 284 388 spice-rent
303 314 392 366 fine
410 311 580 381 insigni
601 311 770 359 damno
792 310 969 357 aditum
994 308 1051 355 ad
1077 307 1249 355 hostem
1272 322 1365 355 non
1388 305 1473 354 effe
1500 309 1647 357 castris
1678 310 1836 375 pofitis

61 397 326 452 praeconem„
342 377 548 432 mittunt,
565 377 647 440 qui
667 375 829 438 jubeat
850 374 898 421 in
917 389 1096 437 aequarn
1117 372 1359 435 planiciem
1379 371 1663 430 descendere,
1687 379 1739 425 δε
1755 392 1836 423 ve-

62 469 113 498 ra
133 449 302 497 virtute
325 444 382 490 de
406 442 570 506 gloria,
596 447 636 489 δε
657 439 854 503 imperio
877 451 1064 486 certare.
1134 436 1258 485 Scoti
1281 435 1553 499 respondent
1572 436 1613 484 se
1636 456 1727 488 non
1749 441 1836 488 ho-

63 515 137 565 stis
157 507 363 562 arbitrio,
388 506 463 554 sed
486 507 562 554 suo
584 517 887 570 pugnaturos,
908 503 948 550 se
969 502 1095 550 enirn
1117 503 1268 550 ultum
1290 502 1437 548 illatas
1461 500 1650 565 injurias
1672 504 1720 550 in
1737 507 1836 552 An-

61 577 208 640 gliam
231 571 415 626 venisse,
449 571 479 616 fi
549 571 627 619 uid
667 570 857 617 fecerint
881 568 1007 630 quod
1029 567 1094 614 eis
1129 567 1299 621 doleat,
1324 565 1545 617 summam
1568 570 1836 628 expetendae
1894 612 1898 617 .

60 639 271 686 vindietae
297 638 478 700 copiam
501 652 525 682 e
562 653 601 682 e.
669 633 772 681 Illic
792 633 832 678 se
855 632 1060 693 quandiu
1083 631 1165 678 fibi
1188 632 1486 678 commodum
1505 630 1736 679 videretur
1757 650 1838 682 ex-

61 690 337 768 pectaturos,
363 701 392 749 fi
415 700 517 762 quis
540 699 782 751 lacesseret,
808 711 995 758 operam
1018 697 1200 742 daturos
1224 712 1280 741 ne
1302 694 1351 741 id
1375 695 1566 759 impune
1589 695 1743 744 faciat.

126 768 230 814 LV.
265 765 448 812 Triduo
477 763 689 827 proximo
712 761 889 807 collatis
912 760 1079 814 castris,
1101 759 1454 822 stationibusque
1476 762 1533 808 ad
1556 761 1672 808 vada
1694 762 1839 810 collo-

59 823 171 880 catis
195 830 313 877 levia
331 846 410 892 per
428 828 708 875 occasionem
729 827 978 872 certamina
997 823 1128 870 faeta.
1198 825 1377 886 Qarto
1395 824 1470 871 die
1491 825 1640 889 prima
1657 827 1759 876 luce
1770 829 1840 877 vi-

36 938 41 943 .
61 896 177 961 giles
200 896 470 948 retulerunt,
491 893 659 939 collem
680 892 729 937 in
751 906 844 953 quo
879 887 1004 936 Scoti
1025 887 1335 943 consederant,
1360 889 1536 938 nudum
1558 891 1659 938 effe.
1728 894 1841 956 Spe-

18 984 21 990 ·
63 962 287 1008 culatores
308 958 463 1012 emisti,
482 956 566 1020 qui
582 955 774 1004 certiora
791 954 1027 1008 referrent,
1045 958 1085 1000 Sc
1104 954 1370 1001 abeuntium
1393 955 1579 1019 vestigia
1601 955 1842 1021 perseque-

70 1038 241 1079 rentur,
266 1022 538 1071 renunciant
561 1023 719 1069 Scotos
741 1019 790 1065 in
822 1019 913 1067 alio
951 1019 1070 1063 colle
1094 1019 1240 1065 multo
1266 1018 1431 1065 tutiore
1453 1020 1512 1070 ad
1533 1022 1732 1069 eundem
1754 1024 1841 1070 flu-

66 1091 193 1137 vium
216 1090 354 1138 castra
388 1088 573 1150 posuisse
600 1086 732 1146 juxta
753 1083 927 1138 filvam,
963 1099 1066 1145 quae
1089 1083 1153 1129 eis
1178 1095 1298 1129 tutos
1321 1083 1486 1139 exitus,
1507 1090 1550 1132 «Sc
1570 1086 1742 1133 reditus
1762 1089 1844 1135 da-

67 1167 152 1201 ret.
223 1151 383 1215 Angli,
408 1152 490 1214 qui
510 1152 754 1213 sperarant,
779 1149 820 1194 se
849 1150 1006 1194 Scotos
1043 1147 1252 1209 praelium
1276 1148 1575 1199 detretfi’tantes
1609 1150 1657 1197 in
1691 1151 1845 1200 alieno

68 1219 165 1264 solo
185 1217 304 1263 fame
327 1216 602 1267 domituros,
626 1231 680 1260 ea
701 1213 775 1274 spe
798 1212 961 1273 dejeffl
981 1228 1056 1257 eos
1078 1212 1342 1272 sequuntur,
1369 1216 1415 1261 &c
1435 1213 1482 1260 in
1505 1215 1690 1262 adverso
1724 1219 1845 1266 00113

65 1283 453 1329 castrametantur.
522 1279 595 1326 Ibi
629 1279 865 1340 postquam
888 1275 1066 1338 aliquot
1094 1276 1192 1321 dies
1214 1276 1531 1333 consederunt,
1555 1280 1851 1329 animadver„

70 1347 166 1393 sum
189 1348 249 1393 est
277 1348 519 1393 nocturnas
548 1342 730 1407 vigilias
753 1339 1063 1403 negligentius
1094 1340 1151 1385 ab
1173 1339 1238 1386 eis
1260 1340 1438 1396 haberi,
1457 1342 1545 1391 five
1574 1359 1846 1410 contemptu

68 1411 313 1474 paucitatis
353 1412 612 1466 Scotorum,
637 1409 725 1453 five
746 1405 876 1468 quod
897 1403 1013 1451 nibil
1047 1403 1127 1450 nifi
1160 1405 1217 1451 de
1240 1404 1350 1468 fuga
1371 1406 1573 1470 cogitare
1595 1426 1672 1456 eos
1694 1412 1845 1459 existi-

72 1491 263 1524 marent.
317 1473 575 1537 Duglassius
598 1489 655 1518 ne
676 1469 901 1517 occasioni
924 1469 1295 1532 deeffet‚aliquid
1316 1471 1579 1520 audendum
1598 1488 1719 1523 ratus
1737 1492 1846 1533 cum

70 1540 278 1586 ducentis
301 1539 536 1602 equitibus
560 1536 729 1583 selectis
753 1533 1000 1582 transmisso
1023 1533 1211 1581 flumine
1241 1536 1378 1581 castra
1399 1536 1610 1593 hostium,
1634 1539 1727 1602 qua
1748 1558 1847 1590 ma-

73 1605 197 1651 xime
235 1604 487 1667 neglefiaxn
512 1600 761 1648 custodiam
795 1600 1099 1652 intellexerat,
1125 1598 1342 1663 ingreffus
1378 1601 1432 1646 ad
1458 1602 1706 1650 tentorium
1729 1623 1850 1668 pene

73 1668 216 1732 Regis
243 1667 524 1732 penetravit:
550 1683 601 1713 ac
624 1665 801 1712 duobus
824 1663 890 1709 ibi
913 1663 1129 1710 funiculis
1152 1664 1298 1710 incisis
1322 1679 1423 1711 orto
1447 1668 1649 1715 tumultu
1672 1684 1850 1718 trecen-

73 1733 131 1780 tis
157 1732 250 1780 fere
272 1733 438 1795 Anglis
473 1733 521 1778 in
553 1730 702 1778 reditu
723 1729 973 1792 peremptis
1008 1727 1108 1774 suos
1132 1727 1387 1775 incolumes
1411 1730 1609 1779 reduxit.
1677 1735 1779 1782 Post
1800 1736 1852 1784 id

74 1797 191 1845 nihil
216 1788 436 1845 meandria
454 1799 649 1860 dignum
671 1796 730 1840 est
766 1796 933 1847 aetum,
956 1793 1034 1839 nifi
1058 1794 1186 1855 quod
1207 1793 1351 1856 Angli
1382 1794 1460 1841 suo
1491 1798 1660 1843 damno
1683 1802 1852 1848 moniti

74 1861 341 1910 intentiores
355 1861 537 1926 vigilias
557 1862 667 1923 locis
682 1858 859 1905 idoneis
881 1857 1211 1921 disposuerunt.
1238 1859 1454 1906 Tandem
1473 1876 1529 1908 ex
1544 1862 1725 1924 captivo
1740 1866 1852 1914 Sco-

77 1939 126 1974 to
148 1926 355 1974 rescitum
380 1929 456 1983 est,
481 1926 681 1974 edictum
715 1925 762 1970 in
800 1924 948 1970 castris
983 1923 1128 1977 fuisse,
1160 1935 1208 1969 ut
1238 1923 1294 1969 de
1328 1923 1461 1970 tertia
1488 1925 1652 1989 vigilia
1673 1945 1852 1986 omneS,

76 1993 172 2055 quo
195 1992 453 2055 Duglassius
478 1993 679 2048 duceret,
700 1989 1009 2052 sequerentur.
1077 1989 1121 2033 Is
1152 1988 1344 2035 nuncius
1384 2000 1558 2037 tantam
1583 1992 1853 2056 trepidatio-

78 2073 185 2103 nem
209 2056 376 2120 Anglis
396 2056 571 2118 injecit,
596 2068 647 2102 ut
675 2054 818 2101 tribus
847 2053 1029 2100 aciebus
1060 2052 1248 2098 modico
1269 2052 1516 2102 intervallo
1535 2055 1746 2120 separatis
1781 2072 1853 2107 to-

78 2134 173 2168 tam
196 2137 295 2167 eam
320 2124 499 2168 noftern
528 2120 576 2166 in
598 2118 733 2166 armis
756 2117 933 2181 egerint
960 2136 970 2164 ;
1006 2116 1237 2180 equosque
1258 2116 1481 2174 instratos,
1507 2125 1547 2168 δε
1569 2121 1615 2168 in
1635 2138 1855 2175 eventum

79 2197 260 2246 paratos
284 2184 474 2232 ministri
494 2185 542 2231 in
565 2183 770 2232 tentoriis
793 2182 1037 2229 haberent:
1063 2181 1361 2243 stationesque
1377 2184 1597 2233 firmiores
1619 2188 1674 2234 ad
1698 2190 1858 2245 omnia¹

80 2251 200 2296 vada
220 2249 420 2297 fluminis
445 2261 686 2311 ponerent.
749 2247 963 2294 Tandem
997 2245 1077 2292 sub
1099 2247 1247 2292 lucem
1275 2247 1370 2293 duo
1393 2249 1616 2298 tubicines
1648 2253 1774 2301 Scoti
1796 2256 1857 2305 ad

80 2314 262 2377 Regem
284 2314 491 2377 perdusti
513 2323 765 2376 exponunt,
791 2313 832 2359 se
849 2310 1065 2358 nunciare
1089 2309 1227 2370 jussos
1251 2312 1411 2359 Scotos
1432 2313 1624 2362 domum
1647 2319 1815 2366 reverti
1842 2339 1855 2367 ε

83 2377 117 2423 fi
137 2378 280 2443 Angli
302 2379 468 2425 damna
485 2391 674 2442 accepta
689 2377 834 2424 velint
852 2374 1022 2429 ulcisci,
1042 2374 1362 2437 sequijubent.
1431 2379 1578 2442 Angli
1602 2398 1647 2428 re
1670 2383 1727 2429 ad
1747 2400 1860 2431 con-

12 2480 15 2481 r
84 2442 233 2491 filium
263 2444 403 2491 relata
429 2443 681 2490 decernunt
703 2440 835 2488 satius
870 2441 954 2486 effe
984 2440 1032 2486 in
1067 2439 1303 2503 praesentia
1336 2441 1553 2490 reducere
1585 2447 1859 2507 exercitum,

84 2505 226 2570 quam
249 2522 355 2555 cum
385 2507 644 2560 hominum,
672 2511 715 2554 Q
738 2521 962 2568 equorum
992 2503 1417 2556 vexationefrustra
1439 2509 1676 2570 praedones
1713 2530 1860 2578 vagos

86 2572 211 2636 sequi
231 2591 242 2619 :
280 2572 529 2635 praesertim
552 2588 656 2618 cum
680 2571 727 2616 in
752 2572 836 2620 hac
858 2569 1154 2631 expeditione
1176 2570 1329 2632 plures
1351 2571 1490 2631 fame,
1515 2591 1567 2621 ac
1585 2577 1757 2624 morbis
1779 2597 1863 2642 pe-

86 2635 262 2693 sierint,
282 2636 422 2701 quam
444 2638 714 2700 plaerunque
731 2635 848 2694 justo
868 2633 1031 2696 'praelio
1053 2646 1255 2696 pereant.
1323 2636 1526 2686 Decreto
1548 2640 1698 2688 reditu
1727 2644 1865 2692 multi

87 2702 349 2765 Anglorum
368 2702 439 2748 vel
462 2701 535 2765 spe
555 2700 720 2763 praedae
744 2700 789 2745 in
811 2701 1032 2746 nofturna
1049 2698 1355 2762 trepidatione
1374 2702 1561 2758 relictae,
1582 2707 1653 2753 vel
1677 2707 1865 2755 noscen-

89 2763 137 2817 di
158 2782 226 2812 res
259 2766 453 2816 hostium
477 2766 623 2814 studio
654 2765 703 2812 in
735 2764 871 2811 castra
903 2763 1099 2826 profecti'
1130 2766 1231 2811 haec
1260 2765 1354 2813 fere
1384 2782 1722 2831 compererunt,
1749 2773 1866 2820 feras

90 2828 268 2878 circiter
283 2831 556 2895 quingentas
577 2829 748 2877 cervini
766 2829 1022 2893 generis‘ssic
1037 2827 1235 2876 maxime
1253 2831 1556 2893 platycerotas
1575 2834 1724 2891 caesas,
1738 2838 1868 2899 quod

91 2910 235 2957 genus
258 2895 404 2960 Angli
425 2911 517 2942 non
549 2895 688 2942 modo
712 2895 882 2957 Reges,
906 2892 982 2940 sed
1018 2893 1188 2956 privati
1222 2896 1359 2942 multi
1381 2896 1509 2943 alunt
1533 2916 1544 2945 :
1585 2912 1702 2947 utres
1725 2903 1868 2950 etiam

22 2974 23 2977 ¹
92 2958 301 3021 ingentes
336 2961 361 3008 ὲ
396 2959 547 3006 crudis
576 2958 774 3023 pellibus
803 2959 852 3005 in
881 2955 1050 3022 quibus
1084 2973 1239 3006 carnes
1262 2960 1540 3023 coquebant,
1565 2979 1619 3010 ac
1641 2981 1869 3027 peronam

94 3023 153 3069 ad
175 3023 334 3071 decem
353 3023 498 3071 millia
518 3024 721 3072 inventa.
781 3023 892 3076 Duo
914 3022 1024 3069 item
1049 3023 1196 3087 Angli
1217 3023 1461 3073 confraftis
1485 3028 1696 3077 cruribus
1717 3032 1870 3080 adhuc

96 3085 318 3135 viventes·
384 3089 502 3136 Haec
525 3088 618 3136 fere
635 3087 796 3134 *omnia
825 3089 928 3135 cum
950 3087 1187 3151 ingentem
1209 3089 1510 3152 paupertatis,
1536 3097 1575 3139 &
1597 3094 1766 3142 laboris
1788 3115 1871 3160 pa-

98 3149 307 3198 tientiam
322 3149 822 3216 indicarent,fecerunt,
840 3164 890 3199 ut
909 3151 1043 3199 facile
1062 3152 1329 3216 probaretur
1348 3170 1508 3203 eorum
1526 3159 1872 3225 confilium,qui

97 3214 153 3261 de
172 3215 432 3265 reducendo
452 3217 654 3264 exercitu
675 3217 915 3265 sententias
937 3217 1162 3264 dixerant.

146 3280 291 3327 LVI.
326 3281 433 3327 Hoc
449 3297 601 3328 annno
622 3281 900 3329 dec'efferunt
915 3283 986 3344 (1)
1008 3282 1224 3329 Valterus
1244 3282 1467 3340 Stuartus,
1487 3287 1538 3336 δε
1563 3288 1634 3348 (2)
1656 3288 1873 3337 Elizabe-

98 3340 178 3389 tha
197 3344 394 3408 Regina,
418 3343 496 3390 hic
516 3356 672 3408 gener,
696 3346 795 3392 haec
817 3362 931 3393 uxor
952 3345 1094 3410 Regis
1121 3364 1132 3394 :
1165 3346 1344 3395 obse-ffae
1365 3348 1478 3398 item
1511 3350 1538 3397 ἐι
1560 3352 1709 3400 Scotis
1746 3370 1871 3402 arces

99 3404 335 3464 Noramae,
376 3414 417 3456 &
457 3408 719 3472 Annevici:
755 3409 833 3458 sed
866 3409 1041 3458 frustra.
1109 3412 1281 3459 Praedae
1303 3413 1362 3462 de
1387 3415 1723 3465 Northumbris
1746 3420 1872 3467 aetae.

155 3534 217 3585 (ι)
243 3537 391 3577 Walter
406 3538 473 3577 the
490 3546 591 3587 great
620 3540 770 3578 steward
794 3538 839 3580 of
851 3542 958 3580 Scot-
1067 3542 1128 3593 (2)
1150 3543 1344 3593 Daughter
1360 3553 1399 3583 to
1417 3545 1483 3584 the
1501 3549 1574 3587 earl
1595 3548 1638 3586 of
1647 3549 1793 3586 Ulster:
1816 3549 1876 3588 she

108 3585 213 3635 land,-
241 3591 377 3645 father·
393 3601 432 3644 to
457 3593 600 3630 Robert
618 3592 693 3630 first
720 3593 875 3647 king-of
894 3595 959 3633 the
1014 3596 1099 3634 bare
1117 3606 1156 3634 to
1175 3597 1258 3635 him
1275 3598 1394 3636 David
1417 3600 1481 3637 the
1500 3604 1563 3652 2d,
1595 3603 1663 3642 and
1683 3602 1879 3653 Margaret

104 3639 258 3694 summe
272 3643 318 3684 of
328 3645 601 3706 stewarfflord
619 3645 662 3706 of
675 3646 871 3711 Renissfiwa
888 3651 963 3711 6552
1013 3650 1181 3715 geuntess
1199 3651 1243 3712 οξ
1255 3651 1499 3712 Suthgrland,

1745 3735 1883 3794 Men,
