2010 3851
393 135 1467 214 APUDSCOTOS.
1791 159 1867 222 15

89 249 270 315 imponi
288 246 395 295 volo
416 263 427 292 ε
461 243 536 290 sed
549 240 898 301 ‘ommunicato
923 254 1027 284 cum
1054 239 1181 300 Rege
1203 236 1407 290 confilio,
1447 236 1753 284 communiter
1788 239 1871 284 sta·

89 317 313 364 tuendum
339 309 548 361 arbitror,
575 309 700 369 quod
727 307 784 350 ad
811 303 1020 350 omnium
1047 301 1233 348 salutem
1250 301 1556 346 communiter
1579 301 1731 348 faciat.
1802 318 1870 350 11..

91 383 271 442 populo
296 374 439 439 igitur
461 374 528 417 vis
553 371 669 416 hanc
686 368 972 433 provinciam
997 365 1193 412 tribuere
1218 368 1235 411 ?
1277 371 1331 414 B.
1356 366 1534 426 Populo
1557 366 1676 420 sane,
1702 367 1781 413 nisi
1822 381 1872 415 tu

96 447 274 494 fortasse
294 441 424 487 aliter
441 436 590 482 sentis.
613 437 679 481 M.
699 434 832 480 Nihil
858 431 1007 477 minus
1030 446 1212 493 aequum
1236 429 1430 476 videtur.
1461 430 1515 473 B.
1534 429 1879 489 Qarnobrem?

94 508 305 560 ,62'.N0*sti
325 499 660 555 illud,B‘elluam
681 499 897 548 multorum
920 500 1116 556 capitum.
1146 494 1623 555 Scis‚opin0r‚quanta
1647 496 1696 539 fit
1719 495 1880 557 populi

99 571 347 621 temeritas,
373 580 544 630 quanta
567 561 882 609 inconstantia.
921 562 978 605 B.
1012 561 1114 622 Ego
1157 574 1389 621 nunquam
1413 556 1665 602 existimavi
1690 559 1883 605 universi

97 636 261 701 populi
280 631 463 695 judicio
485 646 584 675 eam
626 644 721 673 rem
747 624 950 688 permitti
974 623 1128 669 deberi
1162 640 1174 669 ;
1229 625 1302 670 sed
1327 636 1375 668 ut
1400 638 1541 683 prope
1565 622 1621 666 ad
1644 622 1884 668 consuetu»

104 703 262 748 dinem
310 698 504 744 nostram
529 709 586 739 ex
621 692 835 739 omnibus
859 687 1096 734 ordinibus
1121 688 1269 733 seleffi
1293 689 1350 734 ad
1374 688 1549 749 Regem
1576 686 1621 731 in
1646 688 1885 733 confilium

98 767 291 815 coirent.
360 758 562 810 Deinde,
587 757 666 803 ubi
690 755 813 819 apud
834 770 910 800 eos
952 754 1239 818 προβέλευμοι
1278 755 1446 800 fastum
1492 752 1610 806 eslet,
1654 751 1702 797 id
1725 752 1782 796 ad
1807 769 1889 813 po-

100 831 449 898 puii-judicium
474 827 743 872 deferretur.
814 829 880 873 M.
908 827 1069 872 Tuum
1095 826 1283 887 quidem
1327 823 1566 870 consilium
1593 824 1694 871 satis
1718 825 1890 872 intelli-

99 917 162 962 go
188 917 198 944 :
235 896 306 942 sed
334 894 448 941 nihil
475 893 560 938 hac
583 905 674 936 tam
700 889 913 952 diligenti
935 891 1148 937 cautione
1171 889 1281 934 mihi
1312 889 1531 951 proficere
1554 889 1742 936 videris.
1795 892 1891 938 Re-

102 980 210 1028 gem
236 979 326 1008 non
353 960 418 1005 vis
442 957 620 1019 legibuz
642 956 724 1001 effe
751 956 966 1002 liberum.
1009 954 1325 1018 Qamobrem
1352 956 1368 998 ?
1406 953 1547 1014 Qia,
1571 953 1754 1017 opinor,
1775 954 1894 1002 intra

108 1027 345 1077 hominem
373 1026 466 1070 duo
489 1019 719 1068 saeviffima
746 1020 941 1066 monstra
962 1020 1192 1081 cupiditas
1237 1024 1286 1068 &
1325 1019 1579 1072 iracundia,
1619 1032 1895 1082 perpetuum

107 1109 212 1139 cum
235 1091 409 1136 ratione
427 1087 596 1133 bellum
619 1097 786 1146 gerunt
811 1102 821 1130 :
856 1085 1072 1146 expetitae
1087 1084 1185 1131 sunt
1202 1084 1454 1146 leges,quae
1474 1084 1708 1130 licentiam
1733 1101 1894 1132 eorum

107 1157 483 1218 comprimerent,
520 1168 550 1191 κ·
587 1149 784 1195 nimium
808 1151 1060 1196 exultantia
1082 1149 1260 1210 adjusti
1283 1146 1466 1210 imperii
1490 1149 1740 1211 respectum
1768 1166 1899 1196 revo-

112 1232 284 1267 carent.
338 1217 468 1281 Qid
491 1214 561 1262 isti
583 1215 859 1260 consultores
881 1231 905 1260 e
925 1214 1101 1276 populo
1124 1213 1221 1261 dati
1244 1216 1261 1259 ?
1306 1228 1458 1258 nonne
1479 1217 1527 1263 ὃς
1550 1214 1632 1276 ipsi
1655 1214 1818 1260 eodem
1840 1214 1899 1261 il-

114 1286 161 1332 lo
184 1281 396 1335 intestino
423 1281 544 1327 bello
569 1291 789 1325 vexantur
810 1282 828 1325 ἓ
864 1295 1017 1325 nonne
1049 1278 1218 1325 eisdem
1242 1277 1411 1340 quibus
1437 1279 1536 1324 Rex
1564 1278 1691 1324 malis
1712 1279 1901 1326 conflic-

99 1362 266 1397 tantur
289 1351 305 1394 ?
345 1345 539 1410 Qanto'
565 1343 706 1407 igitur
730 1345 880 1406 plures
905 1341 1169 1403 adjunxeris
1193 1342 1311 1406 Regi
1336 1343 1466 1388 velut
1496 1344 1732 1397 assessores,
1775 1357 1904 1393 tanto

111 1415 257 1475 major
292 1414 529 1458 stuitorum
571 1408 657 1454 erit
698 1425 914 1454 numerus
941 1427 951 1454 :
1000 1425 1024 1454 a
1049 1425 1142 1470 quo
1166 1409 1280 1470 quid
1309 1407 1644 1469 expe-&tandum
1675 1409 1725 1453 sit
1747 1408 1894 1454 vides.

179 1480 222 1526 X
238 1478 416 1524 XVIII.
443 1477 499 1522 B.
529 1475 592 1521 At
615 1489 704 1537 ego
727 1473 867 1536 longe
889 1473 1015 1518 aliud
1035 1488 1085 1518 ac
1105 1486 1153 1519 tu
1179 1473 1381 1535 opinaris
1403 1476 1613 1533 exi-ecto.
1670 1473 1726 1519 ld
1749 1486 1904 1520 autem

114 1559 195 1591 cur
218 1543 456 1603 expectem
479 1537 650 1590 dicam.
725 1539 931 1584 Primum
974 1554 1064 1583 non
1092 1539 1283 1583 omnino
1307 1553 1464 1582 verum
1491 1539 1567 1590 est,
1593 1539 1719 1599 quod
1743 1551 1792 1584 tu
1818 1555 1906 1600 pu-

120 1621 187 1656 tas
210 1625 220 1654 ε
245 1608 359 1653 nihil
385 1606 441 1651 ad
466 1622 560 1650 rem
584 1603 732 1649 facere
757 1601 1067 1648 multitudinis
1091 1601 1459 1656 advocationem,
1476 1619 1671 1664 quorum
1696 1619 1720 1647 e
1743 1619 1907 1657 nume=

119 1691 172 1721 ro
192 1687 347 1726 nem0,
371 1669 559 1717 fortaffis
576 1667 663 1714 erit
683 1666 927 1724 excellenti
950 1666 1170 1728 sapientia
1199 1667 1436 1729 praedituS.
1479 1667 1590 1713 Non
1615 1666 1737 1713 enim
1761 1667 1906 1714 solum

128 1739 233 1800 plus
255 1735 416 1782 vident
438 1751 489 1780 ae
512 1732 694 1795 sapiunt
717 1730 869 1785 multi,
894 1747 1031 1793 quam
1057 1748 1174 1777 unus
1197 1731 1395 1794 quilibet
1416 1748 1574 1777 eorum
1598 1731 1808 1787 seorsum,
1834 1733 1908 1780 sed

125 1802 266 1849 etiam
289 1817 425 1863 quam
455 1816 586 1852 unuS,
611 1797 692 1860 qui
716 1795 927 1859 quemvis
947 1811 1105 1841 esrum
1125 1795 1314 1859 ingenio
1338 1803 1376 1842 δε
1398 1796 1642 1859 prudentia
1666 1799 1908 1859 praecedat-

124 1868 250 1916 Nam
276 1863 528 1912 multitudo
570 1862 662 1910 fere
689 1861 851 1908 melius
890 1877 1027 1923 quam
1053 1861 1217 1925 singuli
1241 1863 1296 1908 de
1321 1862 1452 1907 rebus
1477 1861 1692 1913 omnibus
1711 1862 1908 1921 judicat,

123 1930 305 1995 Singuli
327 1930 451 1976 enirn
474 1927 691 1991 quasdam
718 1927 890 1972 habent
913 1937 1134 1972 virtutum
1154 1926 1420 1989 particulas,
1452 1944 1556 1989 quae
1582 1927 1710 1973 limul
1731 1928 1913 1973 collatae

126 2013 263 2044 unam
285 1995 589 2041 excellentem
617 1992 832 2039 virtutem
857 1990 1122 2038 conficiunt.
1194 1992 1336 2051 Quod
1374 1991 1420 2037 in
1464 1990 1749 2037 medicorum
1778 1993 1916 2054 phar·

130 2061 324 2113 machis,
346 2076 395 2105 ae
420 2058 466 2105 in
493 2056 650 2119 primis
677 2059 724 2103 in
748 2057 958 2102 antidoto
977 2071 1051 2110 e0,
1070 2055 1196 2119 quod
1219 2054 1592 2104 Mithridaticum
1610 2071 1793 2110 vocant,
1815 2074 1919 2120 per·

107 2125 282 2188 spicue
304 2125 428 2170 cerni
453 2125 611 2186 potest.
681 2124 734 2167 In
760 2138 814 2167 eo
838 2120 960 2166 enim
998 2123 1230 2182 pleraeque
1254 2137 1321 2166 res
1349 2138 1428 2182 per
1468 2121 1509 2166 se
1533 2121 1680 2168 noxiae
1706 2123 1783 2167 ubi
1806 2138 1919 2169 con-

128 2190 239 2238 fusae
262 2189 451 2242 fuerint,
489 2188 681 2234 salutare
704 2185 911 2233 adversus
936 2201 1110 2231 venena
1131 2186 1386 2232 remedium
1411 2186 1622 2232 afferunt.
1695 2185 1919 2233 Similiter

128 2256 181 2302 in
202 2254 468 2300 hominibus
489 2252 587 2298 aliis
613 2252 800 2298 tarditas
825 2256 864 2296 &
885 2251 1134 2305 cunctatio,
1156 2250 1256 2296 aliis
1275 2266 1480 2314 praeceps
1506 2249 1735 2297 temeritas
1759 2251 1882 2298 obest
1905 2269 1917 2298 :

134 2321 206 2366 hae
230 2320 275 2365 in
302 2317 600 2365 multitudine
624 2315 889 2363 commixtae
924 2328 1337 2376 temperamentum
1363 2317 1620 2378 quoddam,
1647 2323 1685 2362 δι
1711 2333 1848 2380 quam
1873 2316 1937 2363 iti.

132 2383 264 2431 omni
286 2399 454 2447 genere
473 2381 655 2428 virtutis
677 2380 927 2444 quaerimus
952 2380 1317 2427 mediocritatem
1340 2381 1540 2443 pariunt.
1593 2392 1658 2430 M.
1686 2382 1755 2428 Sit
1775 2398 1926 2444 quan-

134 2450 196 2496 do
223 2449 286 2495 ita
306 2449 391 2502 vis,
421 2463 559 2510 penes
583 2447 812 2508 populum
844 2459 893 2491 ut
916 2446 1041 2508 leges
1066 2444 1199 2501 ferat,
1234 2451 1273 2491 &
1300 2445 1496 2508 perferat
1522 2462 1533 2491 :
1570 2446 1650 2492 sint
1671 2447 1824 2510 Reges
1847 2463 1927 2492 ve.

135 2516 207 2562 lut
229 2513 560 2560 tabulariorum
584 2512 806 2557 custodes.
878 2510 943 2556 At
966 2526 1071 2555 cum
1097 2512 1222 2573 leges
1255 2510 1376 2556 inter
1399 2511 1440 2557 se
1466 2527 1672 2573 pugnare
1698 2511 1930 2559 videbun·

139 2592 232 2633 tur,
266 2590 345 2625 aut
369 2594 458 2624 non
481 2576 582 2622 satis
605 2575 768 2622 diserte
791 2587 870 2621 aut
892 2575 1128 2639 perspicue
1150 2576 1398 2632 cavebunt,
1433 2576 1636 2622 nullasne
1660 2574 1803 2639 Regis
1825 2593 1930 2639 par-

152 2655 218 2702 tes
238 2644 322 2690 effe
346 2642 471 2695 voles
496 2645 514 2689 ?
540 2640 784 2704 praesertim
809 2656 914 2687 cum
939 2641 970 2686 si
992 2640 1150 2687 omnia
1169 2657 1194 2686 e
1216 2640 1381 2703 scripto
1404 2640 1658 2703 dijudicare
1686 2642 1819 2696 velis,
1852 2658 1934 2688 ne-

144 2709 258 2755 cess‘e
285 2708 337 2754 fit
356 2708 501 2753 multa
517 2706 643 2769 sequi
658 2706 881 2752 absurda?
903 2704 1356 2768 Et,utvulgatiffimo
1379 2721 1478 2753 utar
1500 2706 1853 2770 exemplo,legis
1874 2707 1936 2753 il-

137 2772 158 2822 lv
180 2791 227 2819 us
252 2773 299 2819 in
320 2771 485 2821 scholis
508 2771 778 2826 decantatae‚
813 2772 1065 2833 Peregrinus
1071 2773 1123 2834 si
1138 2777 1184 2816 in
1201 2789 1360 2817 murum
1379 2791 1407 2817 a
1431 2774 1595 2826 caedat,
1618 2778 1755 2835 capite
1775 2771 1878 2825 luite

146 2838 224 2885 hic
244 2838 359 2899 quid
380 2837 615 2883 absurdius
638 2837 734 2882 sieri
757 2836 914 2897 potest,
935 2851 1073 2899 quam
1095 2835 1247 2882 salutis
1268 2836 1466 2899 publicae
1485 2838 1714 2897 auctorem
1735 2838 1815 2900 qui
1835 2837 1938 2891 hos„

149 2915 216 2950 tes
241 2902 483 2949 subeuntes
509 2901 694 2964 dejecit,
741 2901 891 2962 ipsum
917 2914 1137 2967 tanquam
1160 2901 1338 2948 hostilia
1379 2903 1534 2950 ausum
1577 2902 1633 2948 ad
1657 2902 1938 2964 supplicium

144 2983 304 3030 rapere
330 2970 347 3013 ?
405 2972 490 3028 fi'.⁸
511 2966 667 3013 Nihil.
738 2975 805 3014 M.
840 2967 1012 3013 Probas
1036 2965 1182 3029 igitur
1201 2980 1332 3016 vetus
1355 2967 1490 3021 illud,
1516 2966 1940 3031 Sztmmumjusficmae

146 3051 217 3080 ma
234 3036 412 3095 itgjuria.
483 3038 541 3080 B.
576 3029 810 3092 Equidem
835 3031 999 3093 probo.
1069 3038 1137 3078 M.
1173 3029 1354 3093 Siquid
1378 3031 1511 3091 hujus
1535 3033 1714 3095 generis
1745 3032 1942 3093 injudi-

149 3096 275 3144 cium
297 3097 469 3150 veniat,
494 3095 596 3142 miti
612 3097 863 3158 interprete
885 3111 1002 3157 opus
1025 3095 1102 3149 est,
1124 3096 1203 3158 qui
1232 3097 1356 3158 leges
1383 3098 1439 3142 ad
1462 3098 1706 3148 utilitatem
1727 3096 1940 3143 omnium

129 3161 267 3213 latas
303 3159 412 3213 viris
436 3160 570 3207 bonis
601 3163 650 3210 ὃς
675 3161 804 3207 nullo
837 3161 885 3206 in
909 3161 1073 3207 scelere
1113 3160 1399 3224 deprehenlis
1422 3163 1703 3214 calamitosas
1741 3163 1824 3208 effe
1847 3177 1941 3208 non

147 3239 366 3289 patiatur.

222 3291 410 3338 XXIX.
446 3294 508 3340 B..
536 3289 679 3338 Recte
701 3286 853 3335 sentis.
897 3289 1067 3352 Neque
1091 3289 1243 3341 {isatis
1265 3289 1796 3345 animadvertisti,‚aliud
1819 3306 1844 3335 a
1869 3305 1942 3336 me

154 3353 201 3400 in
223 3366 320 3399 tota
360 3355 446 3405 hac
470 3354 777 3415 disputatione
800 3354 1041 3414 quaefitum
1064 3356 1141 3408 est,
1183 3372 1324 3418 quam
1351 3370 1399 3402 ut
1422 3358 1502 3403 illa
1541 3356 1847 3403 Ciceroniana
1867 3355 1944 3408 lex

157 3419 309 3465 sanci-a
330 3423 374 3464 δι’
395 3416 679 3468 inviolabilis
699 3413 840 3473 effet'3
876 3418 1364 3483 Populisalussuprema
1385 3422 1453 3469 lex
1473 3425 1565 3484 esto,
1603 3421 1752 3482 Igitur
1772 3419 1802 3465 fi
1828 3419 1946 3481 quid

156 3484 245 3528 tale
267 3483 316 3529 in
336 3481 574 3542 judicium.
594 3483 787 3536 venerit,
825 3497 874 3529 ut
897 3499 987 3530 non
1013 3485 1067 3530 sit
1091 3485 1332 3532 obscurum
1357 3486 1469 3549 quid
1497 3490 1667 3531 bonum
1695 3493 1730 3530 δι
1759 3483 1945 3549 aequ'um

160 3548 231 3602 sit,
252 3547 413 3609 Regiae
438 3560 589 3609 partes
608 3560 741 3598 erunt
766 3546 1037 3610 prospicere,
1061 3549 1204 3597 utlex
1226 3551 1283 3596 ad
1302 3549 1588 3613 illamquam
1614 3549 1713 3595 dixi
1735 3549 1946 3612 regulam

153 3612 398 3677 dirigatur.
473 3613 561 3666 Sed
583 3625 633 3664 tu,
656 3610 773 3663 mihi
794 3613 979 3678 Regum
1002 3613 1191 3666 nomine
1212 3615 1323 3677 plus*
1339 3615 1563 3679 postulare
1589 3613 1950 3677 videris,³quam

1850 3679 1953 3739 ‘qui
