1992 3801
123 152 253 234 328
365 152 797 218 ,RERUM
891 138 1584 222 ScoT1CARvM

113 251 161 297 la
182 249 305 312 apud
327 249 493 298 Gallos
525 250 740 297 haclenus
762 247 975 312 profecit,
1009 263 1057 297 ut
1078 250 1164 296 suae
1186 250 1396 298 fac'tionis
1436 253 1700 302 hominibus
1735 264 1887 305 tutum-

114 314 185 362 ibi
205 326 438 378 receptum
457 329 650 377 pararet,
677 319 725 364 &
745 313 1016 360 adversarios
1039 314 1317 361 excluderet.
1384 319 1607 364 Praeterea
1627 319 1720 366 duo
1743 321 1889 369 millia

118 379 318 426 militum
343 380 470 426 duce
479 382 713 432 VarennO,
735 391 784 423 ut
805 379 1125 425 Monstreletus
1148 379 1372 441 prodidit,
1395 394 1443 427 ut
1461 382 1612 437 nostri,
1650 387 1697 432 ὅ(
1723 386 1888 448 Angli,

114 444 286 505 quibus
311 443 488 492 facilius
510 445 697 497 accedo,
720 442 1000 514 quingentos
1022 445 1140 489 duce
1162 445 1297 490 Petro
1327 445 1495 500 BriseO,
1518 461 1597 492 aut
1618 447 1787 494 Braceo
1813 453 1884 509 (1)

117 508 345 562 Brittone‚
367 523 417 554 ut
453 508 553 553 aliis
590 506 788 569 placet,
776 506 950 553 itineris
973 507 1180 562 comites,
1204 508 1373 564 verius,
1393 525 1532 571 quam
1555 512 1762 558 adversus
1785 514 1888 561 hos-

116 586 211 620 tem
233 574 455 620 auxilium
478 571 718 634 impetrat:
744 587 848 617 cum
873 570 958 616 ‘nac
979 589 1117 619 manu
1139 572 1192 618 in
1212 573 1412 619 Scotiam
1436 576 1658 630 reversa,
1645 588 1782 638 atque
1804 578 1890 624 ali-

116 638 232 700 quid
252 638 528 685 movendum
553 650 666 690 rata,
702 635 814 682 nihil
836 635 1048 684 dubitans
1072 637 1131 682 ad
1166 637 1332 683 famam
1355 640 1533 685 externi
1556 640 1718 686 militis
1740 658 1890 704 popu-

116 702 233 749 lares
255 703 341 749 suae
363 701 573 747 factionis
604 714 847 747 conventui
848 717 925 753 ·,os
950 701 1021 748 ad
1041 702 1201 748 ostium
1235 703 1373 748 Tinae
1407 704 1737 750 exscensionem
1761 706 1887 754 fecit.
1945 727 1947 736 ·

118 760 210 815 Sed
233 785 286 813 ea
303 784 464 813 manus
483 765 652 828 exigua
669 766 723 811 ad
745 765 912 811 famam
932 766 1217 812 adventantis
1235 766 1370 813 hostis
1389 768 1570 823 territa,
1583 770 1708 815 nulla
1725 787 1772 816 re
1792 788 1901 821 nie-0

116 832 330 880 morabili
351 833 473 894 gesta
493 830 551 876 ad
575 847 710 876 naves
733 829 883 876 rediit.
937 830 1011 877 Ibi
1034 831 1220 893 quoque
1242 833 1368 878 velut
1391 833 1560 895 ubique
1582 833 1820 881 conatibus
1841 853 1890 881 e-

115 913 249 944 orum
273 895 533 943 adversante
550 893 749 948 fortuna,
774 879 898 940 foeda
919 896 1180 957 tempestate
1197 895 1370 955 ja&ati
1440 898 1593 958 Major
1616 914 1715 959 pars
1738 899 1888 947 lecuta
1953 949 1957 952 ,

115 960 345 1025 Reginam
369 959 417 1006 in
442 958 641 1006 scotiam
665 958 909 1005 Bervicum
931 958 1128 1021 appulit.
1188 959 1363 1005 Pauci
1351 976 1398 1005 m
1421 960 1746 1031 Lindisfarnen
1772 962 1890 1011 insu

115 1028 212 1074 lam
231 1024 380 1086 ejeffl,
405 1029 444 1070 «Sc
464 1024 521 1069 ab
544 1022 744 1070 hostibus
776 1022 1079 1069 circumventi
1099 1023 1310 1086 periere:
1360 1023 1435 1070 sed
1458 1024 1557 1071 viri}
1565 1025 1601 1072 is
1624 1026 1765 1072 animi
1789 1045 1892 1075 mu-

114 1091 203 1138 lier
223 1090 336 1137 nihil
361 1090 449 1135 hoc
486 1087 742 1135 infortunio
763 1087 996 1143 deterrita,
1036 1088 1094 1134 ad
1116 1088 1216 1134 suos
1237 1087 1390 1134 valida
1413 1090 1653 1136 Scotorum
1676 1091 1748 1152 adj
1758 1094 1892 1140 uncia
1966 1136 1970 1141 .

116 1173 254 1203 manu
276 1153 420 1201 rursus
460 1151 690 1199 fortunam
713 1151 914 1213 experiri
934 1151 1151 1199 decrevit.
1219 1152 1370 1216 Igitur
1391 1153 1486 1200 filio
1508 1154 1689 1201 Bervici
1710 1156 1886 1212 relicto,

112 1221 211 1285 ipsa
226 1236 331 1267 curn
349 1218 448 1264 viro
469 1216 851 1264 Northumbriam
875 1217 1068 1280 ingressa
1103 1217 1337 1280 proximos
1361 1234 1493 1281 agros
1515 1218 1652 1274 ferre,
1678 1220 1888 1268 flamma-

112 1302 207 1348 que
225 1283 316 1331 late
338 1283 551 1329 devastat.
625 1282 699 1328 Ad
721 1281 839 1328 hanc
860 1257 1030 1329 famam
1053 1298 1161 1327 nov1
1182 1282 1406 1329 exercitus
1429 1300 1485 1330 ex
1507 1283 1784 1346 primoribus
1812 1287 1890 1347 (2)

111 1352 208 1397 dux
229 1347 487 1403 Someiseti,
512 1352 551 1393 δε
587 1346 811 1393 Radolfus
833 1347 1034 1402 Percius,
1057 1347 1192 1393 multi
1211 1359 1428 1409 praeteiea
1449 1364 1506 1394 ex
1528 1348 1723 1395 Henrici
1761 1362 1893 1397 vete·

111 1415 238 1462 ribus
260 1412 439 1466 amicis,
461 1412 545 1475 qui
564 1411 781 1458 Eduardo
804 1411 923 1474 Regi
948 1425 1075 1458 metu
1099 1423 1357 1474 temporum
1380 1412 1465 1459 sese
1495 1413 1781 1470 dedideiant,
1813 1415 1889 1462 sed

110 1479 253 1542 longe
277 1479 429 1540 plures
452 1493 509 1524 ex
532 1474 803 1539 propinquis
835 1476 1022 1539 Angliae
1043 1475 1310 1538 regionibus
1340 1478 1582 1524 latrocinio
1616 1450 1791 1540 sempei·
1821 1477 1884 1526 as-

109 1544 245 1598 sueti,
260 1543 336 1605 spe
357 1543 525 1604 praedae
542 1553 848 1588 accurrerunt.
917 1543 993 1588 Ad
1015 1542 1138 1588 hunc
1160 1543 1408 1588 tumultum
1441 1541 1686 1590 sedandum
1709 1544 1887 1590 Eduar-

110 1609 198 1656 dus
216 1623 437 1671 magnum
452 1605 563 1653 belh
574 1618 840 1666 apparatum
860 1617 994 1661 terra,
1013 1605 1218 1667 marique
1236 1605 1428 1653 instruit.
1439 1608 1777 1669 (3)M0n'tacuti
1793 1610 1884 1656 Re-

109 1673 272 1736 gulum
292 1687 400 1718 cum
424 1671 546 1718 bona
568 1670 822 1717 nobilitatis
845 1684 973 1732 parte
996 1672 1054 1717 ad
1076 1671 1246 1716 hostem
1270 1670 1438 1718 ducere
1454 1673 1603 1733 jubet.
1673 1673 1824 1719 Mox
1811 1691 1885 1736 lp-

109 1738 156 1786 se
174 1753 280 1785 curn
303 1737 483 1799 reliquo
505 1734 706 1782 exercitu
729 1735 946 1798 sequitur.
1001 1735 1160 1782 Cum
1148 1752 1194 1781 in
1218 1737 1392 1798 campis
1416 1753 1506 1783 non
1530 1738 1688 1799 piocul
1712 1738 1770 1783 ab
1792 1740 1885 1785 Ex·
1905 1751 1908 1756 “

108 1819 216 1849 amo
238 1801 419 1864 utrique
441 1801 579 1847 castra
594 1798 854 1862 posuissent,
875 1800 1024 1856 turba,
1045 1817 1147 1862 quae
1167 1800 1403 1862 praedandi
1427 1802 1573 1847 studio
1591 1817 1886 1859 convenerat,

107 1867 358 1920 dilabente,
384 1866 633 1918 Henricus,
653 1864 819 1926 quod
807 1882 855 1910 ιιι
875 1865 1008 1912 rebus
1038 1864 1281 1936 desperatis
1314 1865 1664 1913 honestissimum
1694 1866 1887 1914 videba-

108 1946 200 1986 tur,
235 1930 448 1993 conflige.
448 1948 483 1977 e
519 1928 686 2003 statuit,
711 1922 953 1977 commisso
969 1929 1144 2002 praelio
1150 1928 1296 1976 vickus
1319 1930 1514 1992 princip
1505 1930 1606 1977 bus
1629 1931 1887 1979 amicorum

106 1998 168 2044 ab
187 1996 312 2043 hoste
329 2008 407 2042 aut
435 1994 599 2057 captis,
623 2005 702 2040 aut
729 1994 850 2040 caefis
872 1994 966 2068 ipse
990 1993 1168 2058 magnis
1190 1993 1432 2041 itineribus
1458 1996 1697 2042 Bervicum
1722 2013 1886 2059 perve-

105 2061 194 2109 nit.
262 2059 566 2123 Captivorum
597 2057 676 2105 alii
697 2058 861 2115 statim,
885 2059 964 2106 alii
986 2035 1142 2122 paucis
1164 2059 1262 2122 post
1285 2058 1446 2106 diebus
1469 2059 1610 2108 securi
1632 2062 1834 2124 percusti.

170 2127 235 2173 V.
268 2125 510 2172 Eduardus
548 2124 614 2171 ita
643 2140 725 2186 per
754 2124 892 2172 duces
931 2124 1111 2171 suarum
1147 2123 1384 2186 copiarum
1418 2123 1611 2172 vicloria
1642 2139 1781 2198 parta
1791 2125 1886 2190 ipse

106 2189 398 2240 Dunelmum
420 2188 582 2237 venit:
620 2193 678 2243 ἃ,
704 2200 755 2234 ut
777 2189 1017 2236 Scotorum
1041 2188 1319 2236 ineurfiones
1338 2201 1508 2236 terrore
1534 2190 1783 2254 propinqui
1806 2208 1887 2238 ex·

102 2256 271 2304 ercitus
294 2257 602 2309 coerceret,&
627 2255 654 2299 fi
678 2252 780 2316 quis
803 2255 932 2303 domi
955 2254 1177 2301 tumultus
1200 2253 1411 2309 oriretur,
1433 2255 1670 2317 praesentia
1687 2255 1762 2302 sua
1783 2272 1885 2303 mo-

105 2334 179 2369 tus
200 2319 555 2382 compesceret
543 2336 554 2347 ·
586 2333 639 2364 ac
661 2318 772 2364 dum
795 2319 862 2366 ibi
892 2336 998 2366 cum
1022 2332 1150 2382 parte
1174 2318 1412 2380 copiarum
1436 2319 1575 2376 sedet,
1600 2322 1700 2367 loca
1718 2321 1804 2366 ab
1792 2321 1882 2367 ini-

106 2384 242 2433 micis
262 2397 485 2446 occupata
502 2400 602 2457 per
604 2383 744 2430 duces
766 2383 1051 2456 aggreditur.
1113 2381 1343 2431 Annevici
1365 2398 1515 2431 arcem
1539 2385 1687 2432 multo
1709 2385 1886 2432 caeteris

102 2449 344 2512 majorem,
371 2454 411 2495 &
437 2448 754 2505 munitiorem,
789 2466 928 2512 quam
953 2447 1143 2511 reliquis
1165 2459 1243 2495 aut
1263 2449 1308 2493 vi
1331 2448 1495 2520 captis,
1519 2462 1596 2496 aut
1619 2467 1700 2511 per
1721 2449 1886 2496 condi-

103 2513 253 2561 tiones
276 2512 488 2576 receptis,
508 2511 766 2577 praefidium
790 2515 1037 2560 Gallorum
1060 2513 1264 2587 tenebat,
1287 2514 1447 2560 acriter
1470 2525 1725 2577 oppugnat.
1777 2516 1886 2562 Nee
1949 2543 1952 2546 ·

105 2579 259 2629 minus
277 2578 458 2624 fortiter
470 2578 737 2641 praesidiarii
753 2577 828 2642 spe
841 2578 1003 2626 auxilii
1016 2578 1269 2642 propinqui
1284 2579 1308 2625 ὲ
1324 2577 1476 2624 Scotia
1496 2595 1598 2624 eam
1621 2581 1886 2631 tuebantur.
1938 2619 1940 2621 .
1971 2631 1974 2642 1

104 2645 196 2691 Sed
213 2659 321 2690 cum
341 2660 490 2706 nuper
505 2643 554 2690 in
574 2643 750 2706 Anglia
781 2660 829 2691 re
851 2643 971 2690 male
1001 2643 1121 2707 gesta
1143 2656 1234 2691 tam
1255 2642 1400 2698 brevi,
1421 2659 1562 2706 quam
1586 2645 1778 2706 praesens
1797 2645 1885 2692 fla·

94 2708 285 2782 -gitabat
307 2707 564 2770 periculum
582 2709 807 2755 exercitus
830 2709 937 2772 cogi
960 2724 1052 2754 non
1075 2708 1235 2770 poffet,
1259 2707 1341 2771 qui
1362 2707 1648 2754 obfidionem
1672 2710 1880 2765 solveret,

103 2772 206 2821 aliis
239 2772 577 2828 cunctantibus,
603 2790 686 2820 nec
709 2774 831 2820 suam
853 2773 1123 2820 sententiam
1145 2771 1502 2835 explicantibus,
1529 2773 1762 2837 Georgius
1787 2775 1883 2821 Co-

104 2853 204 2885 mes
236 2839 453 2910 Angufiae
475 2855 571 2885 rem
603 2839 824 2893 audaciae,
864 2836 1148 2910 &periculi
1177 2838 1360 2909 plenam
1386 2836 1590 2899 suscepit.
1661 2838 1882 2886 Colleffls

102 2916 164 2949 ex
185 2901 361 2956 amici5‚
386 2907 427 2949 δι
449 2902 711 2958 clientibu8‚
739 2920 791 2950 ac
814 2902 1028 2966 proximo
1052 2900 1216 2956 limite,
1240 2902 1369 2962 cujus
1389 2901 1626 2964 praefeflus
1649 2915 1762 2959 erat,
1793 2904 1896 2968 cir7
1968 2934 1972 2939 ·

101 2966 217 3018 'citer
234 2966 394 3012 decem
408 2967 615 3018 millibus
633 2968 842 3031 equitum
857 2968 916 3014 ad
932 2982 1084 3013 arcem
1105 2965 1310 3023 accessit3
1336 2973 1377 3013 δε
1403 2965 1575 3022 Gallis,
1598 2967 1679 3030 qui
1695 2968 1743 3015 in
1761 2985 1884 3032 prae-

101 3029 219 3079 fidio
236 3041 383 3084 erant,
407 3030 457 3077 in
479 3049 556 3078 eos
578 3032 819 3094 impositis,
844 3048 959 3105 quos
984 3031 1076 3078 fine
1096 3030 1328 3077 sessoribus
1350 3046 1494 3094 equos
1516 3031 1824 3087 adduxerat,
1809 3051 1884 3082 m·

99 3095 310 3146 columes
331 3094 390 3141 ad
411 3113 556 3144 unum
576 3112 736 3144 omnes
756 3097 806 3145 in
825 3095 1028 3145 Scotiam
1048 3094 1265 3145 reduxit·
1280 3095 1448 3160 Anglis
1466 3094 1555 3143 sive
1575 3096 1779 3145 audaciae
1796 3098 1886 3147 ιιιίο

98 3159 259 3211 taculo
280 3159 581 3220 stupentibu5‚
597 3162 687 3209 five
707 3162 902 3209 subsidia
918 3160 1186 3224 Duglaffio
1174 3176 1223 3207 in
1242 3162 1507 3237 propinquo
1525 3161 1790 3210 delitescere
1809 3175 1884 3211 ra-

99 3223 181 3283 tiz,
195 3223 287 3273 five
302 3223 458 3288 potius
479 3225 806 3275 arbitrantibus
825 3242 977 3276 arcem
999 3227 1091 3274 fine
1106 3223 1358 3274 certamine
1375 3227 1596 3292 recipere,
1610 3227 1753 3290 quam
1775 3241 1896 3277 cum*

156 3354 221 3409 (ι)
234 3353 362 3406 Maior
375 3354 467 3393 calls
478 3351 564 3392 him
576 3353 786 3403 Francus,a
800 3358 967 3396 French·
1076 3356 1140 3407 (α)
1166 3358 1298 3408 Henry
1325 3356 1519 3406 Beaufort,
1539 3371 1561 3397 a
1590 3366 1694 3408 great
1719 3355 1882 3400 courtier

101 3407 479 3459 man.Lessydes1gns
491 3405 577 3445 him
595 3409 794 3460 Seneschal
810 3412 856 3448 of
863 3413 965 3450 Nor
988 3447 989 3451 ,
1019 3410 1118 3451 with
1136 3410 1233 3460 king
1249 3412 1381 3462 Henry
1395 3411 1472 3450 VI.

103 3465 258 3513 mandy,
287 3460 416 3501 which
432 3461 484 3499 he
502 3460 627 3509 might
653 3461 749 3499 have
767 3462 875 3511 been,
894 3466 966 3503 and
1073 3463 1146 3516 (3)
1164 3465 1225 3503 air
1236 3463 1343 3517 John
1351 3465 1482 3512 Nevil,
1499 3465 1703 3504 brotherto
1715 3461 1784 3502 the
1801 3460 1879 3501 earl

103 3523 145 3553 at
162 3515 230 3554 the
246 3515 347 3559 same
363 3514 458 3559 time
470 3526 493 3554 a
505 3513 634 3567 native
648 3514 695 3556 of
706 3515 870 3557 another·
877 3529 965 3569 pre·
1018 3517 1066 3555 of
1076 3517 1290 3567 warwick,
1307 3519 1432 3570 newly
1453 3519 1611 3561 created
1614 3518 1706 3564 jord
1718 3515 1879 3556 Monta»-

104 3580 231 3610 'luceo
467 3608 471 3610 .
932 3585 939 3593 '
1018 3577 1120 3616 ente·
1522 3610 1542 3617 ἡ

1760 3667 1883 3725 pauo
