1992 3801
158 173 287 246 ‘616
464 179 828 246 RERUM
923 163 1607 243 Sco'rtcsnum

148 277 195 326 ic
215 277 389 341 oppido
405 277 550 327 vicini
575 289 704 325 erant
726 277 934 323 Thomas
966 276 1114 323 Carus
1136 275 1455 332 Farnihestius,
1491 280 1537 326 ὃς
1561 276 1775 325 valterus
1799 269 1908 327 Sco·-

146 355 238 390 ωε.
271 342 339 390 Hi
360 354 524 406 praeter
544 356 713 389 veteres
736 339 967 387 clientelas
990 340 1093 387 satis
1115 340 1371 387 numerosas
1396 339 1475 388 sibi
1498 342 1796 402 adjunxerant
1819 349 1908 390 tres

144 408 317 455 vicinas
340 408 547 472 regiones
571 405 815 457 Lidaliam,
840 410 878 452 δι
902 405 1086 459 E'uiam,
1112 409 1150 450 &
1172 403 1352 450 Eskiam
1373 405 1547 468 semper
1567 406 1816 458 latrociniis
1839 407 1910 454 in-

146 472 295 527 festas,
316 483 371 519 ac
389 483 484 519 tum
509 489 588 533 per
610 471 833 517 bellorum
858 469 1063 517 civilium
1082 467 1313 528 licentiam
1331 466 1380 515 in
1403 469 1658 532 longinqua
1674 465 1811 517 etiam
1838 473 1908 518 lo-

144 537 355 593 cajibe‘re
375 537 632 600 grassantes,
700 536 840 582 Erant
863 532 903 581 δε
924 534 972 581 in
993 534 1087 597 ipsa
1110 533 1327 586 Teviotia
1355 535 1459 580 cum
1483 533 1642 582 harum
1665 536 1907 598 regionum

141 601 375 664 ‘contagiQ
415 614 509 646 turn
549 600 609 645 ob
633 599 1004 661 consuetudinem
1046 599 1218 660 p‘raedas
1245 598 1411 662 agendi
1432 613 1490 643 ex
1527 599 1698 645 hostico
1733 601 1909 663 aliquot

142 683 324 730 magnae
346 664 530 710 familiae
554 664 701 724 furtis,
727 663 1035 710 &latrociniis
1058 662 1266 709 infames.
1335 663 1437 725 Nec
1460 662 1508 707 hi
1535 665 1689 716 modo,
1709 664 1781 711 sed
1806 664 1911 727 qui-

139 731 247 778 dam
268 748 291 776 e
314 728 533 792 proximis
559 728 723 790 Anglis
747 728 818 789 spe
842 728 1009 791 praedae
1042 726 1182 774 illeffl
1207 727 1247 773 se
1269 727 1620 787 conjunxerunt.
1692 720 1911 776 Accerfiti

141 806 360 858 praeterea
389 793 679 856 Edimburgo
719 809 735 841 1
755 806 822 841 20
861 792 1116 853 sclopetarii
1149 807 1206 838 ex
1229 791 1442 837 omnibus
1480 789 1743 838 cohortibus
1766 793 1906 840 selec-

140 860 195 907 ti.
263 857 588 920 Iedburgenses
611 873 796 921 quoque
829 874 921 903 non
955 856 1103 921 ignari
1126 856 1167 902 se
1188 854 1276 916 peti
1303 854 1491 916 trepidis
1520 856 1699 904 nunciis
1722 851 1909 921 Proregi

146 924 397 986 periculum
415 921 667 985 significant
692 940 703 968 :
740 927 776 968 &
800 922 914 967 levis
933 933 1170 967 armaturae
1191 932 1365 965 tantum
1387 918 1606 964 auxilium
1633 932 1810 980 petunt,
1826 939 1909 970 nec

139 989 312 1036 interea
347 987 429 1035 fibi
452 985 628 1033 desunt.
695 987 818 1033 Nam
843 987 1033 1033 valtero
1068 985 1189 1031 Caro
1223 985 1292 1044 (ι)
1322 982 1556 1028 Sessordio
1591 986 1819 1040 accerfit0‚
1859 990 1910 1037 ὃς

143 1054 344 1099 militum·
364 1051 658 1115 satisxmagno
683 1068 871 1099 numero
891 1051 914 1097 ὲ
938 1049 1098 1097 vicinis
1117 1047 1236 1112 agris
1258 1048 1470 1105 concito,
1497 1063 1579 1108 pro
1598 1044 1803 1110 tempore
1826 1066 1912 1112 op.

137 1117 301 1179 pidum
326 1117 554 1163 muniunt.
623 1117 682 1162 Et
707 1117 775 1176 (2)
803 1116 1066 1178 Gulielmus
1091 1115 1308 1159 Ruvenus
1345 1125 1526 1157 centum
1551 1111 1716 1173 viginti
1737 1113 1914 1177 sclop‘e-

140 1181 283 1237 tariis,
308 1184 356 1229 ὃς
381 1177 614 1244 equitibus
643 1180 809 1243 partim
851 1180 999 1226 secum
1028 1178 1254 1230 adduStis,
1296 1175 1461 1237 partim
1499 1175 1524 1222 ὲ
1548 1176 1723 1222 Marcia
1762 1177 1912 1226 vicina

140 1245 344 1293 colleclis
367 1247 423 1292 ad
443 1244 729 1307 Driburgum
749 1245 892 1291 adesse
907 1244 1148 1292 nunciatur
1169 1243 1348 1304 utrique
1363 1240 1479 1304 parti
1499 1240 1658 1286 eodem
1682 1241 1774 1288 fere
1793 1255 1913 1290 tem-

139 1327 267 1373 pore.
337 1311 426 1356 Sed
446 1309 637 1355 rebelles
660 1309 759 1356 satis
780 1309 924 1374 copiis
949 1307 1036 1354 suis
1059 1307 1209 1354 confisi
1236 1310 1384 1366 (erant
1405 1304 1528 1350 enim
1561 1306 1617 1351 ad
1642 1306 1727 1352 tria
1767 1306 1912 1357 millia

139 1375 403 1434 hominum)
426 1374 510 1421 iter
532 1374 707 1420 summo
730 1385 862 1420 mane
896 1373 953 1420 ad
974 1373 1197 1434 oppidum
1221 1370 1527 1422 intenderant,
1565 1383 1614 1415 ut
1636 1370 1912 1419 auxiliorum

139 1440 387 1486 adventum
428 1439 742 1500 praevenirent.
810 1441 870 1485 Et
891 1440 1108 1484 Ruvenus
1151 1435 1200 1482 id
1231 1434 1376 1496 ipsum
1408 1432 1651 1495 suspicatus
1693 1434 1910 1491 fac'turos,

140 1521 313 1568 magno
334 1505 480 1568 gradu
503 1519 578 1549 eos
601 1502 918 1566 consequitur:
953 1501 1260 1563 &postremos
1286 1498 1462 1544 levibus
1485 1499 1824 1546 excursionibus
1843 1501 1912 1547 la-

135 1570 274 1616 cessit.
346 1569 557 1616 Valtcrus
579 1579 762 1630 quoque
787 1568 931 1614 Carus
954 1566 1178 1627 adjunftis
1201 1565 1255 1610 ad
1281 1563 1377 1608 suos
1407 1562 1668 1625 oppidanis,
1709 1563 1831 1610 refta
1853 1559 1912 1612 ad.

139 1634 285 1682 hostes
300 1632 466 1696 pergit.
512 1633 567 1679 Id
588 1631 657 1678 illi
678 1632 940 1694 conspicati,
963 1648 1018 1678 ne
1041 1628 1228 1690 ancipiti
1252 1627 1409 1688 praelio
1428 1627 1715 1683 dimicarent,
1739 1629 1780 1675 se
1799 1644 1928 1677 con--

142 1699 286 1761 sestim
310 1699 358 1745 in
398 1698 498 1744 loca
533 1696 701 1742 tutiora
722 1697 962 1758 recipiunt.
1031 1697 1269 1748 Latrones,
1305 1690 1387 1753 qui
1417 1699 1493 1752 ipe
1515 1693 1681 1753 proedae
1703 1708 1912 1740 accurre-

139 1776 259 1816 rant,
302 1778 408 1809 cum
432 1761 656 1823 oppidum
696 1760 723 1807 ἒι
758 1761 804 1807 vi
830 1772 996 1814 tutum,
1030 1764 1078 1807 ὅς
1106 1759 1275 1822 Regios
1299 1756 1356 1801 ad
1395 1754 1706 1803 dimicandum
1730 1771 1910 1819 paratos

138 1840 393 1881 cernerent,
417 1824 508 1889 qua
528 1826 696 1887 cuique
719 1826 978 1887 proximum
1016 1837 1128 1876 erat,
1164 1825 1325 1869 domos
1347 1819 1533 1867 abeunt.
1602 1821 1815 1868 Rebelles
1839 1823 1914 1870 ni·

140 1893 209 1941 hil
232 1892 380 1941 minus
404 1891 485 1939 raati
511 1906 648 1949 quam
672 1890 816 1936 hostes
838 1889 1012 1952 aliquid
1033 1899 1284 1936 tentaturos
1307 1898 1409 1930 cum
1433 1883 1695 1940 clientibus,
1719 1891 1759 1932 &
1778 1886 1914 1947 pedi-

141 1972 240 2005 tum
260 1957 446 2003 cohorte
461 1955 502 2002 se
524 1955 756 2002 Havicum
780 1954 1023 2015 recipiunt.
1091 1954 1228 2000 Hanc
1248 1950 1370 2012 spem
1393 1950 1592 2010 ¹augebat
1613 1949 1761 1996 hiems
1779 1951 1911 1998 solito

138 2020 352 2085 asperior,
375 2020 489 2066 nivis
512 2036 667 2066 recens
689 2018 829 2073 casus,
853 2031 956 2081 quae
980 2017 1138 2064 omnia
1167 2018 1256 2063 la'te
1278 2012 1535 2061 obtinebat.
1604 2012 1669 2060 At
1692 2015 1910 2062 Ruvenus

136 2086 374 2134 occasione
394 2097 517 2132 ratus
541 2084 759 2130 utendum
783 2085 839 2129 de
860 2082 994 2130 tertia
1013 2081 1175 2146 vigilia
1196 2080 1311 2127 adeo
1343 2078 1553 2124 celeriter
1573 2093 1737 2142 agmen
1762 2080 1913 2126 Havi-

137 2167 243 2199 cum
267 2150 414 2205 ducit,
441 2162 490 2196 ut
511 2161 753 2210 antequam
776 2148 921 2194 hostes
962 2148 1018 2194 de
1041 2147 1238 2192 adventu
1261 2144 1357 2204 ejus
1394 2143 1552 2190 fierent
1573 2143 1804 2200 certiores,
1838 2144 1911 2191 in-

139 2229 210 2268 tra
232 2214 358 2263 mille
375 2215 520 2276 passus
540 2214 663 2260 esset.
731 2213 903 2260 Havici
926 2225 1049 2258 tanta
1070 2225 1167 2259 erat
1186 2206 1449 2271 trepidatio,
1479 2220 1528 2254 ut
1550 2208 1701 2254 nullus
1724 2208 1912 2256 consilio

141 2280 479 2343 'relinqueretur
499 2279 646 2332 locuS‚
670 2293 862 2339 propere
884 2277 1079 2339 equites,
1104 2274 1366 2338 peditesque
1387 2271 1542 2318 educti
1564 2273 1733 2331 fiumen
1757 2273 1914 2335 proxi·

139 2361 269 2394 mum
291 2343 430 2391 secuti
453 2344 498 2390 in
523 2343 624 2389 loca
641 2354 739 2389 tuta
756 2341 798 2390 se
829 2342 1029 2403 recipere
1062 2350 1313 2392 tentarunt,
1335 2337 1407 2383 sed
1431 2337 1660 2384 celeritate
1683 2336 1914 2400 sequenti-

138 2427 219 2458 um
242 2408 464 2471 praeventi
484 2406 679 2470 equites,
706 2410 754 2453 ut
775 2407 822 2452 in
845 2406 1034 2470 regione
1063 2418 1173 2451 nota
1189 2404 1235 2450 se
1258 2400 1465 2465 periculo
1484 2404 1595 2464 suga
1618 2400 1908 2459 subtraxere:

132 2473 500 2543 peditespraedae
519 2461 663 2518 remi
683 2471 836 2518 silvam
860 2471 1075 2535 exiguam
1097 2469 1146 2516 in
1170 2485 1280 2529 rupe
1300 2464 1479 2513 flumini
1498 2464 1759 2528 propinqua
1773 2482 1913 2513 occu.

133 2551 265 2604 pant.
331 2538 406 2584 Ibi
424 2537 481 2584 ab
503 2535 733 2598 equitibus
758 2536 960 2599 undique
982 2534 1159 2587 inclusi,
1196 2546 1278 2579 nec
1301 2528 1510 2593 peditum
1545 2532 1791 2577 adventum
1829 2547 1911 2578 ex.

135 2607 317 2669 peEtare
339 2601 446 2656 ausi,
483 2601 538 2647 ad
576 2617 717 2647 unum
750 2601 792 2648 se
821 2601 1013 2646 dedunt.
1081 2597 1147 2646 Hi
1171 2613 1276 2643 cum
1304 2596 1402 2642 alia
1423 2593 1732 2656 praevertenda
1755 2594 1911 2649 essent,

135 2682 222 2717 nec
245 2681 339 2714 tam
357 2665 617 2714 vehementi
639 2665 793 2712 treme
813 2663 1099 2721 circumduci
1120 2663 1310 2725 possent,
1332 2661 1421 2709 fide
1440 2671 1626 2721 accepta
1644 2659 1684 2704 se
1707 2660 1764 2706 ad
1787 2659 1914 2707 diem

136 2733 383 2786 redituros,
410 2732 500 2778 fine
523 2728 658 2777 armis
681 2729 935 2776 incolumes
959 2725 1121 2775 dimissi
1141 2746 1155 2783 ;
1188 2724 1323 2787 pauci
1361 2725 1569 2772 obfidum
1614 2724 1804 2788 nomine
1826 2740 1912 2787 pro

103 2840 112 2849 ,
134 2797 311 2850 caeteris
333 2794 513 2844 retenti.
581 2793 800 2844 Reversos
824 2792 1072 2845 Kircadius
1094 2791 1272 2839 levibus
1294 2789 1567 2840 commentis
1586 2789 1797 2850 promissa
1813 2789 1914 2836 elu-

133 2864 247 2910 dens
269 2863 327 2908 ad
347 2860 469 2908 diem
494 2861 705 2907 statutum
729 2857 1055 2908 adeffevetuit.
1885 2898 1888 2905 ,

201 2925 402 2974 LXVII.
439 2923 692 2986 Reliquum
715 2922 899 2978 hiemis,
925 2928 965 2970 δε
989 2920 1250 2985 proximum
1273 2931 1353 2966 ver
1370 2931 1518 2966 totum
1540 2917 1720 2965 levibus
1743 2915 1913 2978 prael-iis

90 3023 94 3024 ν
134 2993 387 3038 extractum
415 3005 427 3035 t
468 2989 515 3035 in
537 2987 706 3052 quibus
740 2987 875 3052 pauci
908 2986 1150 3045 cadebant,
1192 2985 1265 3031 sed
1289 2985 1551 3037 rebellium,
1574 2980 1715 3044 quam
1739 2980 1917 3044 Regio-

136 3072 239 3103 rum
264 3056 433 3118 plures.
500 3051 716 3100 Rebelles
738 3050 929 3099 enimin
952 3048 1147 3097 collibus
1173 3048 1272 3096 urbi
1287 3047 1558 3112 propinquis
1581 3062 1688 3094 cum
1710 3045 1775 3092 rei
1797 3045 1914 3097 bene

132 3119 348 3184 gerendae
369 3118 650 3166 occasionem
676 3127 927 3179 captarent,
950 3114 1027 3162 vix
1049 3112 1165 3162 inito
1186 3114 1458 3177 plaerunque
1475 3111 1724 3159 certamine
1752 3110 1801 3156 in
1837 3126 1916 3156 ur-

135 3189 244 3233 bem
285 3182 595 3244 refugiebant.
660 3181 694 3226 F
698 3191 938 3243 requentes
976 3177 1158 3227 interim
1193 3178 1252 3225 de
1277 3176 1533 3234 ‚concordia
1554 3175 1671 3222 inter
1691 3173 1912 3220 faffiones
1956 3208 1959 3211 Α

135 3247 347 3296 facienda
366 3245 618 3309 legationes
640 3260 699 3291 ex
722 3245 897 3308 Anglia
915 3253 1137 3305 ven-erunt
1161 3260 1172 3289 z
1200 3242 1275 3290 sed
1290 3242 1465 3289 frustra.
1520 3239 1646 3288 Nam
1666 3238 1823 3301 Angla
1843 3245 1915 3284 et-

136 3313 354 3379 ssRegiae
377 3309 497 3374 parti
516 3308 661 3374 magis
679 3308 883 3366 favebat,
908 3321 1062 3357 tamen
1083 3323 1247 3371 pacem
1268 3305 1334 3358 ita
1351 3306 1500 3358 facere
1521 3303 1755 3367 cupiebat,
1779 3314 1830 3350 ut
1860 3312 1914 3348 u·

190 3442 254 3492 (1)
283 3440 394 3479 Laird
409 3438 454 3479 of
462 3436 632 3494 Cesford,
648 3440 868 3490 predecessor
882 3443 920 3479 to
933 3436 998 3477 the
1034 3467 1037 3469 Α
1051 3434 1153 3479 third
1172 3442 1254 3488 part
1270 3436 1315 3477 of
1326 3435 1395 3480 the
1428 3433 1588 3485 lordshi'p
1605 3433 1651 3472 of
1661 3425 1904 3483 Haliburtom

136 3498 212 3536 ear-l
233 3496 277 3534 of
300 3493 524 3542 Roxburgh.
876 3523 895 3528 a
1000 3510 1015 3520 x
1052 3492 1082 3532 1²
1085 3499 1201 3530 enton
1218 3493 1289 3539 aad
1305 3490 1495 3538 Dirleton.
1509 3489 1564 3532 see
1578 3487 1645 3531 the
1657 3494 1743 3530 note
1755 3483 1823 3524 lib·
1846 3493 1912 3522 ἴθ’·

192 3551 256 3601 (2)
284 3547 462 3586 William
481 3547 560 3584 lord
579 3544 761 3584 Ruthven
780 3545 854 3583 first
872 3545 946 3582 earl
960 3543 1005 3582 of
1055 3557 1132 3599 cap.
1150 3544 1189 3589 8.

144 3601 513 3649 Gox¹.·rie‚afte1·ward
531 3599 745 3643 thesaurer:
784 3599 832 3641 he
849 3597 921 3638 had
935 3596 1002 3639 the
1791 3648 1813 3694 t
1865 3649 1893 3689 n

1817 3656 1862 3688 ra
1896 3657 1924 3679 ἵ
