2091 3796
171 124 269 191 Ἰ88
482 127 847 193 RERUM
944 127 1640 201 SCOTICARUM

171 227 249 274 cui
270 226 652 276 omnium-„rerum
671 230 794 293 apud
813 231 994 293 Regem
1015 228 1217 277 maxima
1237 241 1334 275 erat
1354 228 1482 283 fides,
1507 236 1548 278 &
1571 230 1826 287 auftoritas,
1850 231 1945 281 col-³

117 338 121 341 ,
169 291 287 338 lecta
306 309 442 339 manu
465 294 730 356 proceribus
752 293 936 355 obviam
957 293 1024 339 ire
1045 292 1172 340 ausus
1196 310 1223 338 a
1249 292 1336 340 suis
1358 294 1590 349 deseritur,
1623 299 1667 344 ὅ(
1694 309 1852 358 captus
1875 296 1945 342 ‘vi-

169 369 265 402 tam
282 357 463 420 ‘laqueo'
485 357 600 405 finit.
670 358 927 406 Multitudo
953 358 1050 419 jam
1074 358 1281 404 Galdum
1304 358 1467 404 ducem
1492 362 1622 405 nacta
1643 360 1946 407 Dardannum

170 420 365 468 latebras
385 421 678 486 spectantem,
709 428 758 473 δε
780 422 901 468 inter
923 422 1239 484 prendendum
1265 438 1453 470 manum
1476 422 1557 469 fibi
1579 423 1747 471 inferre
1775 441 1945 472 conan-

170 496 262 530 tem
287 487 344 533 ad
366 503 471 534 eum
493 488 721 550 perducit.
773 485 847 533 Ibi
869 487 1015 533 statim
1038 486 1155 533 mori
1171 486 1328 548 juffuS.
1382 486 1549 549 Capite
1572 487 1775 534 defuncti
1799 490 1853 536 ad
1874 492 1946 536 lu-

171 549 370 598 dibrium
394 553 627 614 proposito
649 568 814 614 corpus
837 551 885 599 in
908 552 1114 613 cloacam
1135 551 1406 617 projectum,
1433 567 1538 598 cum
1560 553 1781 617 regnass'et
1805 571 1946 601 annos

168 621 379 676 quatuor.
878 618 883 622 ”
1011 636 1013 638 ·

884 683 1016 730 XXI.
1051 684 1094 730 R
1117 684 1155 738 E
1177 682 1239 729 X.

180 764 183 767 '
235 755 413 802 XXVI.
452 755 655 803 HUIC
680 754 876 803 succeflit
899 757 1162 803 Corbredus
1185 756 1405 804 secundus
1428 769 1738 822 cognomento
1765 757 1944 805 Galdus

169 818 220 868 &
239 818 416 867 suarum
434 819 658 866 virtutum
677 820 908 883 tirocini0‚
924 825 972 870 δε
990 823 1131 885 patris
1150 820 1318 884 optimi
1335 823 1573 879 memoria,
1597 829 1634 868 δε
1655 822 1811 869 indole
1831 839 1945 885 prae—

171 883 292 929 clara
309 883 594 947 proceribus,
619 899 670 930 ac
693 884 819 946 plebi
837 886 968 946 juxta
991 902 1136 932 carus.
1206 887 1320 932 Sunt
1355 887 1436 948 qui
1470 887 1592 932 hunc
1624 887 1884 949 Calgacum
1922 904 1947 933 a

171 946 341 995 Tacito
378 949 600 1012 appellari
641 948 914 995 existiment.
983 951 1025 995 A
1051 949 1196 996 Scotis
1229 965 1486 1013 cognomen
1511 948 1554 994 ei
1591 950 1737 995 Galdi
1771 953 1832 996 est
1866 951 1947 997 ad—

170 1008 338 1068 ditum,
361 1013 489 1077 quod
510 1012 634 1075 apud
652 1011 880 1060 Brittones
902 1013 1120 1060 educatus
1140 1013 1302 1060 fuifl‘et.
1373 1013 1498 1060 Scoti
1519 1012 1640 1060 enim
1664 1027 1812 1061 vetere
1835 1028 1944 1062 co'n-

170 1075 408 1125 suetudine
429 1077 625 1124 advenas
644 1077 919 1132 Galdos,ve1
942 1077 1125 1134 Gallos,
1149 1077 1276 1138 velut
1309 1077 1534 1125 Germani
1556 1080 1619 1124 W
1623 1079 1687 1126 als
1716 1080 1948 1143 appellare

170 1140 347 1190 solent:
380 1158 470 1205 qua
501 1142 557 1189 de
589 1160 636 1190 re
663 1141 775 1190 alibi
807 1142 944 1206 plura
973 1142 1191 1190 diximUS.
1260 1143 1357 1191 Hic
1388 1143 1633 1190 maximam
1658 1143 1714 1189 de
1747 1144 1788 1190 se
1823 1144 1947 1207 spem

172 1220 443 1272 conceptam
465 1206 611 1255 auxit.
678 1207 912 1254 Profectus
943 1207 1001 1254 ad
1030 1205 1196 1254 insulas
1230 1207 1398 1266 Sciam,
1425 1214 1463 1260 δι
1490 1209 1717 1272 Leogum,
1744 1225 1839 1268 non·
1860 1209 1947 1255 mi-
1984 1249 1986 1253 .

172 1269 285 1317 nore
308 1271 570 1335 prudentia,
591 1274 738 1336 quam
770 1271 1004 1319 severitate
1036 1285 1185 1319 motus
1211 1272 1489 1335 jampridem
1512 1281 1653 1326 ortos,
1680 1277 1729 1320 ὃς
1762 1272 1948 1336 ignavia

172 1333 413 1384 Dardanni
451 1339 605 1383 auclos
637 1337 932 1398 compescuit.
1001 1339 1252 1384 Latronum
1291 1338 1429 1384 duces
1467 1336 1700 1384 interemit
1726 1355 1736 1383 :
1772 1338 1949 1385 caeteris

172 1413 324 1463 poenae
360 1413 486 1450 metu
510 1401 582 1448 vel
605 1399 687 1448 fibi
722 1401 992 1449 consciscere
1016 1402 1226 1457 exilium,
1252 1402 1325 1449 vel
1365 1403 1424 1449 ad
1455 1418 1592 1465 opera
1616 1400 1779 1448 rustica
1800 1403 1949 1465 redire
1984 1446 1986 1452 Α

173 1465 357 1522 coactis.
425 1465 520 1514 Hic
541 1466 705 1530 opinor
738 1465 910 1530 primus
947 1468 1129 1531 Regum
1155 1469 1395 1514 Scotorum
1431 1467 1556 1531 signa
1585 1480 1690 1512 cum
1727 1467 1948 1514 Romanis

174 1532 386 1586 contulit,
411 1531 609 1592 imperio
629 1549 787 1580 eorum
811 1531 1032 1594 paulatim
1053 1531 1094 1578 se
1113 1532 1170 1579 ad
1193 1531 1301 1579 fines
1324 1531 1461 1594 ipsius
1480 1545 1781 1595 propagante.
1818 1534 1944 1581 Nam

172 1595 364 1645 Petilius
388 1595 579 1643 Cerialis
602 1596 775 1659 primus
798 1597 1086 1661 Brigantium
1105 1596 1221 1643 vires
1243 1596 1382 1660 fregit
1403 1615 1413 1643 ε
1448 1599 1498 1646 ὃ(
1516 1596 1612 1657 ejus
1632 1596 1845 1644 succefl‘or
1867 1599 1948 1660 Ju-

173 1659 265 1707 lius
287 1662 530 1708 Frontinus
556 1661 724 1708 Silures
746 1661 875 1716 vicit.
944 1663 1021 1709 Ad
1043 1663 1123 1708 has
1143 1673 1302 1725 gentes
1326 1678 1416 1708 non
1440 1660 1555 1708 adeo
1579 1663 1717 1724 longe
1740 1678 1766 1708 a
1787 1664 1950 1709 Scoto·
1986 1708 1988 1718 ,

174 1742 296 1781 rum,
316 1729 365 1774 δε
389 1726 618 1773 Pictorum
640 1726 807 1773 finibus
828 1727 994 1788 positas
1016 1743 1108 1774 non
1132 1726 1345 1773 abhorret
1362 1744 1387 1772 a
1404 1744 1512 1772 vero
1532 1725 1655 1772 missa
1678 1725 1804 1773 fuiffe
1822 1726 1951 1774 auxi-

175 1790 255 1836 lia.
326 1791 538 1838 Succeffit
559 1791 865 1854 superioribus
893 1791 1039 1854 Julius
1063 1791 1288 1854 Agricola
1312 1811 1322 1837 2
1356 1791 1436 1854 qui
1458 1789 1677 1854 superatis
1701 1792 1951 1838 Ordovici-

178 1855 280 1910 bus,
297 1856 536 1919 Monaque
554 1855 697 1905 insula
713 1857 761 1902 in
784 1858 1052 1919 potestatem
1075 1856 1256 1904 redacta
1276 1873 1381 1903 cum
1405 1857 1459 1902 ad
1480 1854 1828 1919 angustissimam
1850 1856 1949 1903 Bri-

179 1920 345 1966 tanniae
363 1935 541 1984 partem
562 1921 766 1976 venisset,
791 1933 911 1968 ratus
931 1937 1023 1968 non
1045 1938 1265 1984 magnum
1290 1919 1372 1967 fibi
1394 1922 1449 1967 ad
1471 1920 1623 1967 insulae
1655 1921 1790 1966 finem
1815 1921 1952 1983 spati*
1991 1924 1993 1928 ’

177 2001 259 2031 um
281 1985 515 2047 superesse,
536 1987 740 2033 animum
762 1986 818 2033 ad
837 1998 980 2032 totam
1004 1986 1363 2050 perdomandam
1387 1985 1568 2046 adjecit.
1623 1985 1787 2032 Tertio
1809 1985 1954 2048 igitur

176 2048 364 2113 imperii
392 2068 511 2099 anno
544 2051 776 2116 proximas
805 2050 1055 2107 Pictorum,
1090 2057 1130 2098 δε
1166 2052 1406 2097 Scotorum
1439 2051 1650 2112 regiones
1684 2051 1954 2113 populando

176 2115 419 2178 percurrit,
440 2117 589 2164 donec
610 2117 667 2164 ad
689 2117 846 2164 Taum
868 2133 1051 2163 amnem
1072 2114 1282 2179 pervenit
1303 2135 1312 2162 :
1348 2115 1542 2178 quanvis
1576 2114 1742 2161 afflicto
1777 2127 1954 2177 tempe·

180 2180 366 2227 statibus
384 2181 608 2236 exercitu,
631 2180 825 2244 spatium
848 2193 1002 2229 tamen
1023 2180 1248 2244 ponendis
1269 2180 1440 2228 idoneo
1470 2180 1573 2226 loco
1596 2179 1786 2226 castellis
1807 2181 1954 2228 habu-

178 2243 218 2290 it
239 2263 248 2291 :
285 2262 388 2309 quae
412 2253 540 2298 res&
562 2246 747 2294 consilia
768 2246 964 2294 hostium
987 2263 1104 2293 vana
1126 2245 1348 2300 reddidit,
1367 2248 1417 2296 ὃς
1438 2244 1556 2291 vires
1585 2243 1741 2308 fregit.
1803 2246 1955 2293 Antea

179 2308 306 2356 enim
328 2311 536 2364 homines
558 2312 618 2358 ad
650 2310 857 2358 omniurn
899 2312 1127 2358 malorum
1147 2309 1419 2372 patientiam
1448 2309 1649 2356 indurati
1681 2326 1784 2371 quae
1808 2311 1956 2358 testate

179 2374 437 2430 amiserant,
461 2376 613 2431 hieme
647 2375 908 2439 legionibus
948 2393 1028 2438 per
1051 2375 1244 2422 hiberna
1263 2373 1469 2437 dispersis
1499 2375 1830 2435 recuperabant
1855 2392 1865 2420 ε
1903 2392 1956 2422 ae

180 2439 454 2504 plaerunque
476 2441 655 2490 castella
672 2457 766 2488 non
787 2439 889 2488 satis
913 2441 1092 2487 munita
1111 2440 1456 2502 expugnabant.
1526 2439 1652 2484 Tum
1680 2454 1790 2484 vero
1820 2439 1956 2487 soler-

181 2504 247 2550 tia
271 2505 575 2567 Agricolaerin
598 2504 787 2553 castellis
808 2505 1054 2567 ponendis,
1078 2508 1130 2557 &
1157 2503 1401 2567 diligentia
1421 2503 1468 2550 in
1492 2502 1771 2558 muniendis,
1795 2505 1959 2553 annuis

181 2568 327 2632 copiis
348 2569 398 2618 in
432 2570 607 2634 singula
628 2570 844 2631 conjectis
867 2582 985 2617 artes
1015 2585 1174 2616 eorum
1198 2568 1539 2622 frustrabantur.
1562 2616 1565 2623 ,
1609 2569 1787 2631 Qarto
1808 2567 1935 2634 impe
1950 2597 1962 2607 ι

181 2633 241 2679 -rii
263 2651 382 2681 anno
400 2635 634 2698 perspeclo
653 2651 791 2698 quam
816 2635 942 2681 brevi
965 2633 1107 2697 spatio
1131 2633 1377 2689 Bodotriae,
1399 2639 1439 2680 δε
1462 2632 1642 2680 Glottae
1665 2633 1866 2687 aestuaria
1887 2634 1960 2681 di-

180 2697 424 2755 rimantur,
442 2716 496 2754 ac
517 2701 623 2746 loco
645 2699 862 2761 praefidiis
880 2700 1060 2746 firmato
1081 2699 1292 2765 regiones
1314 2697 1361 2744 in
1380 2696 1690 2763 Hibernicum
1714 2713 1837 2745 mare
1857 2715 1959 2746 ver-³

184 2763 251 2809 sas
274 2765 580 2826 depopulatus
598 2765 674 2812 est.
745 2763 924 2828 Qinto
950 2781 1069 2811 anno
1091 2764 1222 2810 class'e
1244 2762 1557 2819 in'Oceanum
1587 2761 1781 2810 immiffa
1801 2764 1961 2811 multis

181 2827 230 2881 in
253 2827 366 2874 locis
383 2829 688 2876 exscenfiones
711 2830 839 2884 lecit,
860 2844 913 2876 ac
935 2828 1316 2892 populationibus
1339 2827 1761 2875 maritimamroram
1778 2826 1960 2874 infesta-

182 2890 267 2947 yit,
293 2893 540 2957 littoraque
560 2893 838 2942 Hiberniam
867 2893 1115 2957 spectantia
1140 2891 1364 2956 praefidiis·
1391 2891 1613 2945 munivit,
1634 2907 1727 2938 non
1749 2892 1890 2939 modo
1911 2893 1964 2943 in

186 2955 312 3004 usum
333 2957 615 3016 praesentem,
640 2958 715 3006 sed
737 2959 873 3006 etiam
901 2972 951 3005 ut
969 2959 1018 3006 in
1042 2956 1319 3005 Hiberniam
1335 2956 1468 3003 illinc
1488 2955 1668 3003 facilius
1684 2956 1927 3018 trajiceret.

248 3021 455 3069 XXVII.
490 3023 596 3077 Hac
617 3024 850 3087 Agricolae
870 3021 1116 3087 prudentia
1132 3020 1260 3069 Scoti
1280 3027 1321 3068 δε
1340 3021 1459 3068 Pieri
1475 3019 1524 3067 in
1552 3021 1792 3085 angustum
1816 3037 1962 3085 angu-

180 3086 286 3141 lum*
304 3086 522 3141 conclufi,
542 3091 591 3136 δε
615 3104 641 3133 a
662 3089 924 3142 Brittonum
942 3085 1222 3139 commercio
1238 3085 1399 3142 >seclusi
1418 3085 1475 3132 ad
1500 3085 1716 3133 ultimum
1737 3084 1823 3133 sese
1841 3087 1970 3147 perii

182 3151 341 3205 culum
363 3150 708 3212 comparabant.
732 3191 737 3197 .
775 3153 882 3201 Nec
904 3152 1085 3217 segnius
1107 3149 1331 3215 Agricola
1350 3150 1480 3207 classe
1497 3148 1739 3198 circumire
1755 3148 1884 3211 ‘julla
1903 3152 1962 3198 ad

180 3216 390 3262 extrema
406 3213 561 3262 insulae
583 3217 883 3277 exploranda,
908 3222 951 3271 ἔτ,
973 3217 1066 3280 ipse
1088 3213 1497 3273 trans-Bodotriam
1519 3215 1659 3273 ducto
1679 3213 1886 3269 exercitu
1914 3213 1965 3262 in

183 3279 466 3334 Caledonios
490 3280 703 3326 tetendit.
770 3281 845 3335 Ibi
861 3281 958 3342 jam
993 3281 1138 3328 hostes
1158 3277 1279 3336 utin
1302 3278 1518 3326 ultimum
1540 3278 1782 3326 discrimen
1818 3278 1967 3340 parati

183 3343 365 3392 castella
383 3343 602 3407 *quaedam
638 3341 957 3397 Romanorum
977 3359 1250 3409 oppugnare
1281 3342 1470 3407 aggressi
1499 3355 1678 3391 tantum
1711 3341 1968 3391 intulerunt
2005 3351 2011 3380 ’-

178 3409 389 3466 terroris,
413 3419 466 3455 ut
481 3407 767 3470 plaerique&
788 3409 1154 3465 multitudinem,
1176 3414 1217 3455 δε
1240 3423 1299 3454 ex
1312 3407 1632 3471 ‚desperatione
1663 3406 1967 3471 pertinaciam

181 3473 400 3523 timentes
414 3471 710 3533 >consulerent
730 3488 839 3520 curn
871 3473 1078 3522 exercitu
1099 3486 1222 3522 retro
1253 3467 1304 3518 in
1342 3471 1578 3536 pacatiora
1608 3472 1714 3519 loca
1732 3482 1965 3518 reverten-

178 3539 316 3594 dum.
381 3536 562 3597 Verum
594 3536 691 3590 dux
726 3537 952 3601 propositi
983 3550 1131 3586 certus
1161 3552 1269 3584 cum
1291 3536 1437 3609 hqstes
1471 3535 1689 3599 pluribus
1703 3534 1968 3600 agminibus
2047 3592 2049 3597 ,

185 3601 436 3650 adventare
455 3600 661 3661 audiiset,
691 3601 849 3668 &ipse
871 3602 1102 3669 tripartito
1136 3599 1346 3652 adversus
1376 3599 1452 3651 eos
1485 3600 1657 3650 duxit:
1691 3617 1795 3665 quae
1833 3598 1972 3650 resei

514 3676 515 3680 ’
739 3672 752 3677 “
945 3671 948 3674 “
1129 3676 1134 3678 ·
1853 3677 1974 3726 pene
