1992 3801
151 156 284 225 216
459 156 820 224 RERUM
910 155 1594 222 Scor-rcARtJM

149 251 461 320 desperatione
482 256 654 303 erexit:
682 271 766 303 nec
782 271 858 303 eos
872 252 1067 318 pecunia
1086 251 1247 309 solum,
1261 253 1335 301 sed
1356 253 1522 318 gloria,
1537 259 1577 300 &
1599 252 1751 309 armis,
1773 258 1814 301 Sc
1832 267 1912 318 ap-

146 330 310 383 paratu
328 318 501 367 bellico
521 322 666 368 auxit.
701 320 870 381 Neque
889 319 988 364 suos
1011 317 1168 372 modu,
1188 317 1269 380 qui
1293 319 1459 380 partim
1481 319 1623 372 bello,
1643 319 1807 381 partim
1832 336 1915 382 pet

146 384 354 431 inducias
382 384 506 447 capti
538 395 681 439 erant,
706 384 1012 445 redemerunt,
1037 381 1112 428 sed
1137 397 1346 443 magnam
1371 399 1428 428 ex
1449 382 1641 446 captivis
1670 382 1915 445 pecuniam

145 447 458 496 confecerunt.
524 451 595 495 Ex
632 447 784 510 spoliis
824 459 976 493 autem
1013 443 1236 508 plaerique
1274 445 1615 508 &superiorum
1647 459 1913 509 temporum

144 513 314 560 damna
332 510 695 575 compensarunt,
729 516 769 558 &
796 528 985 573 magnas
1008 510 1056 557 in
1078 510 1304 573 posterum
1326 525 1436 572 opes
1459 521 1690 572 pararunt.
1758 512 1916 562 Vene·
1977 510 1979 514 ’

143 588 246 629 rant
277 576 399 625 enim
425 575 569 639 Angli
602 592 706 622 cum
739 574 1063 639 preciosissimis
1095 590 1246 621 rerum
1280 573 1458 621 suarum
1490 590 1582 620 non
1616 587 1834 638 tanquam
1857 575 1916 622 ad

143 642 338 697 bellum,
371 642 443 687 sed
468 653 634 687 certam
658 639 912 687 victoriam.
982 639 1139 686 Rebus
1169 639 1292 685 bello
1322 638 1517 685 feliciter
1538 639 1669 702 gestis
1692 640 1792 685 Rex
1811 635 1914 686 hie-

143 704 414 768 mem,'quae
435 705 585 751 secuta
606 706 665 751 est
683 706 841 751 statum
865 703 996 768 regni
1017 703 1235 750 diuturno
1260 703 1380 750 bello
1403 702 1726 750 labefactatum
1749 704 1918 750 confir-

128 772 331 833 ,mandm
359 773 409 819 &
431 769 620 831 praemia
654 769 771 816 bene
806 768 978 816 meritis
1009 767 1308 831 persolvendo
1340 767 1629 831 consumpsit.
1699 767 1918 826 Proximo

143 851 250 883 vere
272 832 511 882 Bervicum
535 833 592 879 de
613 833 777 895 Anglis
798 834 858 880 est
881 845 1082 895 captum,
1107 834 1204 894 post
1224 831 1487 878 vicesimum
1509 849 1679 888 annum
1703 849 1841 895 quam
1865 832 1914 879 irr

142 914 302 946 eorum
338 898 601 962 potestatem
626 910 825 945 venerat.
892 896 1106 943 Proxime
1128 896 1318 942 comitia
1339 897 1396 940 ad
1419 897 1588 941 Aiiram
1608 897 1757 942 Co'ssae
1779 896 1917 959 Oppi..

144 963 256 1009 dum
279 962 378 1009 sunt
399 960 585 1007 indicia.
653 961 726 1006 Ibi
747 959 978 1022 frequenti
995 972 1224 1005 conventu
1246 956 1451 1005 omnium
1475 958 1688 1005 ordinum
1709 960 1915 1024 suffragi-

144 1027 182 1075 is
206 1027 373 1075 Brussio
395 1041 587 1087 regnum
606 1025 666 1071 est
683 1026 1019 1071 confirmatum.
1073 1022 1256 1069 Deinde
1274 1022 1383 1086 quia
1405 1022 1587 1069 unicam
1609 1039 1666 1069 ex
1684 1025 1838 1086 priore
1862 1041 1916 1071 u·-

143 1108 256 1139 xore
290 1090 428 1137 filiam
469 1089 683 1149 habebat,
707 1089 950 1152 optimates
974 1103 1197 1134 memores
1220 1100 1442 1151 quantum
1471 1088 1694 1134 malorum
1728 1089 1923 1150 publice,

141 1156 473 1203 redundaverat
494 1169 550 1200 ex
569 1169 622 1199 ea
643 1154 962 1208 controversia,
983 1168 1083 1216 quae
1106 1151 1410 1215 superioribus
1436 1151 1715 1214 temporibus
1738 1154 1796 1200 de
1811 1154 1915 1214 jure

142 1221 302 1283 Regiae
324 1217 603 1265 succeffionis
637 1218 799 1273 fuerat,
824 1218 1139 1269 decreverunt,
1166 1229 1216 1263 ut
1237 1217 1267 1262 fi
1292 1217 1417 1263 nulla
1440 1217 1559 1280 Regi
1594 1215 1739 1280 stirpis
1763 1217 1907 1264 virilis

140 1286 292 1348 proles
314 1282 687 1334 effet‚Eduardus
709 1283 804 1343 ejus
827 1282 963 1329 frater
982 1283 1082 1328 Rex
1100 1293 1327 1328 crearetur
1348 1299 1358 1326 ε
1381 1280 1567 1344 ejusque
1591 1280 1805 1344 deinceps
1829 1282 1912 1328 filii

142 1349 446 1396 succederent.
517 1347 660 1408 Qod
695 1348 723 1393 fi
748 1346 785 1392 is
807 1364 991 1410 quoque
1016 1347 1105 1393 fine
1135 1347 1267 1409 stirpe
1288 1344 1412 1391 virili
1434 1345 1675 1392 decederet
1697 1359 1794 1392 tum
1817 1347 1913 1393 Ro-

143 1413 260 1460 berti
283 1411 469 1473 filia,(13
493 1411 660 1463 Maria,
685 1412 941 1473 posterique
964 1411 1059 1472 ejus
1082 1427 1274 1463 regnum
1302 1422 1524 1464 tenerent,
1544 1409 1717 1456 interea
1744 1411 1913 1457 nobili-

139 1493 207 1524 tas
229 1478 399 1531 virum,
423 1475 497 1522 cui
519 1492 617 1523 eam
641 1476 921 1522 collocarent
945 1475 1137 1538 dignum
1163 1475 1328 1537 puellae
1348 1473 1507 1538 Regiae
1531 1474 1841 1530 matrimonio,
1867 1482 1910 1522 δε

137 1541 271 1606 regni
304 1540 569 1588 successione
608 1541 845 1603 eligerent.
913 1540 1072 1587 Multo
1094 1541 1213 1586 enim
1237 1539 1410 1602 aequins
1431 1540 1531 1591 effe,
1556 1551 1604 1585 ut
1624 1540 1792 1602 puellae
1814 1556 1915 1586 ma*
1987 1578 1992 1592 ,

138 1607 253 1654 ritus
275 1606 333 1652 ab
356 1605 588 1660 omnibu5‚
613 1622 749 1668 quam
775 1622 800 1661 a
821 1605 974 1667 puella
996 1606 1098 1652 Rex
1119 1604 1332 1651 omnibus
1355 1604 1614 1666 eligeretur.
1661 1604 1913 1652 Decretum
1961 1654 1967 1659 ⁴

137 1687 326 1734 quoque
344 1669 412 1715 ibi
435 1683 483 1716 nt
506 1671 631 1733 Rege
654 1670 894 1732 impubere
913 1670 1125 1726 Thomas
1144 1668 1419 1723 Randolfus‚
1441 1681 1516 1715 aut
1540 1670 1565 1715 fi
1590 1668 1704 1731 qnid
1726 1668 1767 1715 ei
1790 1669 1918 1716 acci⁴

137 1736 284 1789 diffet,
308 1735 501 1781 Iacobus
519 1735 778 1798 Duglafiius
798 1734 938 1796 Regis
961 1747 1102 1790 tutor,
1127 1737 1174 1783 ὃς
1197 1733 1327 1796 regni
1349 1734 1630 1796 gubernator
1650 1734 1769 1779 effet.

203 1801 380 1854 XLIII·
414 1801 553 1846 Fama
574 1816 721 1846 rerum
743 1798 767 1844 a
788 1800 992 1845 Roberto
1015 1799 1158 1852 domi,
1180 1798 1382 1861 bellique
1403 1799 1626 1861 gestarum
1647 1798 1718 1859 (τι)
1744 1814 1800 1844 ex
1818 1797 1910 1844 Hi-

137 1864 298 1912 bernia
319 1866 493 1926 legatos
515 1864 685 1910 excivit
706 1864 761 1909 ad
784 1863 843 1918 se,
869 1863 1034 1927 suaque
1057 1863 1212 1910 omnia
1232 1863 1279 1909 in
1311 1863 1446 1908 fidem
1471 1863 1565 1924 ejus
1583 1862 1913 1925 permittenda.-

141 1930 283 1993 Qod
302 1930 333 1975 ss
354 1927 499 1991 ipsum
523 1945 673 1975 rerum
696 1928 871 1974 suarum
894 1928 1012 1974 ratio
1033 1927 1257 1974 detineret
1278 1926 1421 1981 dorni,
1438 1927 1645 1982 orabant,
1664 1941 1712 1973 ut
1734 1927 1913 1973 Eduar-

137 1994 248 2041 dum
291 1993 475 2040 fratrem
497 1994 677 2058 Regem
712 1992 794 2038 fibi
817 1993 945 2040 daret
975 2009 985 2038 :
1034 2009 1123 2039 neu
1147 1992 1307 2038 smeret
1341 2005 1525 2057 gentem
1562 2002 1802 2055 cognatam
1830 1989 1915 2037 sub*

137 2058 333 2111 crudeli,
357 2063 397 2111 δε
424 2058 616 2122 superba
637 2056 952 2104 dominatione
982 2057 1244 2120 Anglorum
1266 2055 1546 2103 intolerabili
1575 2056 1785 2102 servitute
1807 2072 1910 2117 pre·

139 2123 220 2170 mi.
290 2121 573 2185 Scripserunt
604 2121 730 2168 idem
753 2121 956 2168 Hiberni
983 2122 1121 2169 etiam
1144 2122 1201 2168 ad
1230 2119 1496 2168 Pontificem
1525 2122 1786 2167 Romanum
1817 2119 1916 2167 fert}

136 2187 185 2234 in
208 2188 402 2234 eandem
425 2186 707 2234 sententiam.
776 2188 819 2232 Is
843 2203 948 2233 curn
970 2186 1128 2233 frustra
1150 2185 1406 2237 monuisset,
1432 2199 1480 2232 ut
1499 2185 1555 2231 ab
1575 2184 1796 2232 Hibernis
1812 2185 1910 2231 An-

139 2252 242 2315 glus
264 2251 477 2313 injuriam
509 2251 764 2304 abstineret,
797 2252 981 2298 tandem
1015 2250 1255 2298 Eduardus
1280 2250 1470 2297 Brufflus
1495 2251 1550 2296 εὸ
1572 2266 1678 2296 curn
1709 2248 1913 2296 exercitu·

137 2316 368 2380 profectus
392 2333 560 2380 magno
584 2314 888 2362 universorum
909 2315 1120 2363 consensu
1144 2316 1244 2361 Rex
1261 2317 1321 2362 est
1339 2314 1609 2376 appellatus.
1670 2315 1825 2361 Primo
1845 2312 1914 2359 sui

138 2381 361 2427 adventus
383 2397 502 2428 anno
525 2379 770 2428 Ultoniam
792 2395 975 2427 omnem
995 2378 1436 2444 ejeciis‘Anglisjsuae
1459 2378 1647 2425 ditionis
1671 2377 1779 2425 fecit
1805 2397 1815 2424 ε
1843 2393 1913 2424 re-

138 2444 408 2509 liquamque
431 2457 573 2493 totam
607 2443 796 2491 insulam
821 2443 992 2491 victore
1022 2443 1227 2491 exercitu
1248 2442 1524 2508 peragravit.
1594 2444 1733 2489 Anno
1756 2441 1912 2504 proxi·

139 2527 218 2556 mo
237 2526 357 2556 novo
379 2527 436 2556 ex
451 2509 623 2573 Anglia
639 2507 885 2556 transmisso
902 2509 1105 2556 exercitu
1127 2524 1231 2555 cum
1255 2509 1366 2555 belli
1389 2508 1532 2568 major
1551 2507 1694 2553 moles
1712 2506 1909 2560 instaret,

138 2574 368 2622 Robertus
391 2590 578 2638 quoque
602 2572 733 2620 novis
755 2571 900 2636 copiis
921 2573 1088 2620 coactis
1106 2573 1160 2618 ad
1185 2573 1375 2619 fratrem·
1389 2572 1632 2619 festinavit.
1676 2571 1828 2618 Multa
1850 2570 1916 2616 ob

138 2637 343 2701 inopiam
367 2648 706 2686 commeatuum
732 2636 778 2682 in
810 2653 863 2683 ea
892 2637 1185 2699 expeditione
1207 2638 1369 2700 passus,
1390 2653 1494 2684 cum
1530 2636 1623 2682 fere
1656 2635 1788 2682 unius
1820 2633 1916 2682 diei·
1969 2651 1971 2654 ⁴

137 2702 303 2750 itinere
325 2702 506 2756 abesset,
531 2702 696 2757 certior
714 2701 775 2748 est
792 2701 1142 2757 faetussfratrem
1160 2718 1263 2748 cum
1283 2702 1498 2748 omnibus
1520 2717 1626 2747 eum
1644 2700 1804 2746 secutis
1823 2711 1914 2745 ter-

141 2768 210 2814 tio
230 2768 393 2815 Nonas
416 2767 642 2815 Octobres
666 2765 828 2812 caesum
851 2764 993 2813 fuiffe.
1062 2767 1202 2812 Fama
1225 2766 1285 2813 est
1299 2765 1566 2812 Eduardum
1587 2763 1730 2811 nimia
1753 2763 1915 2826 gloriae

139 2831 395 2893 cupiditate
423 2832 652 2895 percitum
686 2847 783 2878 rem
812 2830 1128 2894 praecipitasse,
1153 2847 1210 2877 ne
1233 2846 1336 2888 cum
1366 2830 1502 2877 fratre
1523 2825 1759 2876 vietoiiam
1783 2844 1912 2874 com-

137 2909 404 2944 municaret.
497 2906 500 2912 “
1194 2930 1196 2933 v

188 2960 382 3026 =XLIV.
414 2963 515 3008 Rex
526 2961 713 3024 Angliae
734 2976 838 3009 cum
858 2960 1048 3008 rescisset
1066 2961 1224 3007 florem
1243 2958 1411 3006 virium
1433 2957 1597 3004 Scotiae
1618 2957 1665 3004 in
1685 2955 1919 3015 Hibernia·

140 3040 232 3072 una
253 3040 358 3071 cum
385 3026 554 3072 Bruffio
577 3026 721 3072 abesse
754 3026 894 3072 domo
915 3025 1092 3088 procul,
1109 3023 1513 3071 commodiffimam
1534 3023 1817 3070 occafionem
1840 3021 1917 3083 ul·-¹

137 3087 337 3137 ciscendi
359 3090 528 3136 damna
549 3089 828 3153 superiorum
851 3102 1112 3155 temporum
1135 3088 1218 3135 fibi
1239 3088 1393 3136 datam
1414 3100 1555 3143 ratus,
1573 3102 1760 3151 magnas
1783 3087 1912 3151 copi·

192 3225 209 3274 (
217 3224 255 3272 1)
275 3225 352 3264 She
381 3225 413 3264 is
436 3227 554 3265 called
569 3236 572 3238 ’
585 3227 632 3277 by
661 3229 786 3275 others
809 3228 999 3278 Margerie
1052 3228 1151 3266 lived
1169 3229 1283 3268 under
1299 3227 1401 3266 their
1418 3241 1503 3266 own
1522 3227 1647 3276 kings,
1669 3226 1768 3264 until
1782 3227 1911 3275 Henry

137 3291 181 3317 or
207 3278 403 3330 Marjorie,
425 3280 637 3318 afterwards
655 3283 813 3321 married
830 3291 869 3320 to
888 3284 999 3321 Wal-
1052 3283 1108 3320 11.
1130 3282 1225 3330 king
1246 3281 1291 3319 of
1301 3283 1470 3330 England
1496 3281 1548 3319 set
1570 3280 1714 3328 footing
1745 3281 1911 3327 amongst

138 3339 210 3378 ver,
229 3331 295 3424 th⁶e
313 3339 416 3382 great
431 3333 580 3372 steward
600 3334 646 3373 of
656 3335 843 3374 scotland.
899 3336 1001 3373 Vide
1054 3334 1175 3382 them,
1189 3336 1259 3372 and
1276 3337 1479 3395 conquered
1497 3347 1518 3371 a
1539 3342 1640 3394 great
1657 3340 1737 3384 part
1751 3331 1796 3370 of
1811 3332 1916 3392 their·

137 3397 258 3488 casias)
286 3412 374 3478 :rhe
393 3439 574 3488 kingdom
592 3440 637 3479 of
657 3441 803 3480 Ireland
820 3441 894 3479 had
912 3455 997 3480 ever
1046 3387 1914 3490 ἶπέιὲηῑξῖζὶιςὴῗὶῗ)ζυξκῗὲἓὶῗῗοΐὲξξγὸῗῐῗῖξιῗιξζῖ

138 3489 233 3542 kept
262 3493 404 3542 perse&
420 3485 619 3544 friendlhip
638 3493 733 3532 with
751 3495 941 3540 Scotland,
958 3507 996 3532 as
1044 3494 1187 3546 jection
1208 3494 1254 3544 by
1271 3493 1346 3532 this
1370 3495 1475 3534 time.

127 3543 252 3593 “being
266 3545 311 3582 of
323 3559 394 3585 ene
406 3546 562 3596 original
579 3548 649 3587 arrd
668 3548 859 3598 language.
885 3547 996 3598 They

1865 3667 1915 3712 as
