2091 3796
171 100 324 186 96*
480 99 843 164 RERUM
935 94 1630 162 Sco‘rmanum

163 199 249 246 bus
270 197 444 244 instare.
514 194 638 244 Cum
660 194 744 243 ille
771 206 953 259 urgeret
983 210 1009 240 a
1041 209 1135 256 quo
1159 195 1177 238 ἒ
1212 205 1376 247 anum,
1400 208 1428 239 a
1447 202 1510 249 te,
1533 189 1780 253 subjeeiss'e.
1847 190 1942 240 Ille.

165 263 408 309 mulierem
426 271 662 308 execratus
680 276 786 308 cum
806 261 997 307 domum
1016 257 1202 312 rediret,
1222 254 1361 304 subiit
1377 255 1584 307 animum
1600 255 1682 302 illa
1698 254 1940 320 cogitatio,

163 343 248 373 nec
268 325 529 388 responsum
550 324 702 373 caelari
722 326 860 388 poss'e,
885 337 970 370 nec
991 322 1127 371 edere
1147 331 1300 369 tutum
1320 321 1406 368 effe
1426 338 1437 368 ε
1470 336 1529 368 ne
1550 320 1593 368 se
1613 321 1739 384 apud
1755 322 1936 384 Regem

163 390 403 438 hominem
437 407 645 453 pravum,
682 392 735 441 δε
765 388 843 435 suo
874 387 1028 435 timori
1060 386 1384 450 indulgentem
1421 383 1672 448 suspectum
1710 383 1937 432 redderet.

164 456 329 516 Itaque
346 453 490 502 tutius
513 455 657 502 visum
690 455 755 503 ,est
791 464 1034 516 tyrannum
1072 466 1178 499 cum
1212 452 1463 498 multorum
1485 448 1634 513 gratia
1663 449 1939 505 interficere,

163 520 303 582 quain
335 534 441 567 cum
476 517 733 584 graviffimo
767 514 945 580 proprii
965 515 1128 581 capitis
1155 514 1418 563 discrimine
1446 513 1730 560 incolumem
1752 513 1943 565 servare,
1993 537 1996 539 Δ

166 583 328 632 Statim
353 582 434 631 ubi
456 584 647 631 domum
668 581 821 637 rediit,
845 581 1093 645 impetrato
1114 580 1174 628 ad
1193 580 1401 645 responsa
1423 578 1688 626 divinorum
1707 594 1945 641 exponen-

164 647 224 694 da
245 648 433 702 secreto,
462 647 575 695 caeso
607 649 740 711 Rege
770 645 1100 695 duodecimum
1120 644 1307 710 imperii
1327 660 1499 693 annum
1531 643 1726 708 ingresso
1747 641 1945 706 patriam

163 713 362 780 servitio,
388 719 428 760 Sc
451 713 493 760 se
516 711 722 777 periculo
745 710 930 759 exemit.
1893 712 1899 717 “

851 786 1034 833 XXXI.
1065 785 1108 832 R
1131 786 1170 832 E
1193 786 1254 832 Χ.

97 908 100 910 ,
229 851 382 898 XLII.
418 853 456 898 E
471 851 495 913 J
509 851 556 897 U
569 851 597 896 S
629 861 776 896 morte
792 848 1031 913 divulgata
1051 849 1187 897 liberi
1207 847 1477 896 Athirconis
1500 858 1788 894 revocantur.
1835 847 1870 893 F
1873 845 1944 893 in*

165 916 341 977 dochus
374 928 538 979 praeter
572 931 717 977 genus
748 913 905 960 multis
936 924 1108 960 naturae
1140 911 1489 966 blandimentis,
1513 911 1719 972 corporis
1750 909 1945 965 viribus,

165 980 329 1036 forma,
353 978 642 1044 proceritate,
680 977 985 1033 aetatisflore,
1015 977 1174 1023 adhaec
1207 975 1422 1039 periculis
1458 974 1805 1022 commendatus
1841 974 1943 1020 Rex

165 1045 356 1109 eligitur
384 1061 396 1089 ε
429 1059 576 1106 neque
598 1042 723 1105 spem
746 1043 804 1088 de
835 1040 878 1088 se
908 1052 1176 1103 conceptam
1211 1039 1391 1088 fefellit.
1462 1040 1572 1086 Erat
1599 1037 1724 1085 enim
1758 1037 1805 1084 in
1835 1053 1946 1084 con-

166 1107 406 1158 suetudine
429 1106 701 1170 quotidiana
730 1105 904 1154 summa
924 1105 1226 1159 humanitate,
1250 1105 1298 1152 in
1331 1105 1436 1167 jure
1474 1103 1676 1150 dicundo
1712 1103 1946 1165 acquitate,

167 1175 215 1221 in
239 1173 458 1237 promiffis
488 1172 594 1219 fide.
661 1171 839 1218 Verum
862 1170 1106 1218 Donaldus
1130 1169 1365 1217 Insulanus
1397 1167 1520 1233 pacis
1559 1164 1803 1232 impatiens
1839 1182 1946 1213 cum

169 1237 407 1286 numerosa
428 1253 568 1284 manu
590 1236 771 1283 suorum
789 1235 838 1282 in
853 1233 1045 1282 Albium
1069 1232 1246 1296 trajecit
1272 1254 1282 1281 :
1316 1240 1357 1281 &
1379 1232 1560 1296 ingenti
1582 1232 1711 1278 clade
1732 1232 1946 1277 villarum

169 1319 445 1367 quacunque
476 1301 699 1365 pergebat
732 1299 856 1347 edita
877 1316 1091 1363 magnam
1123 1300 1325 1362 praedam
1357 1299 1549 1345 domum
1581 1296 1753 1359 abegit.
1821 1292 1948 1342 Cau-

170 1368 216 1414 sa
236 1367 347 1415 belli
388 1366 738 1431 praetexebatur,
763 1364 879 1412 ultio
913 1364 1074 1411 mortis
1113 1363 1366 1411 Nathaloci
1386 1361 1546 1427 Regis.
1613 1360 1876 1408 Findochus
1899 1377 1947 1407 e-

171 1433 346 1480 xercitu
365 1430 511 1480 statim
528 1430 722 1477 collefto
755 1428 804 1476 in
827 1429 944 1476 Ilam
966 1428 1158 1475 insulam
1182 1427 1439 1482 transmifit,
1478 1432 1515 1473 &
1540 1427 1808 1473 Donaldum
1831 1442 1948 1487 prce·-v

171 1497 238 1546 Iio
260 1497 432 1544 victum
452 1495 507 1542 ad
530 1511 667 1542 naves
703 1493 862 1558 fugere
880 1493 1049 1558 coegit.
1113 1493 1258 1540 Multi
1274 1492 1324 1539 in
1349 1491 1447 1538 acie
1477 1490 1741 1538 ceciderunt
1771 1509 1781 1536 :
1827 1490 1948 1536 mul-

172 1563 205 1609 ti
246 1563 359 1608 dum
389 1577 495 1607 cum
526 1559 728 1607 tumultu
755 1574 892 1605 naves
932 1557 1242 1605 conscendunt
1278 1552 1505 1604 submersi.
1575 1553 1817 1607 Donaldus
1854 1553 1950 1616 ipse

174 1627 286 1674 dum
309 1627 357 1673 in
391 1625 604 1688 scapham
626 1636 834 1686 receptus
873 1622 1032 1687 fugam
1055 1621 1329 1669 meditatur:
1353 1638 1407 1668 ea
1440 1618 1748 1668 multitudinis
1781 1619 1947 1665 irrum-

174 1691 325 1756 pentis
347 1691 550 1754 pondere
573 1689 774 1752 depreffa
794 1687 948 1751 periit.
1016 1682 1218 1734 Insulani
1239 1685 1403 1734 animis
1427 1684 1544 1731 nihil
1568 1701 1622 1731 ea
1649 1683 1779 1730 clade
1798 1681 1953 1730 fractis

176 1756 435 1813 discedente
458 1756 588 1817 Rege
610 1752 767 1800 accitis
784 1767 841 1799 ex
860 1752 1090 1800 Hibernia
1110 1748 1293 1798 auxiliis
1314 1751 1489 1798 bellum
1509 1760 1757 1796 renovant:
1782 1749 1834 1799 δζ
1847 1747 1950 1794 Do-

179 1821 319 1868 naldo
342 1819 504 1884 prioris
528 1817 736 1866 Donaldi
756 1817 852 1865 filio
872 1817 991 1864 duce
1012 1816 1181 1864 iterum
1210 1815 1547 1863 exscenfionem
1569 1812 1744 1861 faciunt
1769 1829 1780 1858 z
1818 1824 1951 1876 mag-

178 1902 378 1948 namque
398 1884 600 1948 praedam
621 1879 832 1947 abigunt.
899 1882 934 1928 F
937 1881 1161 1929 indochus
1184 1881 1351 1928 iterum
1373 1892 1480 1927 cum
1501 1877 1647 1942 copiis
1667 1877 1715 1924 in
1739 1877 1953 1924 AEbudas

178 1950 356 2012 trajecit
379 1967 392 1997 :
417 1948 664 2010 omnesque
684 1947 848 1994 insulas
871 1946 1183 2010 perlustrando
1204 1945 1355 1993 severe
1374 1947 1425 1991 in
1447 1943 1644 1991 latrones
1663 1941 1952 1988 animadver-

180 2016 236 2062 tit
261 2035 272 2063 ε
307 2013 726 2077 munitionibusque
747 2012 795 2059 in
820 2028 934 2075 quas
963 2011 1214 2076 confugere
1234 2010 1559 2058 consueverant
1590 2007 1751 2053 eversis
1774 2017 1952 2052 tantum

177 2081 438 2144 praedarum
460 2076 633 2142 abegit,
658 2089 925 2139 tantamque
946 2076 1120 2124 eaedem
1142 2075 1253 2122 feci't
1274 2088 1325 2122 ut
1346 2075 1511 2122 multas
1540 2072 1786 2118 insularum
1807 2085 1955 2132 prope

180 2145 372 2192 desertas
393 2143 687 2207 relinqueret.
710 2143 787 2189 Ad
805 2141 901 2203 ejus
918 2141 1120 2189 reditum
1138 2139 1382 2188 Donaldus
1400 2156 1456 2186 ex
1475 2136 1721 2191 Hibernia,
1735 2136 1830 2198 quo
1849 2151 1952 2198 per-

181 2209 362 2274 fugerat
382 2207 730 2263 reversuzdum
749 2206 1005 2254 exercitum
1027 2221 1235 2270 reparare
1250 2217 1461 2259 conatur,-
1476 2202 1543 2249 ita
1553 2201 1669 2248 vires
1687 2198 1963 2247 imminutas-

185 2275 331 2330 sensit‚
350 2288 400 2320 ut
419 2272 661 2320 necessario
691 2272 806 2320 belli
826 2271 982 2335 aperte
1016 2269 1208 2337 gerendi
1224 2268 1421 2317 consiliis
1443 2265 1609 2315 omiflis
1629 2265 1688 2312 ad
1705 2264 1836 2311 dolos
1855 2263 1972 2310 ani-⁴·

183 2354 312 2387 mum
327 2349 628 2385 converteret.
694 2338 822 2384 Nam
843 2352 952 2384 cum
972 2354 1067 2385 non
1091 2335 1280 2382 auderet
1305 2332 1428 2395 Regi
1458 2331 1596 2378 fidem
1625 2328 1860 2393 publicam
1881 2327 1954 2374 in-

184 2401 509 2468 terponentise
531 2400 836 2456 committere,
860 2401 976 2448 duos
999 2402 1025 2449 ὲ
1043 2399 1130 2448 suis
1145 2399 1281 2460 juxta
1295 2397 1506 2452 callidos,-
1531 2401 1571 2443 &
1589 2395 1781 2448 audaces
1803 2392 1852 2441 in
1875 2408 1956 2439 au-

182 2470 275 2518 lam
295 2484 401 2515 cum
421 2466 601 2514 seeretis
623 2466 850 2514 mandatis
872 2465 1006 2514 mifit.
1075 2463 1144 2512 Hi
1166 2479 1274 2511 cum
1293 2468 1333 2510 &
1347 2476 1493 2527 genus
1511 2461 1640 2507 suum
1657 2459 1896 2520 jae‘xarent,
1914 2462 1955 2504 &t

183 2535 242 2582 de
263 2531 473 2580 Donaldi
491 2531 670 2596 injuriis
692 2531 892 2595 graviter
919 2540 1326 2594 conquererentur,
1350 2524 1472 2590 Regi
1493 2524 1682 2589 quidem
1704 2523 1842 2570 fidem
1864 2535 1960 2568 non

184 2595 404 2649 spuerunt.
452 2599 615 2661 Itaque
636 2596 694 2643 ad
715 2595 901 2644 fratrem
924 2595 1020 2656 ejus
1043 2592 1315 2642 Carantium
1337 2590 1576 2648 hominem
1596 2589 1767 2641 levem,
1789 2591 1840 2636 &c
1861 2601 1959 2633 am-

185 2663 400 2710 bitiosum
423 2661 464 2708 se
487 2662 797 2710 contulerunt.
872 2661 945 2707 Ab
966 2677 1023 2707 eo
1044 2659 1092 2707 in
1122 2657 1342 2707 intimum
1364 2653 1688 2704 familiaritatis
1708 2653 1866 2709 locum
1887 2666 1958 2696 re-

185 2728 326 2791 cepti,
355 2733 394 2775 &
422 2744 504 2790 per
524 2743 629 2774 eum
655 2726 713 2773 ad
736 2725 924 2773 confilia
944 2726 1003 2772 de
1023 2725 1158 2773 rebus
1189 2721 1402 2770 maximis
1424 2717 1614 2773 admisti,-
1640 2733 1746 2764 cum
1767 2715 1864 2777 ejus
1885 2715 1966 2762 in-

183 2793 376 2856 genium
404 2791 689 2855 explorando
716 2790 1047 2856 cognovissent,
1073 2806 1168 2837 non
1190 2787 1460 2837 dubitarunt
1478 2785 1646 2833 secreta
1667 2783 1882 2829 mandat-a
1903 2779 1963 2826 de

186 2859 316 2920 Rege
339 2857 547 2904 tollendo
568 2872 674 2905 cum·
694 2871 755 2904 eo·
774 2854 1134 2904 communicare.
1203 2852 1290 2900 Ille
1315 2863 1511 2916 regnum
1531 2847 1682 2896 alieno
1702 2845 1885 2899 scelere,
1909 2847 1963 2892 δε

184 2921 392 2985 periculo
413 2933 595 2984 partum
618 2922 747 2969 velut
762 2920 860 2983 jam
885 2932 1062 2968 certum
1091 2917 1330 2982 amplexus
1350 2915 1482 2963 omni
1507 2928 1675 2978 genere
1693 2909 1859 2957 favoris
1884 2924 1965 2970 eos

186 2987 247 3032 est
270 2985 548 3050 prosecutus·
614 2985 766 3050 Igitur
785 2984 1002 3033 omnibus
1032 2984 1091 3032 ad
1124 2980 1478 3048 praecogitatum
1512 2977 1655 3025 scelus
1687 2972 1964 3046 comparatis

186 3062 372 3114 captato
393 3063 601 3113 tempore
618 3051 731 3098 dum
754 3051 876 3104 Rex,
899 3049 1071 3097 caeteris
1094 3049 1152 3097 ad
1167 3045 1476 3111 spectaculum
1491 3041 1703 3090 inusitata
1729 3050 1967 3103 magnitu-

188 3116 296 3162 dine
317 3114 424 3162 fera:
445 3115 806 3171 accurrentibus,
830 3116 1025 3162 alterum
1045 3129 1205 3161 eorum
1223 3110 1313 3163 suae
1343 3109 1538 3157 fort'unae
1571 3104 1881 3167 multiplicem
1914 3115 1966 3150 e-

186 3191 378 3228 ventum
409 3190 670 3227 narrantem
689 3179 837 3234 audit,
860 3180 919 3227 ab
951 3178 1096 3227 altero
1114 3175 1348 3235 venabulo
1367 3174 1416 3222 in
1435 3173 1594 3236 peetus
1624 3170 1786 3217 adatstO
1805 3166 1967 3215 interi..

186 3245 345 3292 mitur.
363 3248 367 3252 ⁴
414 3242 652 3297 Concursu
673 3243 794 3291 facto
815 3244 874 3291 ad
894 3255 1023 3291 atrox
1044 3242 1223 3290 facinus
1243 3238 1326 3290 alii.
1343 3235 1676 3289 moribundum
1689 3235 1870 3297 Regem
1887 3242 1968 3295 ex-

187 3309 386 3374 cipiunt,
409 3306 490 3356 alii
508 3307 787 3371 percuffooes
805 3307 1070 3372 sequuntur.
1138 3302 1491 3368 Comprehenfi2
1524 3306 1568 3348 δε
1596 3299 1658 3347 ad
1688 3293 1968 3361 supplicium

188 3374 336 3429 duffl,
358 3373 563 3436 expreffo
581 3371 711 3436 prius
730 3384 1068 3420 tormentorum
1089 3370 1138 3418 vi
1159 3368 1368 3421 Donaldi
1395 3365 1602 3421 consilio,
1626 3370 1668 3413 δε
1686 3361 1850 3416 scelere
1874 3360 1967 3408 Ca-

187 3437 342 3493 rantii,
365 3437 447 3502 qui
471 3449 570 3498 tum
592 3434 920 3484 diffimulandae
944 3437 1008 3484 rei
1029 3435 1159 3484 causa
1179 3434 1341 3499 procul
1370 3432 1544 3487 aberat,
1574 3427 1660 3494 ipfi
1681 3425 1874 3490 quidem
1891 3425 1968 3486 ju-

187 3504 270 3550 stas
289 3518 450 3565 poenas
471 3502 673 3550 luerunt.
706 3500 951 3549 Cat-antius
973 3513 1126 3549 autem
1147 3499 1352 3564 primum
1372 3497 1432 3544 ad
1453 3495 1687 3544 Brittones
1705 3489 1842 3554 fugit.
1880 3487 1971 3535 Sed

187 3566 260 3632 ibi
285 3570 475 3629 vulgata
499 3565 631 3614 exilii
661 3566 792 3617 causa
819 3563 925 3616 esim
949 3564 1202 3629 hospitibus
1236 3564 1343 3616 effet
1364 3557 1660 3616 detestabili&
1677 3555 1738 3607 ad
1759 3556 1972 3604 Romana

189 3629 329 3680 eastra
347 3630 390 3679 se
411 3629 621 3683 contulit.
1762 3616 1974 3674 XXXII.
