2025 3831
289 179 591 243 Lissm
684 170 1578 242 DECIMUSQUARTUS.
1738 163 1866 250 389

83 295 179 331 rere
199 273 430 341 permissis,
455 270 630 318 vicinos
654 270 834 330 magnis
854 265 1189 314 calamitatibus
1209 263 1377 311 affecit.
1434 264 1662 312 Adversus
1685 266 1768 313 hos
1787 281 1867 313 co-

85 358 216 393 natus
231 341 389 387 decem
411 336 637 399 equitum,
659 333 963 395 peditumque
987 330 1132 378 millia
1153 327 1344 392 Proregi
1364 328 1561 383 decreta,
1585 343 1632 375 ut
1655 347 1758 378 eum
1791 342 1869 378 aut

87 418 285 470 caperet,
310 415 387 449 aut
406 416 548 464 regno
575 400 778 461 pelleret.
850 398 939 443 Sed
962 408 1205 458 antequam
1229 394 1283 439 ad
1310 410 1468 439 manus
1487 392 1733 449 veniretur,
1763 396 1872 443 Hu-

87 475 204 520 mius
228 468 480 515 amicorum
519 463 642 509 suasu
683 462 731 509 in
763 460 974 525 Proregis
1011 461 1145 506 fidem
1187 459 1228 504 se
1259 457 1424 504 dedit:
1459 472 1512 503 ac
1530 457 1872 523 Edimburgnm

88 537 245 583 duetus
267 531 444 578 Comiti
469 527 651 574 Araniae
670 527 841 574 Iacobo
860 524 1160 572 Harniltonio
1183 522 1269 569 suae
1283 523 1444 569 sororis
1469 521 1633 568 marito
1656 523 1785 569 datus
1811 526 1872 572 est

88 597 427 650 custodiendus,
448 610 587 656 poena
606 589 938 654 perduellionis
957 589 1250 641 denunciata,
1273 588 1301 632 si
1321 603 1426 633 eum
1441 586 1713 634 dimitteret.
1783 591 1874 637 Sed

89 681 142 711 ea
165 680 232 709 res
267 672 431 724 praeter
448 657 659 705 omnium
675 654 1042 717 expeftationem
1057 652 1192 699 ceffit.
1263 651 1386 698 Nam
1411 652 1616 698 Humius
1635 652 1873 700 Hamilto-

69 728 169 777 nio
193 725 420 788 persuasit,
439 736 487 768 ut
503 722 652 775 secum
678 736 766 766 una
787 718 1053 771 discederet,
1074 723 1121 766 oc
1142 717 1261 763 faGta
1281 716 1598 776 conjuratione
1619 733 1771 763 rerum
1795 718 1877 765 ad·

90 790 468 839 ministrationem
492 786 584 848 ipse
608 784 865 848 susciperet,
893 796 941 828 ut
961 781 1043 845 qui
1078 781 1315 843 proximus
1340 781 1436 844 post
1467 780 1707 844 superioris
1733 782 1875 846 Regis

89 857 258 904 liberos
282 857 387 901 esset
420 854 582 904 haereS,
624 866 790 913 nempe
810 866 834 895 e
856 848 1018 893 Iacobi
1039 846 1160 892 tertii
1184 845 1537 908 sorore-„genitus
1564 864 1579 893 2
1611 846 1876 911 aequiusque

90 923 194 976 effe,
223 932 270 967 ut
291 919 370 966 ilie
413 917 674 980 proximum
701 932 726 960 a
750 916 879 977 Rege
918 913 1069 958 locum
1095 922 1285 965 teneret,
1311 927 1448 973 quam
1474 912 1668 958 Ioannes
1692 928 1716 957 e
1739 911 1877 959 fratre

96 985 305 1049 quidem,
350 984 422 1029 sed
446 982 581 1028 exule
616 994 766 1034 natus,
811 986 848 1025 ἃ
890 989 1054 1023 caetera
1076 976 1210 1037 plane
1233 974 1500 1040 peregrinus
1527 995 1537 1023 z
1575 992 1680 1023 cum
1703 993 1799 1041 quo
1821 993 1879 1023 ne

91 1053 265 1114 linguae
288 1049 475 1112 quidem
520 1044 850 1092 commercium
873 1043 991 1088 effet.
1062 1042 1182 1087 Haec
1204 1042 1373 1087 Prorex
1415 1056 1521 1087 cum
1563 1039 1770 1096 rescisset,
1820 1042 1878 1089 ad

96 1114 424 1163 Hamiltonum
449 1126 599 1156 arcem
638 1108 908 1156 diruendam
933 1105 1161 1167 profectus
1183 1105 1381 1152 admotis
1405 1106 1627 1152 machinis
1665 1106 1786 1153 intra
1808 1105 1880 1153 bi-

97 1180 239 1226 duum
264 1194 365 1224 eam
387 1176 623 1222 deditione
645 1174 834 1236 recepit.
903 1170 1106 1218 Humius
1128 1170 1302 1218 interea
1323 1170 1451 1216 saetis
1475 1187 1499 1216 e
1519 1170 1698 1217 Marcia
1718 1174 1882 1218 excur-

97 1244 316 1297 sionibus,
363 1239 613 1302 vicinisque
655 1237 921 1302 regionibus
963 1234 1184 1298 spoliatis,
1207 1234 1438 1281 Dumbari
1479 1235 1643 1298 oppidi
1666 1252 1885 1301 magnam

97 1322 274 1373 partem
301 1306 438 1360 ferm,
464 1305 742 1366 flammaque
760 1300 963 1349 vastavit.
1032 1300 1151 1345 Haec
1172 1298 1270 1345 fere
1290 1316 1345 1346 eo
1369 1315 1489 1346 anno
1510 1302 1632 1363 gesta
1654 1301 1770 1347 sunt.

166 1375 252 1420 VI.
286 1370 421 1418 Veris
446 1370 578 1416 initio
602 1369 775 1415 acceffit
798 1367 855 1412 ad
894 1364 1140 1411 factionem
1162 1364 1487 1411 rebellantium
1512 1366 1708 1412 loannes
1727 1367 1884 1415 Stuar-

102 1450 175 1487 tus
217 1435 419 1484 Leviniae
466 1435 635 1481 Comes
675 1450 731 1480 ex
769 1429 1050 1478 Harniltonii
1093 1428 1240 1475 sorore
1278 1428 1480 1492 genitus,
1513 1428 1767 1493 ingensque
1790 1447 1886 1479 ma—

101 1520 187 1550 nus
200 1502 471 1553 amicorum5
489 1513 534 1547 ες
553 1498 789 1544 clientium
811 1495 924 1555 ejus.
995 1493 1213 1555 Hicapta
1237 1510 1337 1540 arce
1363 1494 1645 1551 Glascuenfi,
1668 1512 1758 1542 una
1778 1512 1887 1546 cum

103 1566 401 1616 Hamiltonio
423 1562 633 1625 Proregis
659 1563 906 1608 adventum
929 1558 998 1604 ibi
1020 1559 1349 1621 praestolantur.
1382 1560 1551 1605 Prorex
1573 1560 1759 1607 consilio
1777 1577 1889 1623 pro-

102 1648 259 1680 cerum
278 1631 455 1676 suarum
484 1628 685 1692 partium
714 1622 992 1686 Edimburgi
1014 1623 1190 1678 habito,
1210 1622 1478 1670 subitarium
1497 1624 1699 1671 confecit
1715 1626 1892 1673 exerci-

105 1710 224 1752 tum,
250 1712 301 1742 ac
323 1694 524 1742 hostibus
556 1709 648 1738 non
661 1692 898 1754 expectare
922 1688 1035 1734 auiis
1059 1687 1307 1734 Glascuam
1325 1688 1586 1752 ingreditur
1610 1708 1621 1736 ε
1646 1705 1892 1754 arcemque

102 1761 285 1824 recipit.
317 1761 370 1806 In
394 1774 532 1805 unum
554 1754 933 1804 Bombardarium
953 1751 1148 1799 Gallum
1170 1767 1389 1816 tanquam
1412 1752 1685 1801 desertorem
1709 1757 1770 1802 est
1792 1756 1892 1802 ani-

105 1822 409 1875 madversum.
430 1821 469 1867 C
477 1821 642 1877 zeteris,
657 1822 931 1883 deprecante
954 1819 987 1865 F
991 1834 1182 1864 ormano
1202 1830 1300 1866 tum
1324 1818 1450 1882 pacis
1473 1817 1740 1882 interprete,
1758 1821 1895 1868 venia

109 1892 171 1938 est
195 1892 316 1937 data.
339 1890 508 1936 Comes
533 1886 738 1934 Levinia'e
761 1886 856 1948 post
879 1897 1050 1946 paucos
1075 1882 1173 1929 dies
1195 1881 1242 1929 in
1265 1883 1461 1947 gratiam
1479 1885 1539 1929 est
1557 1897 1766 1948 receptus
1793 1902 1805 1932 :
1839 1902 1894 1933 ac

108 1973 167 2003 ex
189 1971 244 2002 eo
267 1955 343 2001 die
364 1953 539 2000 summa
559 1952 666 2007 fide,
708 1957 747 1998 δε
770 1947 1055 1996 observantia
1075 1947 1251 2009 semper
1271 1965 1381 2011 erga
1403 1949 1649 2012 Proregem
1689 1953 1749 1996 est
1774 1949 1893 1998 usus,

84 2023 217 2069 -Nec
239 2019 354 2067 adeo
395 2018 476 2066 diu
518 2019 632 2080 post,
673 2015 875 2078 primum
910 2012 1246 2068 Hamiltonius‚
1278 2029 1340 2061 ac
1379 2029 1470 2059 non
1505 2014 1654 2061 multo
1675 2014 1896 2077 posterius

111 2085 319 2134 Humius
340 2083 388 2129 in
408 2082 558 2130 aulam
581 2081 837 2135 redierunt„
897 2079 975 2124 Eis
999 2093 1185 2140 quoque
1209 2077 1546 2140 praeteritorum
1564 2080 1715 2142 gratia
1735 2079 1854 2126 fausta
1882 2097 1900 2132 :

113 2151 187 2199 sed
226 2148 425 2202 Humi0,
461 2147 572 2210 quia
593 2145 752 2208 saepius
776 2144 1093 2195 rebellaverat,
1136 2142 1302 2205 aegrius
1320 2142 1454 2190 venia
1477 2142 1722 2206 impetrata
1747 2162 1758 2191 :
1791 2145 1899 2208 lege

114 2215 256 2262 etiam
280 2213 471 2274 adjetia,
498 2212 527 2258 fi
550 2210 664 2274 quid
696 2211 794 2273 post
814 2208 863 2254 id
888 2222 1068 2270 tempus
1090 2208 1360 2264 offenderet,
1384 2221 1589 2255 veterum
1612 2225 1801 2272 quoque
1829 2210 1899 2258 fa·

115 2280 324 2326 einorum
349 2276 618 2323 memoriam
640 2286 909 2322 renovatum
931 2272 1006 2319 iri.

177 2344 292 2391 VH.
324 2343 345 2391 I
352 2355 394 2390 ta
416 2356 528 2404 pace
551 2341 761 2402 undique
779 2336 973 2385 stabilita
990 2338 1160 2383 Prorex
1180 2338 1235 2384 ad
1256 2337 1289 2383 F
1293 2336 1599 2384 alcolandiam
1620 2336 1801 2386 seceffit.
1835 2339 1902 2387 11-

116 2409 180 2456 lic
202 2410 307 2456 cum
327 2407 368 2454 se
391 2407 565 2453 menses
587 2405 765 2467 aliquot
797 2400 1102 2457 continuisset,
1144 2402 1323 2467 magnis
1346 2401 1667 2465 suspitionibus
1689 2404 1902 2452 adversus

119 2474 348 2522 Humium
372 2469 561 2525 coortiS,
585 2470 693 2516 inde
715 2467 1056 2530 Erdimburgum
1079 2468 1233 2515 rediit.
1305 2468 1552 2514 Conventu
1575 2469 1819 2516 Procerum
1843 2469 1904 2517 ad

121 2541 335 2586 oetavum
361 2536 589 2584 Calendas
615 2533 832 2581 Oftobris
871 2533 1050 2586 habito,
1075 2534 1309 2580 Humium
1347 2532 1528 2595 magnis
1550 2533 1903 2595 pollicitationi-

118 2605 205 2650 bus
228 2603 274 2648 in
297 2602 449 2649 aulam
471 2601 736 2664 protrahere
757 2615 838 2661 per
861 2597 1032 2643 amicos
1050 2598 1110 2643 est
1132 2611 1338 2645 conatus,
1407 2599 1583 2644 Verum
1607 2598 1906 2646 difl'uadenti·

119 2668 205 2715 bus
232 2667 455 2729 pluribu3‚
495 2677 573 2712 aut
597 2666 627 2711 si
650 2665 732 2726 ipsi
762 2663 998 2709 decretum
1020 2663 1127 2709 effet
1167 2665 1224 2710 eo
1268 2661 1511 2725 proficisci,
1539 2674 1587 2709 ut
1609 2663 1908 2711 Gulielmum

122 2723 306 2779 fratrem
335 2731 431 2793 (eui
472 2731 533 2777 ob
553 2727 874 2776 fortitudinem
912 2731 962 2776 &
988 2727 1348 2776 munificentiam
1391 2744 1536 2791 prope
1577 2728 1740 2790 major,
1764 2745 1913 2792 quam

119 2797 202 2860 ipsi
226 2810 322 2844 erat
343 2795 606 2854 austoritas)
633 2793 762 2841 domi
782 2793 1064 2855 relinqueret
1085 2792 1441 2839 consulentibus.
1509 2794 1756 2856 Proregem
1778 2794 1906 2841 enim

123 2862 262 2909 fratre
279 2859 501 2908 incolumi
521 2860 639 2905 nihil
677 2857 833 2904 durius
856 2857 902 2903 in
926 2857 1072 2918 ipsum
1098 2857 1428 2905 consulturum.
1495 2858 1582 2904 Ille
1603 2871 1757 2904 tamen
1780 2860 1917 2907 velut*

124 2926 254 2973 fatali
274 2924 526 2972 necestitate
541 2940 746 2987 praeceps
757 2936 912 2986 raptus
934 2921 1091 2984 spretis
1114 2923 1371 2969 amicorum
1389 2921 1783 2970 admonitionibus
1801 2939 1916 2971 cum

126 2990 265 3037 fratre
289 2990 549 3044 Gulielm0‚
577 2995 623 3038 ‘Sc
645 2988 832 3035 Andrea
855 2987 977 3034 Caro
999 2988 1034 3033 F
1038 2987 1280 3034 arnihestio
1301 2988 1349 3034 in
1379 2989 1531 3034 aulam
1549 2988 1678 3036 venit
1705 3007 1715 3034 ε
1749 3004 1803 3035 ac
1827 2990 1922 3035 sta·-

131 3055 214 3100 tim
237 3053 400 3100 diverfi
422 3053 470 3100 in
491 3053 713 3100 custodias
736 3052 831 3099 dati
855 3067 912 3098 ex
930 3052 1108 3098 confilii
1144 3052 1381 3106 sententia,
1406 3068 1576 3114 paucos
1615 3055 1714 3116 post
1735 3053 1832 3100 dies
1850 3052 1912 3100 ad

130 3118 307 3165 causam
327 3117 475 3180 patrio
511 3133 640 3164 more
675 3116 921 3166 dicendam
963 3117 1192 3179 produfti.
1261 3117 1365 3164 Nec
1390 3117 1537 3163 ullum
1561 3130 1713 3165 tamen
1737 3134 1911 3165 novum

131 3183 310 3229 facinus
332 3182 580 3242 objectum.
650 3181 893 3230 Accusavit
926 3181 1142 3244 princeps
1166 3182 1360 3228 Iacobus
1408 3183 1634 3229 Moraviae
1658 3184 1827 3230 Comes
1853 3184 1912 3228 de

132 3247 259 3295 caede
283 3247 602 3310 patriaquem
624 3257 913 3308 compertum
935 3258 1032 3292 erat
1070 3247 1323 3293 multorum
1347 3247 1632 3302 testimoniis,
1658 3246 1817 3311 praelio
1839 3246 1911 3293 vi·-

133 3328 242 3358 vum
266 3309 498 3358 excessiffe.
568 3310 658 3356 Sed
679 3312 784 3358 curn
808 3312 895 3358 hoc
916 3309 1094 3357 crimen
1114 3311 1280 3358 acriter
1299 3311 1531 3372 objeEtum
1555 3329 1716 3375 parum
1739 3311 1914 3374 perspi-

133 3378 228 3423 cuis
252 3374 532 3439 argumentis
570 3374 930 3431 confirmaretur,
950 3376 1137 3423 tandem
1160 3375 1218 3423 ad
1238 3376 1418 3440 privata
1438 3377 1642 3424 facinora
1662 3375 1915 3431 recursum,

137 3446 178 3488 δε
201 3452 419 3487 renovata
435 3437 717 3500 superiorum
740 3453 949 3486 motuum
969 3440 1178 3488 civilium
1201 3441 1440 3496 memoria,
1478 3457 1673 3506 quorum
1706 3439 1918 3488 omnium

139 3518 216 3551 aut
238 3507 410 3558 crucior,
434 3516 511 3549 aut
525 3501 752 3565 particeps
765 3503 1029 3552 Alexander
1041 3504 1209 3567 fuisset.
1228 3507 1384 3568 Opera
1407 3505 1545 3552 etiam
1569 3506 1627 3551 ad
1641 3506 1674 3551 F
1679 3504 1917 3552 luidonem

174 3585 300 3616 arum
325 3568 518 3615 fideliter
541 3579 718 3621 navata,
742 3567 926 3614 crimini
948 3570 1099 3618 datur.
1167 3570 1243 3618 De
1257 3571 1471 3633 judicum
1505 3569 1727 3616 sententia
1748 3569 1921 3619 Humii

181 3634 368 3692 amnati,
387 3630 651 3684 Alexander
669 3631 834 3697 quinto
864 3628 975 3683 Idus
994 3634 1239 3694 Οξ-ὶοῑοτεε,
1255 3635 1392 3687 frater
1413 3633 1629 3700 postridie
1648 3633 1804 3699 capite
1819 3635 1920 3682 luci.

1797 3714 1921 3758 runt,
