1992 3801
148 183 280 246 350
454 163 819 230 RERUM
920 166 1621 234 Suos-reanum>-

147 262 382 324 precibus,
415 261 650 325 obsequio,
691 264 785 325 ipsa
806 263 1005 323 denique
1030 262 1330 310 instabilitatis
1353 265 1565 311 humanae
1602 266 1926 318 recordatione:

146 325 405 388 mitigatur,
429 331 470 372 &
490 329 546 373 ad
570 327 684 374 lenit
687 340 805 373 atem
829 326 1097 373 inflectitur.-
1143 328 1233 375 Sed
1255 329 1413 375 demus
1436 329 1603 376 hostem
1629 331 1792 376 iratum
1817 334 1915 380 san-

145 389 338 459 guinem
367 390 588 453 Regium,
624 397 662 437 &
683 392 854 437 caedem
878 407 1097 452 quaerere.
1165 393 1283 439 Uter
1305 393 1488 439 tandem
1509 394 1664 440 mitius
1685 396 1928 443 contulere-

144 451 361 501 videtur
354 457 368 488 Ρ
401 455 518 509 Isne,
542 454 621 516 qui
642 471 731 500 una
748 470 853 500 cum
872 454 966 500 vita
987 455 1194 502 omnium
1219 456 1442 502 malorum
1464 457 1633 504 sensnm
1659 460 1778 504 adin
1786 473 1908 506 eret.
1899 464 1925 496 θ’
1962 507 1966 516 ,-

144 532 204 563 an
221 518 318 581 qui,
355 535 490 580 quem
514 519 759 564 secundum
784 519 937 565 Deum
956 535 1123 574 amare,
1151 525 1192 566 &
1215 520 1448 566 observare
1468 522 1653 577 debent,
1678 525 1735 569 ad
1757 523 1922 585 quoti-

144 581 326 629 dianam
352 582 658 629 carnificinam
689 582 914 629 reservant
938 586 954 628 ?
1001 584 1081 645 qui
1112 583 1316 630 animum
1351 585 1578 631 veneficiis
1613 587 1829 633 obsefium
1870 586 1918 635 in

143 645 336 692 exitium
360 647 720 709 propinquorum
746 660 922 710 armant
946 651 963 693 ἓ
997 647 1079 710 qui
1101 647 1308 711 Regem
1296 648 1586 696 mimicorum
1612 651 1748 696 armis
1773 668 1928 714 prope*
1973 645 1975 648 Α

144 710 509 757 circumventum
527 712 655 757 velut
676 711 907 773 captivum
932 712 1156 768 detinent,
1179 729 1327 774 neque
1350 712 1639 775 permittunt,
1660 727 1709 760 ut
1731 715 1916 762 suorum
1990 763 1992 779 Ι

143 775 297 821 vultus
321 775 568 836 aliquando
587 775 788 837 aspiciat,
805 775 1171 823 benevolentiam
1191 777 1434 839 intelligat
1438 793 1656 849 operam,
1665 784 1703 824 &
1719 780 1918 827 studium

142 840 404 900 experiatur
428 843 445 884 ?
480 856 569 885 non
594 852 686 885 tam
710 841 854 886 hostes
889 841 1173 887 existimandi
1207 841 1324 895 sunt,
1370 841 1452 904 qui
1474 843 1621 889 castris
1645 859 1702 889 ex
1729 843 1924 891 adverso
1991 851 1992 856 ’

142 903 298 966 positis
321 902 479 949 odium
500 903 627 949 suum
649 904 798 966 palam
820 905 1106 966 profitentur,
1131 921 1271 965 quam
1296 905 1377 976 qui
1401 906 1527 951 dorni
1551 923 1605 952 ex
1624 906 1794 953 insidiis
1819 907 1914 954 ves·
1991 913 1992 918 ’

141 978 226 1013 trae
249 966 380 1013 saluti
412 967 675 1027 imminent,
712 969 891 1030 Regem
927 968 1174 1039 alienatum
1199 972 1256 1013 ab
1278 968 1435 1013 amicis
1457 968 1656 1015 inimicis
1693 973 1913 1032 produnt,

141 1047 222 1077 vos
242 1033 356 1077 duce
376 1031 609 1077 destitutos
631 1031 867 1077 hostilibus
890 1030 1026 1078 armis
1057 1032 1314 1092 objiciunt:
1353 1031 1379 1076 ὲ
1397 1032 1582 1104 quibus,
1608 1034 1637 1080 fi
1665 1034 1770 1082 visti
1791 1052 1917 1082 rnor-

142 1107 235 1142 tem
258 1096 530 1168 effugerstis,
555 1108 705 1141 tamen
729 1095 777 1142 in
820 1095 1098 1150 servitutem,
1123 1094 1208 1145 &
1195 1095 1498 1158 ignominiam
1536 1096 1766 1145 incidetis.
1835 1101 1916 1164 Sin
1971 1120 1975 1123 ·

144 1161 217 1222 (1)
238 1159 487 1213 vinceritis,
514 1176 605 1205 non
635 1160 838 1223 quietem
856 1160 1005 1213 vobis,
1029 1176 1140 1222 opes
1162 1159 1337 1221 patriae,
1363 1160 1487 1231 Regi
1505 1162 1700 1224 gloriam
1715 1161 1915 1235 compa·

126 1220 336 1271 rabitis:
369 1223 476 1269 sed
464 1223 664 1270 inimicis
689 1224 840 1270 vestris
862 1225 1085 1288 graffandi
1103 1224 1337 1271 licentiam
1361 1241 1408 1270 1n
1434 1226 1685 1286 praesentia,
1710 1226 1758 1274 in
1790 1229 1915 1275 futu-

141 1304 243 1334 rum
266 1288 568 1342 securitatem,
588 1288 720 1335 vobis
740 1288 847 1351 ipfis
866 1291 1050 1351 pestem,
1069 1305 1119 1335 ac
1138 1289 1407 1350 perniciem,
1427 1289 1548 1353 Regi
1567 1292 1802 1338 arctiorem
1827 1293 1915 1340 ser-

139 1352 334 1399 vitutem
358 1323 678 1400 conciliabitis.
746 1354 850 1399 Nec
873 1353 1104 1399 vincendo
1125 1355 1246 1399 mala
1267 1352 1497 1426 fugiemus
1516 1367 1718 1408 externa,
1732 1356 1805 1401 sed
1829 1358 1914 1403 do-

138 1417 325 1464 mestica
345 1417 632 1480 augebimus.
702 1419 812 1463 Mea
833 1417 978 1481 igitur
999 1418 1233 1470 sententia,
1257 1429 1307 1464 ut
1330 1418 1485 1480 paucis
1504 1420 1921 1481 comprehendam,

138 1480 241 1527 haec
267 1483 345 1535 est,
382 1495 430 1528 ut
454 1482 585 1545 prius
608 1482 905 1528 domesticum
931 1481 1154 1529 servitutis
1179 1498 1344 1554 Jugum
1374 1499 1608 1532 exuamus
1635 1501 1776 1547 quam
1807 1500 1916 1532 cum

83 1587 86 1590 .
136 1545 304 1592 exteris
327 1562 513 1593 manum
533 1547 832 1593 conseramus.
904 1546 1092 1608 Alioqui
1118 1547 1241 1594 enim
1273 1562 1523 1608 paucorum
1547 1549 1730 1595 libidini
1753 1566 1914 1596 omnes

137 1609 401 1664 serviemus,
425 1611 617 1658 hostium
641 1627 751 1674 opes
776 1610 1063 1674 augebimus,
1090 1616 1130 1658 &
1160 1610 1397 1673 publicam
1427 1613 1615 1660 salutem
1649 1614 1919 1675 prodemus..

137 1675 238 1721 Vos
261 1676 388 1737 quod-
411 1674 581 1732 faxitis,
605 1676 760 1722 Deum
782 1676 921 1721 velim
946 1676 1230 1722 fortunaress'

201 1739 377 1786 XLIV.
411 1740 672 1787 Secundum
695 1739 933 1806 Duglassii
956 1739 1209 1787 orationem
1246 1756 1337 1786 non
1366 1739 1462 1800 jam
1501 1741 1774 1789 consultatio
1796 1754 1913 1798 erat,

136 1803 213 1852 sed
239 1820 446 1849 murmur
467 1803 706 1851 confusum
730 1804 869 1851 totius
891 1796 980 1850 fuit
1002 1804 1235 1850 concionis
1259 1820 1384 1851 arma
1404 1804 1452 1850 in
1475 1806 1644 1853 hostem
1672 1807 1927 1881 publicum·>

135 1867 439 1930 poscentium.
492 1870 563 1916 Ita
581 1868 701 1915 enim
727 1869 999 1915 inflammati
1018 1881 1146 1915 erant
1163 1869 1389 1923 omnium,
1406 1870 1487 1931 qui
1505 1872 1727 1918 affuerant
1749 1871 1916 1928 animi,

137 1944 189 1979 ut
210 1933 258 1979 ni
282 1932 572 1987 ducerentur,
605 1934 840 1996 extemplo
863 1933 1070 1995 erupturi
1092 1933 1139 1979 in
1164 1932 1362 2006 Regiam
1386 1934 1664 1981 viderentur.
1734 1937 1914 1984 Verum

133 1996 217 2060 qui
242 2009 391 2051 aetate,
416 1997 688 2052 honoribuS,
712 2001 760 2046 ὃ(
798 1998 1064 2044 auEtoritate
1083 1997 1313 2060 principes
1347 2011 1492 2053 erant,
1518 1999 1669 2045 sedato
1692 2001 1916 2057 tumultu,

133 2061 260 2124 quod
289 2061 571 2116 metuebant,
598 2079 654 2109 ne
676 2062 722 2108 in
748 2062 989 2108 temerario
1011 2061 1129 2108 forte
1147 2063 1295 2124 plebis
1325 2062 1500 2125 impetu
1526 2064 1626 2108 Rex
1649 2062 1925 2120 violaretur,
1982 2067 1986 2069 ’

133 2125 333 2181 censent,
362 2138 413 2172 ut
449 2125 670 2188 primores
694 2127 916 2188 affumpto
939 2125 1130 2188 quisque
1146 2126 1467 2199 familiarium,
1492 2140 1686 2190 quantus
1712 2129 1816 2174 esset
1846 2128 1912 2176 sa-

132 2189 192 2236 tis
216 2206 421 2244 numero,
445 2191 535 2237 fine
554 2191 726 2251 majore
749 2203 878 2238 motu
900 2190 1125 2237 exercitus
1144 2191 1191 2236 in
1215 2190 1480 2253 praetorium
1503 2191 1909 2258 proficiscerentur.

130 2253 333 2309 Noxios,
357 2271 495 2316 penes
517 2272 633 2318 quos
654 2254 829 2302 summa
849 2271 999 2301 rerum
1019 2266 1130 2309 erat,
1154 2255 1635 2317 comprehenderent.
1667 2271 1744 2303 eos
1765 2272 1813 2303 1n
1830 2257 1909 2318 ju·

133 2317 308 2364 dicium
332 2319 389 2365 ad
411 2320 664 2367 exercitum
686 2320 1029 2383 produ-cerent-
1014 2355 1030 2376 ,
1071 2334 1124 2366 ac
1144 2335 1316 2382 poenas
1337 2319 1587 2367 secundum
1620 2320 1746 2384 leges
1772 2337 1913 2386 expe-
1959 2326 1963 2330 ’

134 2394 324 2430 terent.

194 2448 347 2495 XLV.
381 2448 561 2495 Interea
582 2449 694 2495 dum
716 2448 814 2495 haec
834 2459 1074 2512 geruntur,
1097 2465 1253 2496 rumor
1273 2447 1322 2495 in
1344 2449 1494 2495 aulam
1516 2461 1777 2512 promanat,
1801 2465 1911 2512 pro-

132 2528 258 2558 ceres
280 2523 384 2558 ante
404 2513 554 2559 lucem
577 2515 757 2559 coactos
796 2511 842 2559 in
868 2514 1044 2576 templo
1065 2513 1334 2568 consultare,
1379 2511 1607 2559 incertum
1629 2530 1721 2575 qua
1744 2514 1800 2560 de
1822 2531 1908 2561 re:

98 2585 102 2589 ’
133 2575 210 2623 sed
229 2592 443 2639 magnam
466 2577 568 2623 sane
589 2577 756 2631 videri,
779 2593 882 2639 quae
907 2580 1055 2640 Rege,
1078 2577 1264 2640 ejusque
1282 2576 1546 2624 consiliariis
1569 2577 1909 2639 ignorantibus,

128 2641 242 2687 tales
264 2640 385 2687 viros
407 2640 628 2704 coegerit.
698 2642 798 2689 Rex
822 2642 1051 2704 trepide
1030 2660 1052 2689 e
1078 2642 1236 2689 somno
1255 2644 1561 2704 experrectu&
1594 2647 1634 2689 &
1656 2639 1768 2703 ipse,
1794 2641 1910 2704 quid

127 2705 359 2778 optimum
401 2707 522 2751 tactu
544 2705 770 2761 videatur,
811 2705 837 2752 ὲ
871 2706 958 2752 suis
981 2705 1162 2768 quaerit.
1230 2705 1422 2754 Interim
1446 2706 1767 2753 Cocheranum
1790 2722 1909 2770 prae-

127 2769 289 2824 mittit,
310 2769 392 2832 qui
410 2769 524 2841 quid
546 2782 723 2833 agatur,
743 2769 966 2826 observet,
1009 2776 1048 2817 &
1076 2769 1234 2818 omnia
1254 2770 1447 2818 certiora
1467 2770 1646 2817 referat.
1715 2771 1760 2817 Is
1794 2770 1919 2818 dum..

126 2833 286 2895 paucis
310 2833 552 2880 comitatus
575 2835 632 2881 ad
655 2834 881 2895 ternplum
903 2834 1219 2897 proficiscitur,
1242 2835 1440 2881 occurrit
1461 2833 1745 2908 primoribus
1774 2834 1926 2881 nobi--
1983 2888 1987 2893 ,

125 2896 304 2944 litatis
292 2914 339 2943 1n
364 2897 516 2954 ailam
538 2897 843 2945 venientibus.
911 2899 970 2946 Ei
992 2898 1139 2946 statim
1161 2899 1420 2962 Duglassius
1442 2914 1629 2951 manum
1664 2896 1831 2958 injicit,
1855 2913 1910 2946 ac
1965 2915 1980 2934 ·«

57 3016 60 3019 ‚
127 2972 294 3031 torque
317 2977 454 3008 aureo
478 2963 634 3026 magni
657 2962 889 3034 ponderis,
931 2963 1058 3027 quod
1079 2939 1281 3040 gestabat
1317 2962 1632 3024 apprehenso,
1662 2963 1772 3026 gula
1791 2979 1908 3026 pau·
1958 3024 1960 3026 v

125 3024 226 3091 lum
249 3025 485 3072 consti-ieta
502 3026 580 3072 dat
597 3025 963 3074 custodiendum.
1003 3026 1104 3090 Ipse
1125 3024 1248 3074 reEta
1268 3026 1328 3072 ad
1349 3026 1491 3090 Regis
1513 3025 1778 3074 cubiculum
1801 3043 1907 3090 per-

123 3088 213 3153 git
283 3089 379 3151 Qi
399 3089 466 3135 ibi
488 3090 677 3137 aderant
697 3091 769 3137 vel
791 3092 1033 3154 repentino
1050 3108 1147 3150 eJus
1183 3091 1355 3137 access'u
1378 3090 1579 3146 attoniti,
1603 3091 1678 3137 vel
1701 3090 1904 3152 majesta-

125 3165 221 3200 tem
244 3152 445 3200 hominis
467 3153 667 3210 reveriti,
687 3154 775 3201 sese
794 3156 1134 3203 continuerunt.
1186 3154 1261 3201 Ibi
1267 3154 1476 3226 caeteris,
1498 3152 1594 3218 qui
1600 3155 1778 3218 Regem
1799 3170 1904 3218 pra-

124 3217 197 3264 vis
219 3216 417 3264 confiliis
441 3232 734 3281 corrumpere
768 3220 1088 3274 credebantur,
1112 3217 1302 3280 arreptis
1341 3236 1484 3268 unum
1507 3218 1838 3266 adolescentem
1859 3217 1904 3265 se

123 3280 198 3329 am
205 3281 411 3343 plexum,
437 3294 488 3327 ut
509 3281 589 3327 fibi
613 3283 948 3339 condonarent,
968 3284 1071 3334 Rex
1098 3282 1261 3329 oravit.
1309 3284 1355 3330 Is
1373 3296 1469 3330 erat
1496 3283 1567 3344 (1)
1592 3282 1797 3330 Ioannes
1807 3283 1927 3336 Ram,

122 3347 301 3394 misaeus
322 3345 508 3392 honesto
525 3344 631 3392 loco
649 3359 797 3401 natus,
822 3364 959 3409 quem
982 3347 1270 3394 excusatione
1291 3347 1434 3394 aetatis
1463 3347 1600 3394 facile
1622 3358 1810 3410 accepta
1826 3344 1900 3391 di-

124 3410 360 3458 miserunt.
404 3409 575 3457 Caeteri
595 3425 702 3457 cum
725 3409 774 3456 in
790 3409 867 3471 jus
885 3411 1176 3468 ducerentur,
1196 3423 1382 3460 exortus
1403 3412 1472 3462 est
1485 3427 1591 3462 cum
1612 3411 1813 3498 clamore
1828 3420 1911 3460 to·

129 3539 243 3591 (1)
272 3523 531 3579 Archaismus.
1036 3539 1079 3589 in
1091 3539 1156 3583 the
1177 3538 1342 3584 Metuis
1351 3581 1361 3591 „

176 3592 242 3644 (2)
270 3594 501 3636 predecessbr
512 3602 554 3639 to,
562 3591 628 3636 the
647 3592 742 3634 laird
755 3593 799 3636 of
808 3591 984 3635 Baxmatn
1040 3644 1046 3658 -.
