1992 3801
141 162 274 230 444
448 142 815 211 RERUM
908 137 1602 207 Sco-tremum

142 252 320 304 paratu,
354 239 405 288 ὃς
427 256 569 303 prope
593 239 740 302 Regia
763 235 1104 300 magnificentia
1127 235 1253 284 fecit.
1320 238 1446 285 Inter
1466 238 1567 283 haec
1588 252 1694 284 cum
1727 253 1812 300 per
1837 254 1929 288 err-1⁴

140 306 393 369 ploratores
415 304 581 352 certior
603 305 743 356 fieret,
781 302 990 363 Anglum
1015 301 1071 347 ad
1103 301 1356 348 infestanda
1378 303 1543 350 Scotiae
1565 302 1707 350 litora.
1726 319 1925 366 magne&

156 381 386 432 ⁴npparatus
410 370 591 416 navales
626 383 808 430 cogere,
845 381 897 411 ac
921 365 1198 429 potissirnum
1222 365 1474 414 Fisenfibus
1510 368 1695 420 minari,
1735 367 1830 430 ipse
1862 364 1927 433 ac}

145 431 325 482 Fanum
345 435 543 480 Andreae
566 431 767 480 reversus
791 430 1044 485 nobilitati,
1062 447 1129 491 ac
1152 430 1428 494 potissimum
1450 430 1526 488 iis,
1565 431 1647 495 qui
1670 432 1946 495 maritimos(¹

145 514 286 562 agros
303 510 527 552 tenerent,
553 498 673 543 diem
699 497 756 543 ad
779 494 1147 543 conveniendum
1166 495 1332 549 statuit,
1354 495 1471 543 utin
1494 512 1741 544 commune
1765 497 1943 551 consu--⁴

144 565 310 618 lerent,
334 564 460 625 quod
483 563 592 610 huic
616 562 737 608 malo
768 559 1026 610 remedium
1047 562 1154 609 effet
1182 560 1496 622 objiciendum
1524 579 1535 608 :
1581 563 1767 626 quoque
1789 561 1839 608 id
1861 561 1940 609 fa·-

145 628 278 675 cilius
301 627 594 690 prospiceret,
630 627 892 673 decreverat
918 642 1006 672 una
1039 641 1144 673 cum
1167 641 1382 691 agrorum
1403 625 1604 673 dominis
1628 638 1775 674 totum
1799 626 1947 682 litus,-

146 693 237 740 hoc
258 694 316 739 est
340 709 455 755 pene
478 693 512 739 F
518 691 627 738 ifam
650 690 896 737 universam
915 690 1179 746 circumire,
1200 697 1240 739 &
1262 691 1365 738 loca
1382 707 1465 755 pro
1488 690 1705 754 cujusq-ue
1723 706 1932 739 commo-

142 757 286 809 ditate
307 757 609 810 communire,
634 770 714 802 aut
731 755 946 819 praesidiis
971 756 1195 803 obtinere.

212 823 313 869 XL.
346 823 472 869 Inter
502 821 615 867 alios
643 821 833 881 juvenes
870 819 1047 867 nobiles
1082 820 1209 867 venit
1247 819 1305 868 ad
1327 819 1623 869 Cardinalem
1656 820 1953 868 Normanu‘a¹

143 887 294 935 Lessiu
357 885 555 933 Comitis
574 885 805 932 Rothufiae
827 885 965 939 filius,
989 885 1118 946 cujus
1137 897 1269 933 antea
1292 901 1317 930 a
1335 884 1469 931 nobis
1488 883 1664 932 mentio
1681 900 1774 931 non
1797 885 1940 934 semel
1962 894 1975 945 J

145 952 265 1000 facta
287 952 361 998 est.
432 952 476 997 Is
500 966 604 998 cum
628 950 744 1012 saepe
768 962 873 997 ante
897 949 1136 997 Cardinali
1158 951 1343 1003 fortem,
1381 954 1420 995 &
1443 949 1624 999 fidelem
1661 952 1956 1000 navass‘eto-‚·

148 1033 324 1082 peram,
349 1015 514 1063 incidit
538 1016 657 1061 inter
687 1031 764 1061 eos
787 1013 1023 1061 contentio
1046 1014 1103 1062 de
1127 1031 1175 1061 re
1197 1014 1394 1078 privata,
1424 1030 1527 1076 quae
1551 1014 1609 1060 ad
1632 1028 1813 1076 tempus
1836 1013 1935 1063 ani-

151 1098 249 1128 mo·
276 1080 487 1127 nonnihil
508 1079 739 1127 alienavit.
811 1080 900 1126 Sed
934 1080 1004 1141 (1)
1031 1096 1084 1126 ea
1120 1079 1200 1126 lite
1230 1078 1408 1142 magnis
1428 1077 1844 1141 pollicitationibus
1861 1077 1938 1132 inq

149 1146 588 1192 ductusNormanus
612 1146 809 1191 cefferat.
828 1144 1003 1191 Verum
1026 1160 1130 1192 cum
1152 1145 1248 1208 post
1267 1146 1445 1207 aliquot
1461 1143 1632 1190 menses
1653 1144 1707 1189 ad
1722 1150 1980 1205 repetenq‘sf

142 1211 202 1257 da
224 1209 437 1273 promissa
450 1210 645 1264 redisset,
663 1209 900 1256 esermone
919 1208 966 1256 in
990 1209 1352 1263 altercationem,
1373 1225 1425 1255 ac
1446 1208 1614 1256 deinde
1639 1209 1789 1255 neutri
1829 1208 1941 1257 satia
1962 1231 1967 1258 χ
1990 1226 1992 1252 ς

150 1276 319 1322 decora
340 1275 602 1322 inciderunt
624 1273 825 1321 convitia
856 1292 867 1321 :
903 1273 1280 1337 discesseruntque
1305 1273 1521 1337 utrinque
1544 1273 1709 1321 animis
1732 1272 1940 1321 infenfis'-

152 1341 273 1387 simis
301 1358 311 1386 ε
348 1340 607 1387 Cardinalis
627 1356 718 1387 non
742 1356 879 1403 quam
904 1339 1091 1387 volebat
1112 1351 1370 1386 reverenter
1388 1341 1601 1386 tractatus
1623 1338 1961 1402 indignabun-f.

153 1406 239 1452 dus
267 1423 278 1452 ;
312 1407 359 1455 ἓξ
385 1405 498 1452 alter
519 1406 647 1451 velut
667 1405 826 1451 fraude
841 1405 1178 1452 circumventus
1198 1404 1526 1458 minabundus,
1547 1403 1659 1454 &in
1683 1402 1945 1451 vindiciam¹

150 1485 344 1533 pronus,
380 1471 438 1516 ad
460 1470 559 1517 suos
581 1469 734 1525 rediit,
777 1475 815 1517 δι
838 1468 1176 1517 intolerandam
1201 1468 1461 1518 Cardinalis
1482 1467 1741 1531 superbiam
1764 1467 1834 1516 eis-
1856 1470 1944 1524 exli

152 1535 331 1596 posuit:
369 1534 502 1582 facile
524 1551 683 1582 omnes
708 1535 756 1581 in
778 1535 951 1581 caedem
975 1534 1070 1596 ejus
1094 1535 1406 1597 conjurarunt.
1491 1534 1550 1581 Et
1572 1535 1667 1597 quo
1689 1550 1758 1580 res
1784 1532 1946 1586 minua,

146 1598 266 1646 foret
284 1599 498 1663 suspecta,
522 1601 788 1647 Normanus
812 1616 916 1646 cum
929 1600 1135 1663 quinque
1159 1611 1337 1647 tantum
1361 1597 1610 1646 comitibus
1634 1600 1810 1645 Fanum
1833 1599 1932 1646 An·-
1962 1605 1968 1633 ³

137 1666 277 1712 ‹dreae
299 1664 537 1729 ingressus,
571 1665 617 1711 in
638 1664 903 1711 consuetum
928 1664 1224 1711 diversorium
1249 1663 1289 1711 se
1323 1663 1515 1726 recepit,
1543 1675 1590 1710 ut
1624 1680 1678 1710 ea
1697 1660 1932 1726 paucitate

152 1730 290 1777 caedis
314 1729 550 1777 confilium
575 1729 938 1777 diflirnularetur.
1008 1731 1150 1776 Erant
1170 1731 1220 1775 in
1257 1728 1432 1792 oppido
1454 1740 1675 1790 praeterea
1695 1727 1852 1775 decem
1878 1742 1943 1788 ex.
1978 1729 1979 1732 ’

149 1794 478 1855 conjurationis
503 1794 798 1858 conieiis‚qui
820 1795 900 1841 alii
923 1794 1015 1841 alio
1035 1794 1082 1840 in
1106 1795 1209 1842 loco
1231 1794 1296 1841 rei
1310 1792 1635 1858 aggrediendae
1657 1793 1835 1856 iignum
1855 1809 1937 1839 ex·-
1958 1786 1980 1838 ἠ

148 1859 410 1921 Ρεᾶεὼειητ.
483 1861 607 1908 Cum
634 1860 718 1906 hac
742 1875 879 1906 manu
905 1872 1079 1907 tantum
1105 1859 1280 1907 facinus
1303 1859 1431 1905 obire
1453 1859 1514 1905 est
1546 1858 1694 1912 ausus,
1727 1857 1775 1904 in
1796 1856 1977 1920 Oppi-fi,

149 1925 212 1970 do
237 1925 373 1986 pleno
396 1918 786 1988 propinquorum,
812 1929 853 1974 ἃ
885 1923 1125 1972 clientium
1158 1923 1434 1972 Cardinalis.
1501 1923 1645 1970 Erant
1665 1935 1783 1977 tum,
1813 1935 1864 1968 ut
1885 1918 1992 1986 inf

144 1988 239 2035 illis
264 1989 529 2053 regionibus
570 2007 675 2036 vere
699 1989 927 2053 praecipiti
960 1989 1058 2037 dies
1101 1988 1366 2053 longiffimi,
1407 2004 1573 2051 nempe
1608 1986 1791 2034 circiter
1814 1985 1992 2061 Maiis&

145 2069 307 2100 nonaS.
350 2055 436 2102 -Et
459 2054 720 2102 Cardinalis
743 2070 892 2102 arcem
916 2055 1039 2102 suam
1079 2054 1128 2101 in
1154 2055 1280 2102 usum
1307 2054 1416 2100 belli
1443 2051 1790 2099 communiebat
1812 2050 1992 2118 tanta-»34⁵

151 2117 457 2174 festinatione,
486 2132 535 2166 ut
556 2137 700 2183 prope
724 2119 817 2166 diei
851 2121 1032 2167 nociem
1055 2119 1103 2167 in
1124 2136 1262 2183 opere
1286 2118 1592 2167 continuaret.
1661 2116 1810 2181 Igitur
1828 2114 1989 2175 cum-fs

153 2183 363 2231 diluculo
381 2184 441 2231 'ad
465 2201 623 2248 operas
648 2184 1019 2232 intromittendas
1041 2219 1043 2221 .
1063 2185 1313 2247 aperiretur
1335 2197 1484 2246 porta,
1516 2184 1783 2230 Normanus
1803 2197 1829 2229 e
1849 2179 1946 2230 suia
1962 2186 1992 2230 ἶ.

143 2247 193 2296 in
215 2249 497 2297 domuncula
514 2250 776 2314 propinqua
797 2250 912 2297 duos
936 2250 1182 2314 praemiffos
1203 2249 1252 2296 in
1275 2248 1448 2296 insidiis
1492 2247 1757 2303 collocarat,
1784 2258 1834 2294 ut
1863 2246 1939 2308 ja·-

148 2314 300 2361 nitore
318 2314 375 2360 ab
398 2315 463 2362 eis
497 2315 826 2378 comprehenso
847 2328 991 2377 portae
1015 2328 1252 2379 compotes
1271 2314 1469 2379 lignum,
1510 2313 1636 2375 quod
1660 2312 1988 2387 conveneratis?

152 2379 330 2425 caeteris
354 2379 529 2427 darent.
599 2381 707 2431 Hoc
730 2381 864 2443 pacto
887 2380 978 2428 fine
1001 2379 1202 2426 tumultu
1220 2395 1380 2427 omnes
1402 2376 1582 2442 ingressi
1600 2389 1799 2440 quatuor
1819 2392 1844 2422 e
1866 2375 1992 2458 sti-53&-

150 2443 190 2491 is
210 2443 444 2498 miserunt,
461 2444 543 2508 qui
563 2443 824 2492 Cardinalis
843 2444 1005 2493 ostium
1026 2444 1333 2500 observarent,
1350 2461 1405 2491 ne
1425 2443 1528 2506 quis
1541 2442 1601 2490 ad
1617 2458 1724 2489 eum
1742 2439 1987 2505 nunciusrjs

149 2507 343 2570 perferri
363 2510 519 2572 poffet.
590 2509 688 2555 Alii
711 2509 831 2556 circa
860 2510 1055 2556 aliorum
1088 2508 1304 2556 cubicula
1334 2508 1461 2562 miffi‚
1499 2506 1581 2570 qui
1602 2505 1864 2560 hominum,
1885 2506 1992 2566 δι’

136 2574 358 2623 locorum
382 2573 553 2621 noticia
575 2573 679 2622 freti
716 2573 942 2620 ministros
966 2573 1240 2624 nominatim
1263 2573 1484 2621 excirent.
1553 2573 1644 2618 Eos
1666 2587 1775 2618 cum
1796 2568 1990 2631 semi-3⁶2-

152 2636 332 2684 somnes
352 2638 583 2702 sigillatim
603 2640 876 2694 evocassent,
897 2652 1090 2686 mortem
1116 2638 1400 2702 praesentem,
1423 2639 1453 2684 fi
1469 2635 1707 2700 quisquam
1729 2631 1992 2708 mutiretdnff

152 2703 443 2758 comminati,
477 2715 604 2750 extra
643 2720 795 2751 arcem
827 2702 1074 2751 inviolatos
1097 2704 1188 2751 fine
1209 2703 1412 2751 tumultu
1434 2705 1708 2749 eduxerunt.
1747 2701 1834 2760 ‘Ita
1848 2705 1950 2759 car-j
1967 2711 1992 2752 ᾖ*

152 2767 263 2814 teris
282 2767 460 2829 ejectis„
483 2785 589 2817 cum
614 2768 695 2816 soli
729 2784 830 2815 arce
851 2768 1125 2831 potirentur,
1147 2767 1229 2832 qui
1249 2768 1519 2818 obfidebant
1541 2764 1802 2831 Card‘inalis
1831 2761 1972 2811 ossi-2³

154 2846 232 2877 um
259 2845 355 2879 tum
381 2833 568 2880 demum
601 2833 796 2896 pulsant.
866 2833 1038 2896 Rogati
1069 2831 1258 2896 quinam
1280 2833 1434 2886 essent,
1455 2848 1561 2879 cum
1583 2829 1660 2877 sua
1680 2828 1870 2877 nomina
1887 2829 1945 2888 θ-ἷ,
1984 2852 1992 2861 =·

157 2896 372 2945 didiffent
397 2897 631 2945 intromissi
660 2897 908 2961 (promissa,
944 2911 992 2945 ut
1014 2898 1205 2961 quidam
1226 2897 1331 2946 sunt
1349 2899 1572 2951 auetores,
1595 2891 1949 2953 incolumitate)

154 2962 312 3013 :multis
335 2978 441 3011 eum
467 2964 735 3010 vulneribus
765 2962 1033 3010 conficiunt.
1768 3018 1771 3021 ,
1859 3003 1868 3020 s
1942 2973 1950 2997 ὲ

215 3027 343 3073 XLI.
400 3028 582 3074 Interea
623 3044 780 3076 rumor
812 3029 870 3074 de
908 3043 1012 3074 arce
1044 3038 1185 3090 capta.
1198 3043 1281 3090 per
1320 3036 1467 3074 totam
1501 3023 1663 3073 urbem
1697 3020 1946 3091 spargitur.

151 3089 410 3141 cardinalis
434 3092 574 3142 amici
595 3093 770 3148 somn0‚
813 3099 851 3140 δι
883 3093 1076 3155 crapula.
1106 3091 1329 3157 languidi
1356 3089 1442 3140 sese
1476 3091 1600 3138 lente
1634 3088 1889 3151 moliundi:
1905 3082 1943 3147 ὲ

149 3219 294 3268 having
331 3221 475 3270 cruelly
494 3222 577 3260 used
598 3221 657 3259 his
676 3235 761 3261 own
790 3223 930 3270 father,
945 3228 1020 3260 was
1131 3223 1196 3274 (r)
1225 3223 1284 3261 Sir
1301 3224 1428 3276 James
1447 3221 1589 3261 Colvill
1625 3219 1670 3258 of
1682 3219 1765 3260 East
1780 3217 1949 3265 Wecmz

151 3274 338 3319 therefore
375 3274 421 3324 by
449 3275 531 3312 him
562 3275 816 3322 dismherited‚
847 3279 920 3314 and
955 3276 1020 3314 the
1074 3275 1186 3326 being
1216 3277 1389 3315 forfeited
1418 3277 1463 3326 by
1481 3275 1578 3324 king
1593 3270 1837 3327 Jamethh,
1865 3267 1932 3305 the

154 3329 251 3370 laird
271 3328 316 3365 of
330 3328 462 3376 Edgall
477 3328 589 3365 infeft
607 3330 645 3365 in
667 3328 731 3365 the
744 3330 906 3367 earldom
924 3343 937 3378 3
955 3330 1021 3366 but
1073 3326 1187 3370 house
1208 3331 1252 3368 of
1267 3330 1415 3368 Rothes
1445 3329 1520 3366 had
1538 3327 1709 3378 acquired
1728 3337 1759 3371 ,a
1775 3321 1875 3371 right
1891 3327 1948 3357 to-

155 3382 224 3419 the
249 3381 411 3424 cardinal
442 3381 649 3422 reconciled
667 3381 733 3419 the
752 3383 884 3425 master
903 3392 942 3420 to
959 3383 1019 3420 his
1073 3396 1094 3419 a
1113 3384 1251 3433 partof
1266 3384 1332 3422 the
1351 3382 1545 3420 forfeiture
1564 3396 1576 3431 3
1592 3381 1658 3418 the
1675 3375 1834 3416 cardinal
1845 3383 1931 3432 219·

153 3434 292 3482 father,
310 3436 382 3472 and
400 3436 531 3472 moved
551 3435 681 3483 Edgall
701 3444 740 3472 to
760 3448 894 3485 repone
930 3435 1014 3477 him
1069 3437 1201 3486 curing
1219 3438 1304 3475 East
1322 3435 1510 3473 Weems's
1528 3432 1750 3477 restitution,
1767 3426 1930 3465 conditi-

151 3496 192 3525 to
226 3487 292 3526 the
327 3489 494 3530 earldom
523 3502 532 3525 ε
562 3487 612 3525 he
633 3488 876 3526 married·the
894 3489 1017 3526 cardi-⁷
1069 3489 1164 3528 on‘ed
1183 3499 1222 3528 to
1241 3489 1367 3539 satisfy
1382 3490 1557 3527 Norman
1572 3480 1864 3538 Lessiaffmastetx
1887 3475 1938 3521 Of·
1984 3493 1992 3502 ⁴

153 3542 249 3579 nal's
278 3541 473 3590 daughter,
503 3541 592 3579 who
611 3541 696 3578 bare
714 3551 753 3579 to
777 3541 861 3579 him
892 3542 1014 3580 David
1068 3543 1234 3594 Rothes,
1251 3544 1313 3585 fur
1326 3542 1536 3597 histrigpht„

150 3596 227 3632 carl
245 3595 290 3635 of
303 3595 517 3647 Crawford,
529 3596 744 3639 Alexander
760 3595 841 3636 lord
859 3595 1026 3649 Spynie,„
1432 3609 1436 3612 ·

147 3648 222 3688 dcc.

391 3692 399 3713 '
1255 3690 1257 3693 ¹
1830 3683 1942 3734 leten-
