2010 3851
457 180 1865 273 L1BERV1GEs1n1us.607

89 291 156 342 'ris
179 283 225 341 id
249 291 387 354 primi
407 290 579 337 circum
602 289 841 346 dederunt,
871 294 942 352 (1)
964 307 1176 366 inagnam
1201 289 1294 351 eJ'us
1312 301 1499 362 parte-‘m
1515 300 1640 337 extra
1663 291 1869 352 pomeria

94 375 178 406 ex
163 358 392 409 luserant,
418 355 482 413 ita
506 367 658 399 tamen
684 365 731 399 ut
754 354 849 415 ejus
894 357 1033 417 partsss
1058 354 1388 427 habitatoribus
1410 352 1609 399 civitatis
1637 356 1711 426 jus
1749 355 1872 402 inte·-

95 439 231 486 grum
253 428 511 468 servaretur.
534 418 637 463 Illic
660 431 801 479 mitur
813 419 969 467 habita
992 421 1091 468 sunt
1113 417 1443 479 comitia‚juris
1467 417 1622 479 peritis
1644 419 1872 480 interpre-

99 487 300 533 tantibus
325 483 438 529 nihil
459 498 520 528 re
511 486 642 536 erre,
665 482 710 528 in
727 485 953 545 quaurbis
978 499 1103 547 parte
1128 485 1417 532 haberentur
1452 482 1505 528 In
1530 481 1616 527 hoc
1639 495 1867 528 conventu

100 567 203 597 cum
224 547 484 611 perduelles
507 548 644 592 effent
667 547 926 593 denunciati
935 550 1110 611 ,princi
1117 566 1195 610 pes
1220 544 1313 594 fere
1337 563 1512 601 eorum,
1528 544 1610 608 qui
1633 561 1779 592 arcem
1804 560 1873 593 te·

101 616 286 666 nebant,
310 627 361 658 ac
376 612 423 656 bi
445 610 739 673 potissimum,
753 627 832 673 qni
845 614 905 657 ob
920 613 1239 660 conscientiam
1263 611 1399 657 caedis
1423 583 1592 683 Regis,
1600 625 1650 655 ac
1667 610 1848 673 Proregi
1855 630 1874 658 s

91 678 270 740 'judicia
292 667 551 739 fugiebant,
576 675 765 720 rebelles
787 677 964 724 ordinu
959 695 995 723 n
1023 679 1205 726 decreto
1244 677 1397 762 (cujus
1431 673 1596 736 J'udicii
1618 672 1793 720 summa
1815 676 1877 720 est

98 745 264 788 auctor
275 743 361 800 tas)
388 739 610 790 damnati,
626 756 682 785 ne
701 741 882 802 vulgus,
895 759 945 804 qt
934 744 1020 788 iod
1043 741 1175 787 lere
1158 760 1182 786 a
1199 742 1305 787 nob
1299 739 1456 788 litatis
1470 751 1582 787 nutu
1608 739 1792 801 pendet,
1814 740 1872 784 ab

94 806 162 853 eis
179 807 466 859 alienaretur,
485 804 617 854 &ipsi
629 820 685 850 ex
696 820 747 849 ea
762 820 912 877 copia,
926 821 1028 868 quae
1049 807 1172 868 apud
1185 819 1387 859 emerat,
1402 803 1591 851 comitia
1605 817 1872 866 coegerunt

96 871 235 919 Pauci
258 871 316 916 ab
337 870 401 916 cis
427 855 614 922 flabant,
639 869 805 941 quibus
789 869 896 930 3ιι
922 872 964 916 su
976 871 1123 934 ffragii
1145 884 1256 923 erat,
1297 886 1323 915 e
1363 870 1530 932 quibus
1553 867 1669 915 alii·
1657 885 1705 915 m
1730 869 1877 915 corni-

93 935 213 982 tium
237 952 328 981 non
355 946 594 986 venerunt,
635 933 714 979 alii
737 934 963 981 affuerunt
980 935 1188 998 quidem,
1214 934 1289 981 sed
1330 948 1378 981 ut
1403 933 1696 1005 spectatores,
1725 933 1879 980 omni-

95 1000 272 1063 busque
295 998 456 1045 officiis
478 997 727 1044 forenfibus
751 998 1080 1048 abstinuerunt.
1153 1001 1218 1046 lta
1241 1015 1346 1046 cum
1370 1014 1454 1045 nec
1471 998 1613 1060 justus
1636 997 1701 1044 eis
1723 997 1880 1044 suffra.

98 1078 310 1128 gator1m
336 1065 442 1110 esset
466 1079 696 1117 numerus,
722 1079 804 1109 nec
827 1064 874 1109 hi
893 1077 1105 1126 tempore
1127 1064 1358 1126 legitimo,
1397 1076 1475 1109 aut
1504 1079 1630 1109 more
1654 1062 1880 1123 maJ‘orum

96 1105 357 1180 convocati‚
385 1141 433 1174 ut
455 1122 609 1174 ta‘men
632 1127 828 1188 {peciem
844 1129 1046 1191 aliquam
1060 1129 1284 1193 leoitimae
1311 1127 1617 1174 multitudinis
1642 1127 1878 1181 haberent,

97 1194 192 1239 duo
217 1192 447 1255 Episcopi,
475 1191 647 1253 aliique
670 1193 861 1247 nonnuli
904 1171 1134 1240 absente?
1135 1195 1280 1257 (quod
1306 1209 1539 1255 nunquam
1585 1205 1717 1238 antea
1725 1189 1881 1238 fando

98 1258 306 1304 auditum
350 1258 468 1316 erat)
518 1259 592 1318 (z)
614 1243 824 1319 suffragia
866 1256 942 1304 sua
983 1258 1031 1304 in
1075 1257 1324 1321 ancipitem
1346 1256 1642 1304 comitiorum
1664 1270 1882 1304 eventum

91 1322 264 1383 scripta
289 1321 519 1367 miserunt.

163 1388 243 1433 Li.
276 1387 404 1432 Toto
429 1386 515 1432 hoc
539 1397 745 1448 tempore
787 1401 891 1432 cum
916 1403 995 1432 arx
1027 1386 1191 1436 affidue
1231 1386 1280 1434 in
1321 1401 1562 1448 procerum
1599 1400 1670 1433 co
1670 1398 1880 1434 ινειιιιιτιι

98 1451 349 1512 majoribus
374 1450 598 1496 machinis
617 1451 911 1511 jacularetur,
937 1467 989 1496 ac
1011 1451 1126 1513 laepe
1167 1452 1294 1515 globi
1321 1451 1488 1498 ferrei
1476 1468 1524 1498 m
1558 1444 1756 1498 mediam
1784 1465 1882 1498 tur-

94 1515 206 1562 bam
226 1517 455 1568 caderent,
476 1514 707 1561 neminem
728 1528 882 1561 tamen
903 1528 980 1561 aut
1000 1515 1287 1570 occiderunt,
1309 1516 1710 1563 autvulnerarunt.
1735 1515 1882 1562 Dam-

101 1580 197 1627 nati
220 1581 266 1626 in
293 1596 484 1641 utroque
505 1592 732 1626 conventu
756 1580 930 1642 patici:
964 1584 1014 1629 δε
1058 1582 1242 1643 utrique
1280 1579 1469 1627 comitia
1488 1580 1534 1625 in
1560 1580 1758 1626 mensem
1785 1582 1884 1626 Au·

99 1647 279 1708 gustum
303 1646 584 1692 indiierunt
646 1644 796 1690 Alteri
821 1643 1106 1692 Sterlinum:
1141 1646 1271 1694 alteri
1293 1644 1554 1704 Edirnburgv
1539 1662 1652 1705 gum.
1722 1645 1883 1690 Soluto

80 1723 348 1762 contentu,
375 1727 425 1755 ac
447 1707 616 1755 neutris
638 1709 803 1754 alteros
821 1701 1134 1756 lacessentibus
1119 1739 1154 1764 ,
1173 1709 1332 1756 velut
1320 1726 1366 1756 m
1387 1690 1597 1755 inducias
1620 1709 1812 1755 consen}
1807 1727 1883 1755 im

99 1775 222 1827 effet,
273 1775 419 1835 major
460 1790 564 1846 pars
610 1774 1012 1827 mercenariorum,
1052 1775 1135 1837 qui
1156 1791 1259 1821 cum
1285 1773 1528 1820 Puoitonio
1552 1787 1695 1826 erant,
1721 1774 1883 1820 domos

102 1838 203 1885 sunt
225 1839 400 1901 dilapsi.
471 1837 566 1901 Qi
609 1838 835 1900 oppidum
880 1840 1115 1893 tenebant,
1160 1853 1252 1886 non
1277 1838 1422 1902 ignari
1446 1852 1618 1900 quanta
1639 1841 1744 1884 eflet
1764 1839 1886 1885 circa

100 1897 393 1950 Mortonium
414 1902 740 1965 infrequentia,
765 1903 928 1949 simul
918 1904 1186 1976 ignominiae
1224 1880 1464 1967 superioris
1496 1903 1705 1949 delendae
1726 1903 1885 1965 cupidi

100 1969 324 2015 ducentos
349 1967 513 2031 viginti
538 1968 712 2030 pedites
734 1967 1043 2029 sclopetarios,
1068 1969 1244 2032 equites
1268 1981 1450 2015 centum
1473 1967 1675 2021 emisere.
1708 1967 1775 2014 Hi
1799 1968 1887 2014 do·-

102 2050 149 2079 as
181 2033 414 2079 machinas
442 2049 586 2078 aeneas
608 2031 877 2096 campestres
922 2032 1071 2078 secum
1109 2046 1375 2087 avexerunt,
1410 2048 1466 2078 eo
1488 2031 1692 2086 consilio,
1721 2043 1772 2078 ut
1811 2035 1886 2078 vel

96 2098 382 2170 ¹oppidulum
407 2095 714 2152 Dalkethum,
741 2097 820 2144 ubi
844 2110 940 2143 tum
976 2095 1240 2144 Mortonius
1263 2111 1372 2151 erat,
1398 2090 1712 2150 incenderent,
1752 2097 1825 2142 vel
1853 2097 1887 2143 fi

102 2161 150 2208 id
176 2179 266 2209 non
291 2162 572 2213 succederet,
592 2175 717 2208 metu
741 2162 911 2207 hostem
938 2161 1055 2208 intra
1075 2162 1300 2225 oppidum
1325 2161 1650 2209 continerent:
1683 2173 1820 2224 atque
1832 2176 1887 2207 ea

104 2228 232 2273 velut
258 2227 411 2272 timori
457 2226 730 2273 confeffiOne
753 2227 970 2289 expressa,
993 2227 1136 2289 vulgo
1174 2227 1216 2273 se
1258 2228 1548 2273 ostentarent.
1618 2225 1685 2273 Hi
1708 2241 1811 2272 cum
1835 2225 1886 2271 in

104 2293 193 2338 col'.
189 2309 223 2337 e
248 2289 433 2340 adverso
456 2291 541 2337 sese
565 2291 799 2336 instructos
818 2291 1119 2344 ostendissent,
1137 2291 1283 2338 subito
1308 2285 1481 2338 Dalket
1485 2291 1533 2337 hi
1554 2291 1610 2337 ad
1633 2306 1758 2337 arma
1776 2305 1889 2337 con-

103 2357 355 2405 clamatum
380 2356 455 2401 est.
491 2355 779 2401 Mortoniani
803 2355 949 2401 statim
973 2356 1159 2403 ducenti
1189 2357 1382 2418 pedites,
1407 2361 1450 2405 ὅ(
1477 2355 1658 2402 circiter
1680 2354 1890 2418 sexagin-

99 2430 152 2466 ἰιι
174 2421 350 2483 equites
363 2437 442 2481 per
464 2420 698 2465 adversum
719 2421 884 2466 collem
908 2421 1147 2467 subeuntes
1170 2420 1216 2467 in
1241 2421 1478 2483 planitiem
1507 2421 1693 2466 demum
1717 2419 1888 2466 inveffii

100 2496 268 2531 contra
287 2486 341 2531 ad
370 2501 571 2547 pugnam
597 2485 741 2546 parati
767 2486 995 2532 steterunt.
1065 2487 1440 2532 Procurrentibus
1466 2484 1632 2533 deinde
1675 2485 1888 2547 utrinque

98 2547 431 2610 'jaculatoribus
454 2548 544 2595 levi
564 2563 661 2594 cert
665 2551 814 2596 amine
834 2550 1041 2596 conserto
1059 2551 1269 2603 rebelles,
1290 2551 1370 2614 qui
1392 2550 1549 2608 omnia
1571 2553 1693 2613 apud
1714 2550 1887 2596 hostem

105 2613 184 2661 se
171 2628 394 2676 imparata
414 2614 770 2676 deprehensuros
792 2614 1098 2668 crediderant,
1124 2614 1200 2678 spe
1221 2615 1295 2661 sua
1317 2606 1498 2676 decepti
1521 2627 1640 2662 retro
1662 2619 1888 2678 quantum

97 2677 301 2742 ”integris
324 2678 562 2726 ordinibus
587 2691 798 2738 poterant
819 2680 1036 2727 abeuntes
1059 2679 1216 2726 urbem
1233 2680 1516 2742 repetebant.
1585 2681 1763 2726 Interea
1785 2680 1889 2725 aliis

30 2751 37 2759 ”
107 2743 415 2816 urgentibus,
434 2742 539 2790 aliis
577 2743 622 2789 fe
663 2744 864 2816 recipere
907 2743 1199 2807 cupientibus
1243 2746 1301 2792 ad
1340 2744 1714 2816 Cra'gmillarium
1739 2758 1890 2795 arcem

106 2808 263 2855 medio
285 2806 415 2854 fere
403 2808 565 2855 ltinere
593 2809 721 2855 fitam
751 2823 1023 2872 perventum
1046 2809 1124 2856 est.
1187 2810 1267 2856 Ibi
1292 2809 1425 2872 pauci
1448 2808 1623 2872 pedites
1655 2810 1890 2856 Mortoni-
1948 2852 1958 2858 ,

106 2873 202 2927 ani,
226 2873 307 2935 qui
339 2873 397 2918 ab
420 2872 603 2919 adversa
625 2887 753 2936 parte
783 2889 936 2920 arcem
958 2877 1142 2925 occulte
1173 2875 1456 2927 transierant,
1488 2890 1545 2920 ex
1581 2873 1754 2920 insidiis
1777 2890 1888 2920 con·

104 2937 377 3001 surgentes
365 2955 412 2984 m
436 2937 652 3000 angustiis
675 2939 762 2984 viae
779 2938 994 3000 subjectae
1015 2938 1162 2988 aciem
1186 2939 1380 2985 hostium
1404 2938 1609 3011 aggrefli,
1649 2937 1889 2985 ordinibus

80 3057 85 3060 ¹
107 3001 264 3048 solutis
287 3019 385 3048 eam
410 3002 459 3049 in
491 3003 651 3066 fugam
671 3015 945 3050 averterunt.
1016 3003 1111 3066 Qi
1137 3003 1393 3066 praefidium
1429 3019 1476 3049 in
1512 3019 1614 3049 arce
1639 3004 1890 3050 Edimbur-

107 3066 233 3129 gensi
256 3066 508 3139 agitabant,
550 3084 575 3113 e
598 3067 825 3129 superiore
859 3068 964 3115 loco
993 3081 1228 3115 cernentes
1264 3068 1421 3131 fugam
1447 3067 1488 3116 se
1512 3068 1658 3114 versus
1683 3068 1887 3120 tendere,

96 3130 302 3177 'subsidio
327 3130 543 3177 miserunt
565 3131 822 3180 octodecim
843 3133 1039 3196 equite5‚
1063 3138 1106 3181 δι
1131 3132 1321 3196 triginta
1343 3131 1556 3195 pedites:
1595 3132 1764 3204 quibus
1786 3130 1891 3178 freti

108 3195 271 3248 hostes,
296 3195 472 3258 equites
496 3194 672 3258 Regios
698 3196 802 3259 (qui
823 3197 1020 3244 dimidio
1043 3197 1279 3260 pauciores
1302 3199 1450 3256 erant)
1476 3197 1752 3244 rebellium
1741 3212 1890 3265 impe-

107 3271 205 3305 tum
226 3275 319 3307 non
341 3259 604 3306 sustinentes
624 3274 716 3305 non
741 3260 890 3309 minus
913 3262 1109 3335 trepide,
1129 3278 1266 3333 quam
1289 3262 1453 3325 paulo
1453 3275 1559 3310 ante
1581 3261 1719 3308 secuti
1741 3273 1887 3312 erant,

98 3322 220 3385 “fuga
241 3335 361 3369 retro
383 3322 682 3385 impulerunt.
716 3326 929 3374 Peditum
955 3326 1171 3388 utrinque
1193 3343 1378 3390 operam
1398 3342 1542 3389 prope
1564 3326 1775 3373 inutilem
1798 3325 1887 3369 im-

106 3386 189 3434 ber
209 3400 396 3451 repente
419 3388 539 3435 coelo
562 3387 726 3436 effusus
749 3389 874 3438 fecit.
943 3393 998 3440 In
1021 3390 1131 3456 fuga
1145 3406 1203 3438 ex
1253 3391 1560 3440 Mortonianis
1598 3391 1697 3438 caefi
1730 3389 1886 3453 pauci,

161 3516 224 3565 (ι)
251 3516 421 3557 Betwixt
437 3518 495 3554 St.
520 3517 584 3554 M.
591 3517 643 3557 rv'
649 3531 662 3554 s
685 3521 793 3567 wynd
820 3523 894 3558 'and
914 3522 971 3562 St.
1025 3521 1227 3571 dinburgh.

108 3571 225 3624 Jobn'
230 3585 244 3609 s
264 3571 358 3609 cross
372 3585 420 3608 on
440 3570 505 3608 the
525 3570 665 3608 South-
671 3572 738 3609 fide
757 3573 802 3610 of
808 3572 879 3611 the
895 3575 972 3611 Ca·
1079 3575 1143 3628 (2)
1174 3578 1264 3616 Sent
1281 3578 1406 3627 proxie
1410 3590 1424 3615 s
1443 3583 1511 3612 to
1508 3583 1559 3612 sto
1564 3588 1582 3611 e
1592 3574 1657 3611 sor
1678 3570 1744 3611 *he
1758 3585 1800 3609 νι

87 3674 96 3686 .
109 3633 283 3674 aengate,
316 3624 524 3675 belonging
542 3634 580 3664 to
598 3624 662 3665 tlte
681 3625 845 3667 freedom
863 3627 906 3667 ef
920 3629 971 3667 E-

1786 3664 1893 3741 plu.
