2065 3796
196 163 361 246 166Ἰ
505 164 865 237 RERUM
955 161 1640 229 ScoTICARUM

187 261 598 331 dederuntlibidO,
614 266 671 313 ⁴&
686 262 872 311 avaritia
889 263 937 309 in
960 278 1033 307 me
1055 276 1239 324 quoque
1261 261 1421 309 adsunt
1443 280 1468 311 :⁷
1487 262 1560 309 sed
1585 279 1686 324 quae
1709 275 1832 310 nunc
1854 254 1956 327 pri-4

186 342 290 375 vata
323 331 506 386 fortuna
525 329 712 383 occulit,
737 344 789 374 ea
819 326 949 389 regni
983 325 1178 372 licentia
1201 326 1357 372 solvet.
1424 327 1622 374 Proinde
1653 326 1758 374 vide
1793 327 1947 382 neme

185 409 281 440 non
303 392 350 440 in
371 409 582 456 regnum,
607 392 680 438 sed
702 391 749 437 in
772 391 963 437 exitium
985 405 1135 436 voces·
1182 390 1302 436 Cum
1321 390 1587 439 Macduffusr
1606 391 1664 437 ad
1681 391 1778 437 haec
1801 391 1951 453 subje-

185 456 310 505 cisset
347 459 596 505 multorum
628 453 868 502 libidinem
882 453 1062 501 liberali
1080 452 1298 517 conjugio
1316 451 1446 508 solvi,
1461 457 1511 503 ὃ(
1530 455 1766 502 avaritiam
1783 472 1949 518 poenu-

181 521 260 568 riae
283 514 409 569 metu
431 535 584 568 amoto
608 518 848 581 temperari
873 537 884 564 ε
917 517 1085 579 adjecit
1101 517 1436 565 Milcoiumbus
1459 517 1500 564 se
1523 520 1660 565 malle
1681 536 1804 567 nunc
1826 521 1952 582 apud

182 587 382 633 amicum
404 585 604 650 ingenue
626 583 774 639 fateri,
799 599 939 645 quam
956 583 1051 630 sero
1073 599 1177 629 cum
1198 583 1400 629 maximo
1422 582 1650 646 utriusque
1672 583 1856 631 man‘in
1879 583 1951 630 vi-

182 650 250 698 tio
273 650 554 714 deprehendi
579 667 590 695 :
628 647 742 694 nihil
766 649 847 695 fibi
867 647 982 703 veri,
1022 646 1142 694 nihil
1173 647 1331 694 finceri
1363 646 1413 694 in
1434 647 1588 695 animo
1615 649 1700 694 effe
1725 667 1738 695 ε
1776 647 1954 696 nemini

179 717 358 777 prorsus
381 715 534 768 fidere,
557 718 595 760 &
614 712 798 759 consilia
818 713 875 759 ad
889 728 1046 776 omnes
1066 712 1362 775 suspitionum
1382 729 1511 759 auras
1530 724 1723 767 mutare,
1747 717 1787 760 &
1807 729 1863 759 ex
1884 712 1952 759 sui

181 780 361 844 ingenii
381 778 682 826 inconstantia
698 776 926 838 judicium
946 777 1002 823 de
1026 775 1123 823 aliis
1147 776 1311 823 facere.
1358 778 1433 823 Ad
1456 777 1555 824 haec
1576 777 1859 829 Macduffus‚
1880 777 1947 824 Α-

179 861 320 910 page,
343 843 515 907 inquit,
535 841 674 904 Regii
695 841 942 906 sanguinis,
967 858 1020 888 ac
1061 841 1258 888 nominis
1293 840 1763 897 dehonestamentum,
1783 848 1823 889 δε
1841 856 1950 903 pro-

181 910 364 973 digium
387 925 477 955 non
498 907 555 953 ad
572 922 764 968 regnum
782 907 1117 959 accersendum,
1139 905 1278 952 sedin
1298 919 1522 952 extremas
1541 905 1663 967 orbis
1680 906 1949 953 'solitudines

179 974 516 1037 deportandum
542 989 553 1016 ε
588 977 628 1016 &
650 985 755 1016 cum
776 970 900 1017 die‘to
920 969 1060 1015 iratus
1085 969 1313 1015 discedere
1335 970 1538 1031 parabat.
1624 970 1752 1015 Tum
1775 970 1949 1018 Milco-

180 1039 364 1085 lumbus
386 1035 585 1083 hominis
611 1049 747 1080 manu
769 1033 1047 1096 apprehensa
1059 1033 1235 1080 causam
1260 1032 1558 1086 simulationis
1575 1033 1785 1089 ostendit,
1810 1034 1851 1081 se
1876 1045 1946 1080 to-

181 1105 266 1150 ties
289 1098 527 1149 Macbethi
550 1097 722 1145 insidiis
752 1099 966 1162 petitum,
1008 1104 1171 1155 utnOn
1194 1111 1364 1145 temere
1387 1097 1529 1145 cuivis
1553 1098 1718 1144 audeat
1748 1099 1949 1145 credere.

182 1171 248 1215 At
268 1168 316 1214 in
340 1164 560 1212 Macduffi
584 1178 668 1210 nec
691 1175 873 1227 genere,
899 1179 984 1222 nec
1001 1162 1221 1218 moribus,
1244 1177 1328 1209 nec
1347 1162 1485 1217 fama,
1506 1179 1591 1210 nec
1612 1161 1794 1209 fortuna
1815 1162 1947 1226 quic„-

179 1249 318 1296 quam
342 1231 383 1278 se
405 1229 529 1284 scire,
557 1224 675 1275 unde
693 1227 900 1275 fraudem
923 1227 1199 1275 extimescat.
1234 1228 1383 1291 Igitur
1403 1228 1525 1282 data,
1546 1231 1838 1290 accaeptaque
1856 1227 1953 1280 fide

180 1300 240 1345 de
265 1295 445 1358 tyranni
467 1293 610 1341 exitio
633 1292 905 1348 consultant,
931 1292 1088 1339 amicis
1119 1309 1200 1355 per
1222 1292 1411 1339 secretos
1432 1294 1622 1339 nuncios
1644 1291 1953 1353 praemonitis,

179 1363 238 1409 ab
259 1361 475 1417 Eduardo
509 1361 638 1422 Rege
674 1358 832 1405 decem
857 1356 1002 1405 millia
1039 1356 1237 1404 rnilitum
1268 1356 1537 1420 accipiunt:
1573 1357 1690 1405 duee
1725 1355 1939 1405 omnibus

179 1426 398 1492 praefeeto
423 1425 613 1471 Sibardo
637 1422 936 1470 Milcolumbi
959 1439 1044 1469 avo
1076 1435 1296 1469 materno.
1414 1476 1420 1479 X
1631 1426 1633 1429 '

244 1493 378 1539 XIII.
415 1490 492 1536 Ad
515 1488 683 1535 famam
705 1488 800 1549 ejus
823 1486 1045 1534 exercitus
1064 1485 1221 1550 magni
1239 1486 1286 1533 in
1306 1486 1458 1534 Scotia
1479 1497 1628 1536 motus
1652 1486 1758 1539 fasti
1779 1503 1790 1532 :
1815 1502 1946 1552 mag-

179 1557 230 1604 ni
251 1555 460 1621 quotidie
482 1554 539 1600 ad
561 1569 731 1600 novum
751 1555 928 1614 Regem
959 1552 1215 1598 concursuS.
1260 1564 1263 1568 ’
1285 1552 1559 1602 Macbethus
1584 1568 1726 1615 prope
1746 1551 1946 1598 desertus

181 1622 240 1668 ab
261 1620 494 1674 omnibus,
517 1634 622 1664 cum
639 1617 684 1664 in
706 1630 798 1664 tam
816 1616 1055 1680 repentina
1073 1615 1330 1668 defec'tione
1352 1617 1469 1663 nihil
1489 1616 1651 1662 melius
1669 1627 1952 1670 occurreret,¹

178 1687 230 1734 in
253 1702 402 1733 arcem
425 1684 738 1745 Dunfinanam
761 1682 803 1728 se
823 1682 1023 1737 inclusit,
1046 1680 1179 1728 miffis
1200 1681 1245 1731 in
1271 1682 1499 1733 AEbudas,
1536 1687 1576 1729 &
1600 1680 1873 1733 Hiberniam
1896 1689 1946 1727 a'-

172 1751 331 1806 -micis,
351 1761 400 1796 ut
422 1747 758 1812 pecuniaillinc
773 1746 967 1793 militem
987 1747 1309 1800 conducerent.
1330 1745 1664 1793 Milcolumbus
1687 1746 1875 1795 confilio
1897 1761 1945 1795 e,—

174 1816 251 1877 jus
274 1815 430 1863 audito
450 1815 570 1859 recta
591 1813 649 1859 ad
669 1828 774 1858 eum
798 1811 1143 1876 ducit„populo
1162 1808 1434 1873 quacunque
1453 1811 1550 1856 ibat
1572 1811 1687 1856 bene
1709 1822 1942 1873 precante,

180 1897 233 1929 ac
255 1880 405 1927 faustis
425 1876 828 1924 acclamationibus
848 1894 953 1924 eum
976 1875 1290 1940 prosequente.
1319 1877 1425 1922 Hoc
1444 1875 1571 1921 velut
1587 1875 1744 1925 omine
1759 1874 1944 1925 vietori-

182 1962 220 1991 ae
241 1945 337 1992 laeti
363 1942 530 1990 milites
554 1942 736 1989 frondes
759 1940 957 1992 virentes
978 1939 1122 2005 galeis
1144 1957 1298 1987 omne5
1324 1939 1644 2003 apposuerunt,
1658 1937 1944 2000 triumphan-

180 2008 391 2073 tiumque
415 2008 559 2071 magis
583 2022 717 2073 quam
745 2006 801 2054 ad
825 2023 1032 2070 pugnam
1051 2004 1445 2069 progredientium
1466 2002 1612 2067 specie
1631 2019 1796 2066 agmen
1817 2004 1944 2050 ince-

180 2075 333 2121 debat.
378 2074 447 2121 Ea
467 2071 729 2135 perterritus
749 2069 942 2121 hostium
967 2069 1439 2121 fiduciaMacbethus
1459 2066 1696 2117 confestim
1717 2067 1765 2114 in
1784 2065 1945 2131 fugam

180 2140 223 2186 se
246 2139 374 2187 dedit
401 2157 411 2184 :
445 2136 615 2187 milites
644 2135 739 2196 ejus
763 2153 789 2182 a
810 2135 926 2183 duce
951 2135 1111 2181 deserti
1135 2133 1446 2180 Milcolumbo
1468 2133 1509 2179 se
1546 2131 1835 2178 dediderunt.
1870 2133 1943 2193 (1)

179 2205 335 2252 Multa
363 2201 438 2249 hie
465 2200 666 2248 fabulose
697 2200 889 2264 quidam
919 2201 1168 2246 nostrorum
1213 2200 1464 2270 affingunt:
1510 2196 1583 2244 sed
1602 2196 1713 2268 quia
1730 2196 1949 2250 theatri&
1983 2249 1986 2254 Ι
2033 2182 2063 2259 ηπ,

162 2283 259 2317 ἐιη
283 2267 472 2316 Milesiis
506 2265 674 2312 fabulis
704 2265 805 2312 sunt
833 2265 1026 2328 aptiora,
1050 2280 1188 2328 quam
1219 2263 1519 2324 histonaeoffea
1553 2273 1735 2307 omitto.
1785 2261 1944 2306 ''Mac-

180 2335 343 2382 bethus
366 2331 688 2394 septemdecim
712 2329 840 2376 annis
858 2329 924 2376 rei
946 2329 1135 2391 Scoticae
1158 2327 1356 2390 praefuit.
1399 2326 1578 2379 Decem
1597 2325 1754 2388 primis
1777 2323 1945 2387 optimi

179 2397 321 2461 Regis
344 2395 493 2444 officio
512 2395 572 2441 est
593 2395 773 2441 funerus
799 2413 810 2441 z
843 2393 1013 2459 septem
1031 2392 1248 2458 supremis
1271 2390 1586 2440 crudelitatem
1607 2385 1953 2441 saeviffimorum'

182 2477 476 2527 tyrannorum
501 2459 633 2506 facile
658 2458 871 2524 aequavit.
1302 2459 1303 2462 ’
1686 2457 1693 2460 ’

807 2528 1172 2593 LXXXV1.''R
1196 2546 1232 2592 E
1257 2546 1325 2595 X.

241 2624 374 2670 XIV·
408 2623 463 2669 M
476 2623 498 2669 Ῑ
511 2622 548 2668 L
565 2622 604 2668 C
619 2623 662 2668 O
678 2621 715 2668 L
728 2622 777 2672 U
795 2622 847 2667 M
861 2622 894 2667 Β
909 2621 958 2668 U
975 2622 1003 2666 S
1036 2636 1302 2684 recuperato
1323 2631 1670 2683 paternoregno
1690 2619 1853 2666 Sconae
1871 2618 1942 2666 vi·¹

176 2687 340 2736 cefimo
360 2687 523 2750 quinto
545 2686 620 2735 die
655 2686 845 2750 Aprilis,
871 2701 989 2732 anno
1007 2702 1033 2731 a
1056 2685 1235 2732 Christo
1257 2698 1366 2732 nato
1396 2701 1529 2748 1057,
1555 2685 1656 2730 Rex
1678 2683 1766 2730 fuit
1789 2684 1944 2730 decla·
2042 2680 2060 2716 ‘-

176 2765 316 2800 ratuS.
371 2752 532 2798 Statim
556 2767 700 2815 regno
720 2749 921 2811 suscepto
942 2762 1218 2797 conventum
1242 2751 1275 2796 F
1279 2749 1472 2807 orfaram
1494 2737 1696 2795 indixit.l
1739 2748 1952 2794 Primum

176 2817 384 2867 omnium
402 2815 556 2863 liberis
579 2831 757 2869 eor-um,
779 2815 860 2878 qui
882 2832 907 2860 a
926 2814 1178 2862 Machetho
1198 2826 1327 2861 erant
1345 2813 1498 2868 occifi,
1522 2812 1643 2858 bona
1665 2825 1852 2874 paterna
1873 2829 1943 2858 re-
2015 2813 2038 2819 ’
2059 2848 2061 2851 .

176 2880 343 2930 stituit..
403 2882 486 2943 (22),
513 2883 556 2927 A
577 2880 812 2927 nonnullis
833 2880 1009 2943 primns
1030 2879 1231 2926 creditur
1250 2894 1384 2934 nova,
1411 2883 1451 2924 δι
1473 2876 1714 2940 peregrina
1735 2876 1948 2931 nomina,
1987 2885 1990 2888 ’
2022 2882 2065 2941 Ἰςέ

194 3023 199 3027 ·
229 3009 292 3060 (1)
315 2991 526 3048 Macdnffus
540 3019 738 3060 tyrannum
752 3008 961 3057 fugientem
976 3010 1031 3046 as-
1074 3011 1156 3061 xIII.
1181 3009 1246 3048 but
1271 3007 1354 3048 that
1368 3006 1419 3047 he
1445 3007 1520 3047 first
1550 3007 1665 3054 began
1691 3017 1730 3044 to
1749 3007 1945 3045 introduce

176 3063 334 3110 secutus,
351 3073 459 3114 caput
477 3062 590 3101 occili'
602 3066 645 3101 ad
665 3064 743 3100 suos
762 3062 903 3101 retulit.
925 3064 1013 3102 MS.
1087 3076 1156 3111 any
1175 3062 1218 3100 of
1232 3061 1353 3108 them,
1375 3061 1418 3098 of
1431 3060 1557 3097 which
1579 3061 1780 3110 Buchanan
1809 3060 1941 3097 makes
2015 3050 2062 3107 ᾗ

230 3117 295 3166 (2.)
321 3118 404 3153 Our
421 3117 556 3154 author
574 3119 662 3165 only
676 3117 808 3154 relates
826 3117 890 3153 the
908 3116 1031 3166 opini·
1086 3129 1108 3157 a,
1122 3116 1195 3154 full
1215 3114 1486 3159 enum-station,
1498 3123 1563 3152 not
1580 3116 1667 3164 only
1680 3105 1721 3151 of
1740 3113 1843 3151 those
1859 3113 1943 3150 that

175 3184 224 3208 on
244 3170 289 3221 ef
302 3169 440 3216 others,
459 3178 526 3208 not
540 3169 600 3207 his
617 3182 729 3217 own3
751 3170 808 3207 for
828 3168 888 3206 'tis
908 3169 1032 3206 mani-
1085 3182 1182 3206 were
1213 3167 1382 3225 supposed
1414 3176 1452 3204 to
1480 3168 1523 3203 be
1548 3167 1762 3219 introduced
1790 3175 1828 3203 at
1857 3165 1942 3213 that

175 3225 256 3270 fest,
279 3222 405 3272 byffhe
424 3223 524 3260 book
541 3223 585 3259 of
599 3223 664 3259 the
682 3223 742 3260 old
760 3223 849 3259 laws
867 3222 911 3259 of
924 3223 1044 3259 scot-f
1085 3220 1269 3268 tim'e5but
1281 3221 1497 3258 afterwards
1508 3222 1616 3258 down
1629 3229 1668 3258 to
1681 3218 1740 3257 his
1753 3232 1851 3257 own.
1880 3220 1954 3255 He*
1972 3252 1978 3257 ,
2057 3223 2063 3252 -’

174 3277 275 3324 land,
289 3275 372 3314 that
390 3276 484 3322 king
503 3270 700 3320 Kenneffl,
720 3284 820 3322 great
839 3276 1057 3325 grand-fag
1085 3274 1243 3314 himself
1255 3275 1386 3315 relates
1416 3273 1483 3310 lib.
1510 3286 1571 3310 xo.
1600 3287 1679 3322 cap.
1707 3284 1747 3322 4.
1767 3272 1859 3309 that.
1875 3269 1950 3308 the»
2009 3271 2059 3323 ’4.[ῑ

172 3330 260 3367 ther
276 3338 314 3367 to
343 3329 438 3376 kirig
457 3329 641 3366 Malcolm
661 3330 860 3374 Canmore,
879 3328 952 3364 had
970 3329 1030 3366 in-
1086 3328 1161 3364 first
1178 3327 1296 3367 dukes
1314 3327 1456 3364 created
1487 3326 1527 3365 in
1546 3326 1721 3366 Scotl'and
1749 3338 1846 3362 were
1864 3325 1945 3361 Da-
1964 3324 1990 3352 ν’
2029 3326 2035 3346 ‘⁴
2056 3322 2058 3327 '

173 3383 324 3420 stituted
342 3383 450 3428 earls,
471 3382 599 3417 bai-ons
625 3383 695 3418 and
727 3380 882 3428 knights
911 3381 951 3417 in
970 3380 1029 3418 his
1083 3381 1144 3417 vid
1163 3380 1207 3418 of
1219 3379 1421 3429 Rothesay,
1442 3382 1512 3416 and
1530 3379 1675 3417 Robert
1703 3377 1748 3416 of
1761 3377 1910 3426 Albany
1929 3390 1941 3425 3
2040 3414 2042 3419 ,
2057 3378 2064 3387 “’

172 3436 282 3474 time.
337 3437 426 3472 And
456 3434 561 3472 there
591 3434 622 3471 is
653 3434 740 3471 here
760 3446 806 3469 an
835 3432 962 3483 ellipse
992 3434 1037 3472 of
1086 3433 1151 3470 the
1169 3434 1279 3470 latter
1297 3433 1362 3470 the
1377 3433 1542 3481 brother,
1556 3434 1627 3469 and
1644 3431 1710 3469 the
1728 3431 1867 3468 former
1878 3429 1943 3466 the

173 3490 299 3537 quales
315 3502 357 3524 or
375 3497 416 3524 nt
435 3487 557 3534 before
575 3488 710 3531 Duces,
731 3485 948 3535 importing,
967 3494 1032 3524 not
1086 3486 1149 3523 son
1168 3486 1212 3523 of
1225 3487 1368 3524 Robert
1378 3487 1431 3524 II.
1453 3487 1524 3522 and
1543 3483 1742 3534 marquises
1760 3496 1856 3528 were
1868 3481 1944 3520 first

150 3538 157 3541 ”
172 3542 257 3582 that
284 3542 335 3578 all
360 3539 461 3578 these
479 3540 652 3578 different
669 3541 816 3586 degrees
834 3541 903 3575 and
930 3539 1031 3576 titles
1085 3541 1226 3575 created
1247 3540 1292 3586 by
1310 3539 1404 3589 king
1421 3538 1548 3592 James
1564 3538 1639 3585 VI.
1651 3538 1690 3576 in
1706 3535 1957 3590 Buchanan’ffi

173 3594 218 3631 of
243 3593 388 3636 honour
417 3607 511 3632 uere
537 3594 751 3632 introduced
782 3591 826 3641 by
847 3591 1038 3631 fri-alcolnr
1085 3605 1171 3630 own
1190 3592 1293 3633 time.

1844 3667 1958 3738 qui*
1986 3747 1988 3750 ,

1988 3627 1991 3629 .
2037 3618 2065 3649 ’,14

2007 3635 2026 3676 ,4
2046 3656 2055 3667 ,1

1983 3672 2002 3695 v*
2023 3680 2029 3695 ·.
2057 3674 2065 3683 l

1998 3694 2005 3713 ¹l
2021 3702 2027 3711 F

1998 3427 2063 3491 ‘ta

2002 3533 2061 3607 ν

2002 3607 2035 3621 ι“’Ἰ
2057 3616 2060 3619 .

1998 3629 2015 3650 h.

1954 3769 1957 3772 <
1987 3705 2057 3796 lle}
