2091 3796
200 126 290 214 46
504 124 895 189 RERUM·
951 124 1644 192 ScoTICARUM

201 224 297 275 ori«
297 224 394 272 inis
425 222 614 296 nomina
649 225 749 272 sunt
786 225 1011 288 imposita.
1074 226 1178 274 Nec
1214 224 1331 280 illud
1353 225 1693 278 omittendum..
1705 227 1832 290 quod
1867 242 1989 281 ante

201 276 467 337 Saxonum
454 304 504 334 1n
527 287 806 337 Britanniam
830 290 1075 337 adventum
1101 307 1334 354 nunquam
1372 290 1482 336 ullas
1506 244 1787 340 Britanniqcas
1825 296 1975 343 natio-

198 371 278 401 ne>
311 352 431 399 inter
460 351 502 399 se
538 352 863 416 interpretibus
900 354 995 401 usas
1030 356 1251 418 legamus,
1321 354 1474 416 Igitur
1504 369 1608 402 cum
1633 373 1722 404 uno
1756 358 1972 407 consensu

198 416 342 471 Scoti‚
369 415 534 480 Angli,
554 423 596 469 ὅ(
627 417 854 465 Germani
875 419 1110 481 scriptores
1133 419 1282 466 Pic'tos
1314 418 1339 466 ὲ
1376 419 1628 467 Germania
1649 421 1867 469 oriundos
1907 424 1979 470 te-

195 493 315 535 rant,
331 482 591 544 constetque
616 482 913 539 Gothunnos,
935 483 1023 530 five
1047 485 1145 530 Get
1166 500 1246 530 nos
1270 483 1513 530 Gallorum
1540 482 1667 531 fuisse
1688 490 1757 531 coi
1797 503 1900 541 «ν,οε
1926 493 1969 536 &

191 545 379 591 Gallice
399 547 610 600 locutos,
614 551 655 593 &
669 546 836 594 AEstios
858 547 915 594 ad
938 564 1060 595 mare
1080 548 1338 594 Suaevicum
1362 547 1664 604 Britannice,
1689 549 1812 596 unde
1836 551 1961 613 poti-

193 625 246 656 us
269 609 518 657 existimem
541 610 688 658 Pictos
711 611 949 674 prodiisse?
979 625 1055 658 aut
1077 615 1172 676 quo
1194 612 1372 659 sedibus
1393 612 1579 674 ejectos,
1604 613 1687 660 nist
1711 615 1764 661 ad
1789 629 1964 678 cogna-

194 685 265 720 tos
287 674 562 721 contendisse
589 678 605 720 ?
641 689 718 723 aut
739 676 858 722 unde
880 675 1031 738 potius
1050 677 1313 724 connubia
1298 690 1637 740 impetraturos,
1664 695 1805 742 quam
1827 695 1853 725 a
1877 696 1965 743 po·

191 740 321 801 pulo,
344 738 579 800 sanguine,
603 738 779 811 lingua,
803 739 1006 787 moribus
1029 741 1117 787 fibi
1132 743 1416 803 conjuncto?

257 804 388 869 XXI.
405 803 547 866 Qod
565 803 595 849 fi
615 803 763 850 Pictos
783 821 808 850 a
823 804 1106 859 Gothunnis,
1125 819 1201 852 aut
1216 806 1388 860 AEstiis,
1402 819 1478 852 aut
1490 805 1625 854 Getis
1645 819 1782 870 neget
1796 806 1963 879 aliquis

190 858 430 922 oriundos,
464 882 651 929 propter
678 884 833 915 earum
856 868 1104 931 regionum
1120 869 1564 933 longinquitatem,
1551 888 1590 917 is
1613 872 1763 918 secum
1788 872 1969 935 cogitet

188 945 321 994 quot,
345 934 395 982 &
417 946 597 995 quantae
619 931 915 995 migrationes
935 932 985 979 in
1007 950 1165 980 omnes
1187 946 1335 996 partes
1359 933 1483 979 faetx-
1508 936 1592 980 sint
1618 935 1709 981 illis
1742 938 1968 996 tempori·

188 996 291 1052 bus,
322 996 370 1042 in
392 1013 494 1069 quae
517 996 745 1043 PiCtorum
768 995 1022 1042 adv‘entus
1010 1013 1057 1041 1n
1081 997 1363 1043 Britanniam
1398 998 1458 1044 est
1483 997 1731 1058 conjectuS‚
1756 1014 1808 1044 ac
1833 1000 1965 1046 dein-

186 1077 296 1122 ceps
316 1059 468 1106 multis
486 1059 527 1105 s
541 1049 688 1107 culis:
712 1058 943 1123 intelliget
963 1060 1129 1122 opinor
1149 1060 1264 1106 nihil
1289 1062 1454 1108 horum
1478 1078 1569 1109 non
1593 1062 1732 1108 modo
1756 1062 1871 1117 fieri,
1891 1064 1968 1112 sed

186 1124 325 1172 etiam
365 1124 495 1170 facile
535 1124 632 1170 fieri
669 1124 875 1187 potuisse.
945 1124 1073 1170 Galli
1109 1124 1360 1195 Hispaniae,
1394 1123 1557 1181 Itahae,
1599 1127 1880 1183 Germaniae,
1918 1134 1964 1176 &a

185 1187 436 1238 Britanniae
458 1190 644 1244 bonam,
669 1205 975 1252 magnamque
999 1202 1174 1251 partem
1204 1188 1397 1236 coloniis
1433 1204 1692 1252 occuparun
1682 1202 1741 1236 t:
1760 1192 1815 1237 ad
1837 1194 1955 1238 Mae-

187 1253 315 1301 otida
338 1259 377 1300 &
402 1252 650 1300 Cimmeri·
661 1271 704 1300 m
733 1254 976 1316 Bosporum
1011 1255 1279 1316 populando
1300 1254 1397 1300 sunt
1435 1254 1665 1317 progreffi,
1689 1256 1861 1301 I'hraci
1866 1273 1964 1312 am,

188 1317 534 1372 Macedoniam,
556 1324 596 1365 &
620 1318 852 1364 Graeciam
875 1318 1206 1381 pervastantes
1193 1335 1242 1364 1n
1264 1319 1368 1364 Afia
1389 1319 1700 1365 consederunt.
1759 1320 1958 1376 Cimbri,

188 1383 463 1436 Ambrones‚
500 1388 542 1428 Χῖ
575 1382 810 1430 Teutones
845 1383 1050 1429 Galliam
1084 1382 1375 1445 depraedati
1364 1399 1412 1429 m
1436 1381 1614 1429 Italiam
1644 1396 1956 1454 penetrarunt.

189 1445 379 1519 Geloni,
404 1446 486 1508 qui
495 1446 744 1520 Vergilio
732 1464 780 1493 1n
802 1447 1003 1493 Thracia
1028 1447 1326 1502 collocantur,
1348 1447 1470 1510 apud
1494 1460 1680 1494 caeteros
1705 1448 1796 1501 iere
1820 1448 1978 1511 scrip-t

188 1523 307 1557 tores
331 1511 473 1557 vicini
493 1528 540 1557 in
565 1510 751 1574 Scythia
771 1511 871 1558 sunt
895 1512 1176 1574 Agathyrfis.
1244 1512 1392 1558 Gothi
1427 1510 1617 1558 obscura
1638 1512 1717 1557 diu
1742 1512 1866 1560 natio
1887 1513 1960 1559 di-

186 1575 278 1621 luv
255 1575 302 1621 11
334 1575 467 1622 instar
502 1575 628 1622 brevi
667 1588 871 1639 tempore
909 1578 1158 1646 Europam,
1202 1576 1370 1631 Asiam,
1408 1576 1616 1623 Atricam
1657 1576 1957 1626 inundarunt.

175 1639 388 1686 *Multis
375 1639 520 1703 lgitur
554 1640 769 1703 deinceps
798 1640 967 1687 saeculis
999 1642 1110 1687 dum
1133 1640 1374 1687 ferociores
1398 1639 1695 1688 finitimorum
1719 1640 1799 1687 libi
1832 1641 1902 1688 sei
1909 1659 1974 1690 es-

185 1704 507 1776 vendicabant,
527 1704 796 1752 infirmiores
816 1705 1122 1767 potentiorum
1148 1704 1325 1766 injuriis
1346 1704 1556 1760 obnoxii,
1583 1705 1793 1768 patriam,
1817 1723 1958 1769 quam

185 1769 382 1817 retinere
405 1769 673 1832 nequibant,
697 1769 945 1840 linquunt,
970 1769 1001 1815 fi
1030 1768 1238 1816 homines
1264 1768 1340 1815 diu
1372 1784 1476 1815 cum
1502 1770 1683 1816 fortuna
1703 1770 1959 1826 colluctati,

186 1844 324 1895 atque
347 1833 529 1880 incertis
552 1833 729 1880 sedibus
752 1851 833 1897 per
853 1850 1000 1880 varios
1023 1850 1192 1881 errores
1210 1833 1386 1896 jaCtati,
1408 1833 1484 1880 se
1471 1850 1516 1880 1n
1541 1834 1816 1896 longinquas
1835 1834 1958 1897 regi-

186 1914 297 1945 ones
317 1899 501 1945 tandem
524 1898 773 1961 aliquando
794 1899 1104 1955 contulerunt,
1128 1898 1243 1945 nihil
1274 1898 1438 1960 opinor
1460 1900 1581 1961 apud
1616 1915 1763 1944 rerum
1783 1899 1954 1961 peritos

186 1962 496 2010 admirationis
519 1980 587 2010 res
609 1964 775 2009 habere
797 1963 949 2010 debet,

250 2028 404 2073 XXII.
419 2029 546 2074 Duas
563 2039 783 2089 praeterea
800 2027 1003 2074 nationes
1021 2028 1210 2074 vetustas
1229 2044 1255 2074 a
1272 2026 1563 2090 scriptoribus
1575 2025 1795 2073 Romanis
1810 2026 1954 2073 collo-

185 2090 279 2138 cari
306 2092 511 2138 videmus
534 2091 653 2138 intra
683 2108 759 2139 eos
782 2091 969 2145 limites,
1003 2092 1169 2155 quibus
1206 2108 1346 2154 regna
1366 2093 1624 2147 Scotorum,
1649 2096 1689 2137 &
1723 2091 1954 2139 PiCtorum

186 2155 433 2218 aliquando
471 2157 814 2208 claudebantur,
853 2156 1068 2210 Maiatas,
1094 2163 1131 2204 (ἐκ
1169 2157 1442 2212 Attacottas.
1521 2157 1591 2202 Ex
1628 2155 1700 2201 his
1735 2156 1956 2212 Maiatas,

184 2236 301 2282 quos
324 2220 452 2267 Dion
486 2237 601 2266 unus
640 2220 783 2292 (quod
806 2220 962 2279 sciam)
996 2218 1200 2267 nominat
1235 2219 1417 2267 Piaicae
1449 2221 1600 2284 gentis
1631 2219 1776 2274 fuisse,
1811 2235 1940 2267 reor:

183 2285 370 2345 quando
392 2301 467 2331 eos
489 2285 538 2331 in
572 2302 691 2348 agns
714 2284 977 2332 Caledoniis
1000 2283 1220 2347 proximis
1243 2284 1511 2331 constituit:
1561 2300 1674 2347 quos
1695 2300 1828 2356 agros
1851 2300 1956 2332 cerv

184 2359 282 2395 tum
302 2350 362 2394 est
381 2349 529 2395 Pietos
541 2362 625 2395 ten
634 2349 752 2395 u1sse
789 2350 1044 2396 Attacottas
1061 2365 1118 2396 ex
1138 2348 1412 2395 Marcellino
1430 2362 1620 2421 apparet
1641 2346 1769 2394 fuifle
1787 2366 1842 2394 ex
1865 2349 1964 2406 eis,⁴

182 2412 263 2474 qui
286 2413 533 2476 aliquando
555 2413 675 2459 vallo
690 2413 891 2473 Adriani
913 2413 1075 2459 exclusi
1107 2413 1257 2475 postea
1277 2411 1502 2475 prolatis
1489 2411 1674 2474 lmperii
1702 2411 1847 2458 finibu
1891 2416 1950 2464 ad

183 2478 270 2521 Set
276 2477 339 2523 eri
362 2478 533 2523 vallum
559 2473 697 2539 nique
719 2477 839 2524 intra
860 2476 1141 2540 provinciam
1165 2478 1249 2523 fint
1269 2476 1618 2539 comprehensi:
1629 2475 1870 2564 quoniam
1901 2477 1959 2526 in

182 2539 346 2587 libello
370 2550 402 2570 ‘⁶
426 2551 482 2588 de
508 2543 577 2602 (1)
604 2543 889 2589 castrensibus
905 2541 1065 2588 officiis
1087 2543 1399 2588 Romanorum
1414 2557 1495 2604 per
1510 2540 1794 2604 provincias'
1798 2541 1954 2590 'inter

182 2618 368 2652 externa
393 2606 564 2652 auxilia
588 2607 766 2669 reperio
789 2606 997 2653 cohortes
1021 2606 1198 2668 aliquot
1218 2607 1579 2660 Attacottorum,
1594 2605 1704 2651 ficut
1725 2610 1764 2651 &
1780 2605 1948 2653 Britto-

182 2686 320 2716 num:
345 2687 437 2742 quo
461 2671 604 2734 magis
628 2671 768 2717 miror
791 2670 1027 2717 audaciam
1050 2670 1218 2725 dicam,
1233 2687 1290 2720 an
1313 2671 1540 2731 stuporem
1557 2669 1738 2715 Luddi·
1764 2671 1949 2718 audaci-
1969 2715 1974 2720 ,

180 2749 272 2787 am,
294 2735 374 2796 qui
400 2738 653 2782 Attacottas
672 2736 797 2782 fuiffe
821 2737 996 2789 ScotOS,
1016 2734 1090 2780 sed
1113 2735 1241 2780 nullo
1260 2734 1436 2796 prorsus
1454 2734 1653 2787 austere,
1673 2745 1751 2780 aut
1768 2734 1948 2796 conjec-

180 2807 286 2844 tura
318 2799 552 2853 verisimili
593 2801 820 2854 affirmet:
857 2800 1106 2862 stuporem,
1127 2799 1253 2861 quod
1292 2797 1338 2844 in
1362 2799 1465 2843 loco
1488 2797 1752 2844 Marcellini
1772 2814 1798 2844 a
1819 2798 1859 2845 se
1881 2798 1949 2846 ci·-

180 2872 276 2908 tato
299 2864 457 2910 Scotos
479 2865 537 2910 ab
564 2863 806 2911 Attacottis
829 2864 1022 2936 separari
1039 2879 1132 2910 non
1153 2862 1321 2909 videat.
1390 2861 1550 2924 Inquit
1571 2861 1694 2908 enim
1714 2862 1948 2910 Marcelli-

179 2942 282 2979 nus,
305 2927 438 2982 Picti,
462 2933 502 2974 &
526 2930 744 2982 Saxone5‚
771 2928 912 2981 scoti,
946 2933 985 2974 δε
1011 2926 1236 2974 Attacotti
1255 2927 1496 2973 Britannos
1520 2941 1607 2971 aert
1615 2924 1731 2972 mnis
1752 2941 1948 2974 vexave-

177 3006 226 3036 re
249 2991 478 3038 continuis
563 2991 663 3038 Pari
683 2993 860 3054 stupore
883 2993 940 3037 ab
962 3008 1018 3038 eo
1041 2992 1211 3038 fastum
1233 2991 1311 3045 est,
1333 3002 1382 3036 ut
1403 2991 1650 3036 contendat
1669 2989 1949 3039 Caledonios

179 3053 204 3100 ὲ
237 3055 497 3102 Brittonum
519 3069 655 3118 gente
691 3056 835 3110 fuiss'e,
859 3055 941 3118 qui
962 3055 1209 3127 planissime
1232 3054 1347 3102 Picti
1369 3053 1589 3100 fuerunt:
1627 3053 1751 3116 quod
1775 3053 1948 3117 perspi-

175 3134 259 3166 cue
282 3119 472 3167 Luddus
490 3119 746 3168 testimonio
768 3136 824 3166 ex
849 3122 919 3182 (2)
935 3119 1234 3184 Panegyrico,
1248 3135 1330 3182 qul
1355 3118 1502 3192 diditus
1533 3116 1623 3165 fuit
1647 3118 1965 3166 Constantino>

230 3264 290 3316 (1)
322 3267 631 3317 Campeservices.
869 3286 872 3290 ·
1095 3279 1277 3313 renown,
1296 3267 1374 3303 and
1386 3265 1480 3303 with
1510 3265 1575 3302 the
1595 3265 1718 3304 whole
1736 3264 1926 3316 affembly'
1927 3277 1947 3301 s

227 3320 292 3370 (2)
321 3320 580 3370 PanegyricuS,
600 3322 630 3358 is
652 3335 671 3358 a
703 3322 831 3371 speech
857 3323 963 3360 made
983 3320 1032 3359 in·
1095 3320 1265 3371 applause
1285 3321 1354 3356 and
1374 3319 1628 3370 approbztion.
1683 3320 1791 3356 Here
1814 3318 1846 3355 it
1868 3317 1899 3354 is
1924 3329 1957 3353 aa

171 3384 192 3408 a
211 3372 337 3421 piblic
356 3373 534 3422 meeting‚
555 3375 595 3410 in
615 3374 730 3424 praise
748 3376 792 3412 of
805 3388 875 3424 any
895 3375 1022 3424 person
1094 3386 1234 3424 panegy
1236 3372 1289 3410 ric
1304 3374 1414 3410 made
1431 3381 1473 3409 to
1502 3371 1743 3410 Constantine
1763 3370 1827 3408 the
1844 3377 1946 3419 great
1964 3386 1967 3388 ·

171 3425 360 3473 deserving
378 3427 462 3464 well
483 3427 527 3463 of
539 3428 603 3464 the
623 3427 762 3476 public,
785 3427 952 3465 wherein
971 3427 1022 3464 all
1095 3428 1140 3476 by
1160 3439 1207 3463 an
1225 3424 1420 3462 uncertain
1440 3424 1589 3471 author,
1608 3425 1729 3463 andis
1752 3423 1826 3461 still
1843 3432 1881 3460 to
1900 3423 1945 3459 be

168 3475 230 3513 his
261 3478 398 3516 virtues
419 3481 488 3516 and
511 3493 570 3516 no
562 3481 619 3517 le
639 3480 963 3517 atchievements
963 3493 1023 3517 are
1094 3480 1179 3516 seen
1205 3478 1247 3517 in
1277 3478 1343 3517 the
1361 3478 1512 3518 volume
1540 3479 1585 3518 of
1611 3477 1677 3517 the
1703 3478 1765 3516 ord
1782 3488 1944 3528 panegy-

170 3528 211 3566 in
231 3542 251 3567 a
269 3530 375 3569 florid
392 3532 477 3570 stile
503 3531 673 3571 summed
699 3547 748 3584 up
767 3542 806 3571 to
837 3533 898 3572 his
923 3540 1024 3582 great
1093 3533 1177 3572 ries.

1862 3629 1959 3678 ad}-
