<?xml version="1.0" encoding="UTF-8"?>
<!DOCTYPE html PUBLIC "-//W3C//DTD XHTML 1.0 Transitional//EN"
    "http://www.w3.org/TR/xhtml1/DTD/xhtml1-transitional.dtd">
<html xmlns="http://www.w3.org/1999/xhtml" xml:lang="en" lang="en">
 <head>
  <title>
</title>
<meta http-equiv="Content-Type" content="text/html;charset=utf-8" />
  <meta name='ocr-system' content='tesseract 3.04.00' />
  <meta name='ocr-capabilities' content='ocr_page ocr_carea ocr_par ocr_line ocrx_word'/>
</head>
<body>
  <div class='ocr_page' id='page_1' title='image "./rerumscoticarumh01buch_0575.png"; bbox 0 0 2010 3851; ppageno 0'>
   <div class='ocr_carea' id='block_1_1' title="bbox 431 165 1871 242">
    <p class='ocr_par' dir='ltr' id='par_1_1' title="bbox 431 165 1871 242">
     <span class='ocr_line' id='line_1_1' title="bbox 431 165 1871 242; baseline -0.009 -6"><span class='ocrx_word' id='word_1_1' title='bbox 431 172 727 236; x_wconf 74' lang='lat' dir='ltr'>Lissna</span> <span class='ocrx_word' id='word_1_2' title='bbox 807 165 1599 232; x_wconf 64' lang='lat' dir='ltr'>DucimusNoNUS.</span> <span class='ocrx_word' id='word_1_3' title='bbox 1736 179 1871 242; x_wconf 75' lang='lat'>557</span> 
     </span>
    </p>
   </div>
   <div class='ocr_carea' id='block_1_2' title="bbox 97 256 1926 3633">
    <p class='ocr_par' dir='ltr' id='par_1_2' title="bbox 97 256 1883 777">
     <span class='ocr_line' id='line_1_2' title="bbox 103 256 1872 328; baseline -0.011 -6"><span class='ocrx_word' id='word_1_4' title='bbox 103 285 257 328; x_wconf 71' lang='lat' dir='ltr'>autem</span> <span class='ocrx_word' id='word_1_5' title='bbox 282 271 412 320; x_wconf 83' lang='lat' dir='ltr'>aliter</span> <span class='ocrx_word' id='word_1_6' title='bbox 434 270 489 313; x_wconf 88' lang='lat' dir='ltr'>de</span> <span class='ocrx_word' id='word_1_7' title='bbox 511 284 565 313; x_wconf 89' lang='lat' dir='ltr'>eo</span> <span class='ocrx_word' id='word_1_8' title='bbox 589 266 900 318; x_wconf 80' lang='lat' dir='ltr'><strong>sentientibus,</strong></span> <span class='ocrx_word' id='word_1_9' title='bbox 930 281 1081 311; x_wconf 81' lang='lat' dir='ltr'>tamen</span> <span class='ocrx_word' id='word_1_10' title='bbox 1102 263 1151 309; x_wconf 84' lang='lat' dir='ltr'>in</span> <span class='ocrx_word' id='word_1_11' title='bbox 1174 259 1418 325; x_wconf 84' lang='lat' dir='ltr'>quaestione</span> <span class='ocrx_word' id='word_1_12' title='bbox 1442 277 1590 307; x_wconf 87' lang='lat' dir='ltr'>rerum</span> <span class='ocrx_word' id='word_1_13' title='bbox 1604 256 1872 319; x_wconf 82' lang='lat' dir='ltr'>capitalium</span> 
     </span>
     <span class='ocr_line' id='line_1_3' title="bbox 106 323 1874 396; baseline -0.011 -10"><span class='ocrx_word' id='word_1_14' title='bbox 106 339 316 387; x_wconf 82' lang='lat' dir='ltr'>Glascuae</span> <span class='ocrx_word' id='word_1_15' title='bbox 339 333 460 396; x_wconf 86' lang='lat' dir='ltr'>apud</span> <span class='ocrx_word' id='word_1_16' title='bbox 479 332 719 394; x_wconf 73' lang='lat' dir='ltr'>Protegem</span> <span class='ocrx_word' id='word_1_17' title='bbox 762 331 808 377; x_wconf 87' lang='lat' dir='ltr'>in</span> <span class='ocrx_word' id='word_1_18' title='bbox 842 329 1162 377; x_wconf 83' lang='lat' dir='ltr'>ferventiffima</span> <span class='ocrx_word' id='word_1_19' title='bbox 1201 340 1297 372; x_wconf 86' lang='lat' dir='ltr'>erat</span> <span class='ocrx_word' id='word_1_20' title='bbox 1317 323 1478 387; x_wconf 85' lang='lat' dir='ltr'>gratia.</span> <span class='ocrx_word' id='word_1_21' title='bbox 1548 326 1724 370; x_wconf 87' lang='lat' dir='ltr'>Verum</span> <span class='ocrx_word' id='word_1_22' title='bbox 1764 336 1874 369; x_wconf 83' lang='lat' dir='ltr'>cum</span> 
     </span>
     <span class='ocr_line' id='line_1_4' title="bbox 106 387 1876 459; baseline -0.011 -10"><span class='ocrx_word' id='word_1_23' title='bbox 106 420 201 449; x_wconf 87' lang='lat' dir='ltr'>rem</span> <span class='ocrx_word' id='word_1_24' title='bbox 228 403 283 448; x_wconf 85' lang='lat' dir='ltr'>ad</span> <span class='ocrx_word' id='word_1_25' title='bbox 304 410 532 446; x_wconf 86' lang='lat' dir='ltr'>certamen</span> <span class='ocrx_word' id='word_1_26' title='bbox 556 397 750 459; x_wconf 47' lang='lat' dir='ltr'>spectare</span> <span class='ocrx_word' id='word_1_27' title='bbox 769 396 960 449; x_wconf 88' lang='lat' dir='ltr'>videret,</span> <span class='ocrx_word' id='word_1_28' title='bbox 985 393 1102 439; x_wconf 89' lang='lat' dir='ltr'>clam</span> <span class='ocrx_word' id='word_1_29' title='bbox 1125 392 1182 438; x_wconf 90' lang='lat' dir='ltr'>ad</span> <span class='ocrx_word' id='word_1_30' title='bbox 1205 389 1430 453; x_wconf 79' lang='lat' dir='ltr'>Reginam</span> <span class='ocrx_word' id='word_1_31' title='bbox 1445 391 1505 434; x_wconf 81' lang='lat' dir='ltr'>est</span> <span class='ocrx_word' id='word_1_32' title='bbox 1527 388 1771 449; x_wconf 66' lang='lat' dir='ltr'>profectus.</span> <span class='ocrx_word' id='word_1_33' title='bbox 1795 387 1876 431; x_wconf 85' lang='lat' dir='ltr'>In·</span> 
     </span>
     <span class='ocr_line' id='line_1_5' title="bbox 107 450 1877 517; baseline -0.011 -4"><span class='ocrx_word' id='word_1_34' title='bbox 107 469 166 517; x_wconf 90' lang='lat' dir='ltr'>de</span> <span class='ocrx_word' id='word_1_35' title='bbox 190 478 336 511; x_wconf 81' lang='lat' dir='ltr'>autem</span> <span class='ocrx_word' id='word_1_36' title='bbox 361 477 465 506; x_wconf 88' lang='lat' dir='ltr'>cum</span> <span class='ocrx_word' id='word_1_37' title='bbox 509 460 650 506; x_wconf 87' lang='lat' dir='ltr'>literis</span> <span class='ocrx_word' id='word_1_38' title='bbox 675 460 816 505; x_wconf 85' lang='lat' dir='ltr'>filium</span> <span class='ocrx_word' id='word_1_39' title='bbox 842 461 899 505; x_wconf 89' lang='lat' dir='ltr'>ad</span> <span class='ocrx_word' id='word_1_40' title='bbox 938 457 1170 504; x_wconf 79' lang='lat' dir='ltr'>Comitem</span> <span class='ocrx_word' id='word_1_41' title='bbox 1198 452 1484 501; x_wconf 88' lang='lat' dir='ltr'>Mortonium</span> <span class='ocrx_word' id='word_1_42' title='bbox 1507 452 1639 503; x_wconf 76' lang='lat' dir='ltr'>misit,</span> <span class='ocrx_word' id='word_1_43' title='bbox 1663 450 1877 496; x_wconf 82' lang='lat' dir='ltr'>excusans</span> 
     </span>
     <span class='ocr_line' id='line_1_6' title="bbox 105 513 1879 586; baseline -0.01 -8"><span class='ocrx_word' id='word_1_44' title='bbox 105 531 218 577; x_wconf 75' lang='lat' dir='ltr'>disc(</span> <span class='ocrx_word' id='word_1_45' title='bbox 232 529 354 580; x_wconf 56' lang='lat' dir='ltr'>(Tum,</span> <span class='ocrx_word' id='word_1_46' title='bbox 381 539 516 586; x_wconf 83' lang='lat' dir='ltr'>atque</span> <span class='ocrx_word' id='word_1_47' title='bbox 542 526 765 570; x_wconf 77' lang='lat' dir='ltr'>affirmans</span> <span class='ocrx_word' id='word_1_48' title='bbox 789 523 830 569; x_wconf 87' lang='lat' dir='ltr'>se</span> <span class='ocrx_word' id='word_1_49' title='bbox 854 524 1030 570; x_wconf 80' lang='lat' dir='ltr'>fortasse</span> <span class='ocrx_word' id='word_1_50' title='bbox 1047 539 1135 567; x_wconf 86' lang='lat' dir='ltr'>non</span> <span class='ocrx_word' id='word_1_51' title='bbox 1151 520 1301 566; x_wconf 84' lang='lat' dir='ltr'>minus</span> <span class='ocrx_word' id='word_1_52' title='bbox 1318 518 1523 581; x_wconf 85' lang='lat' dir='ltr'>partibus</span> <span class='ocrx_word' id='word_1_53' title='bbox 1536 515 1694 576; x_wconf 80' lang='lat' dir='ltr'>Regiis</span> <span class='ocrx_word' id='word_1_54' title='bbox 1718 513 1879 576; x_wconf 88' lang='lat' dir='ltr'>profu·</span> 
     </span>
     <span class='ocr_line' id='line_1_7' title="bbox 108 580 1880 652; baseline -0.009 -12"><span class='ocrx_word' id='word_1_55' title='bbox 108 607 279 646; x_wconf 87' lang='lat' dir='ltr'>turum,</span> <span class='ocrx_word' id='word_1_56' title='bbox 305 606 444 652; x_wconf 85' lang='lat' dir='ltr'>quam</span> <span class='ocrx_word' id='word_1_57' title='bbox 464 589 494 634; x_wconf 83' lang='lat' dir='ltr'>fi</span> <span class='ocrx_word' id='word_1_58' title='bbox 520 589 640 649; x_wconf 87' lang='lat' dir='ltr'>apud</span> <span class='ocrx_word' id='word_1_59' title='bbox 663 605 739 633; x_wconf 76' lang='lat' dir='ltr'>eos</span> <span class='ocrx_word' id='word_1_60' title='bbox 766 587 997 633; x_wconf 80' lang='lat' dir='ltr'>mansisset.</span> <span class='ocrx_word' id='word_1_61' title='bbox 1052 587 1160 646; x_wconf 86' lang='lat' dir='ltr'>Ejus</span> <span class='ocrx_word' id='word_1_62' title='bbox 1175 585 1316 648; x_wconf 83' lang='lat' dir='ltr'>igitur</span> <span class='ocrx_word' id='word_1_63' title='bbox 1333 581 1530 629; x_wconf 66' lang='lat' dir='ltr'>desefflo</span> <span class='ocrx_word' id='word_1_64' title='bbox 1555 591 1738 642; x_wconf 84' lang='lat' dir='ltr'>propter</span> <span class='ocrx_word' id='word_1_65' title='bbox 1760 580 1880 625; x_wconf 86' lang='lat' dir='ltr'>mul-</span> 
     </span>
     <span class='ocr_line' id='line_1_8' title="bbox 111 642 1883 715; baseline -0.008 -12"><span class='ocrx_word' id='word_1_66' title='bbox 111 671 259 703; x_wconf 87' lang='lat' dir='ltr'>torum</span> <span class='ocrx_word' id='word_1_67' title='bbox 285 667 554 715; x_wconf 79' lang='lat' dir='ltr'>conceptam</span> <span class='ocrx_word' id='word_1_68' title='bbox 580 654 637 698; x_wconf 92' lang='lat' dir='ltr'>de</span> <span class='ocrx_word' id='word_1_69' title='bbox 656 652 861 697; x_wconf 85' lang='lat' dir='ltr'>moribus</span> <span class='ocrx_word' id='word_1_70' title='bbox 883 650 978 712; x_wconf 84' lang='lat' dir='ltr'>ejus</span> <span class='ocrx_word' id='word_1_71' title='bbox 1001 652 1269 714; x_wconf 81' lang='lat' dir='ltr'>opinionem</span> <span class='ocrx_word' id='word_1_72' title='bbox 1293 662 1391 696; x_wconf 86' lang='lat' dir='ltr'>tum</span> <span class='ocrx_word' id='word_1_73' title='bbox 1413 645 1644 710; x_wconf 74' lang='lat' dir='ltr'>praecipue</span> <span class='ocrx_word' id='word_1_74' title='bbox 1665 642 1883 690; x_wconf 87' lang='lat' dir='ltr'>sermoni-</span> 
     </span>
     <span class='ocr_line' id='line_1_9' title="bbox 97 716 1463 777; baseline -0.009 -10"><span class='ocrx_word' id='word_1_75' title='bbox 97 719 195 767; x_wconf 56' lang='lat' dir='ltr'>“bus</span> <span class='ocrx_word' id='word_1_76' title='bbox 220 718 460 777; x_wconf 26' lang='lat' dir='ltr'>hominu-m</span> <span class='ocrx_word' id='word_1_77' title='bbox 485 717 624 762; x_wconf 85' lang='lat' dir='ltr'>dabat</span> <span class='ocrx_word' id='word_1_78' title='bbox 647 716 899 762; x_wconf 83' lang='lat' dir='ltr'><strong>materiam.</strong></span> <span class='ocrx_word' id='word_1_79' title='bbox 1461 743 1463 745; x_wconf 92' lang='lat'>-</span> 
     </span>
    </p>

    <p class='ocr_par' dir='ltr' id='par_1_3' title="bbox 108 772 1901 2056">
     <span class='ocr_line' id='line_1_10' title="bbox 174 772 1888 843; baseline -0.008 -11"><span class='ocrx_word' id='word_1_80' title='bbox 174 786 312 832; x_wconf 87' lang='lat' dir='ltr'>VIII.</span> <span class='ocrx_word' id='word_1_81' title='bbox 349 784 530 828; x_wconf 83' lang='lat' dir='ltr'>Interea</span> <span class='ocrx_word' id='word_1_82' title='bbox 551 782 597 827; x_wconf 87' lang='lat' dir='ltr'>in</span> <span class='ocrx_word' id='word_1_83' title='bbox 620 780 809 826; x_wconf 82' lang='lat' dir='ltr'>consilio</span> <span class='ocrx_word' id='word_1_84' title='bbox 843 779 966 841; x_wconf 85' lang='lat' dir='ltr'>apud</span> <span class='ocrx_word' id='word_1_85' title='bbox 1004 781 1250 843; x_wconf 84' lang='lat' dir='ltr'>Proregem</span> <span class='ocrx_word' id='word_1_86' title='bbox 1285 777 1448 825; x_wconf 90' lang='lat' dir='ltr'>acriter</span> <span class='ocrx_word' id='word_1_87' title='bbox 1468 775 1765 837; x_wconf 86' lang='lat' dir='ltr'>disputatum,</span> <span class='ocrx_word' id='word_1_88' title='bbox 1789 772 1888 819; x_wconf 78' lang='lat' dir='ltr'>illie</span> 
     </span>
     <span class='ocr_line' id='line_1_11' title="bbox 108 838 1889 899; baseline -0.006 -3"><span class='ocrx_word' id='word_1_89' title='bbox 108 867 167 897; x_wconf 85' lang='lat' dir='ltr'>ne</span> <span class='ocrx_word' id='word_1_90' title='bbox 193 860 444 899; x_wconf 84' lang='lat' dir='ltr'>manerent,</span> <span class='ocrx_word' id='word_1_91' title='bbox 469 863 524 891; x_wconf 82' lang='lat' dir='ltr'>an</span> <span class='ocrx_word' id='word_1_92' title='bbox 552 845 628 892; x_wconf 88' lang='lat' dir='ltr'>ubi</span> <span class='ocrx_word' id='word_1_93' title='bbox 652 846 753 892; x_wconf 90' lang='lat' dir='ltr'>Rex</span> <span class='ocrx_word' id='word_1_94' title='bbox 777 857 889 899; x_wconf 89' lang='lat' dir='ltr'>erat,</span> <span class='ocrx_word' id='word_1_95' title='bbox 916 844 1164 890; x_wconf 81' lang='lat' dir='ltr'>Sterlinurn</span> <span class='ocrx_word' id='word_1_96' title='bbox 1189 845 1440 890; x_wconf 76' lang='lat' dir='ltr'>transirent.</span> <span class='ocrx_word' id='word_1_97' title='bbox 1475 839 1619 886; x_wconf 81' lang='lat' dir='ltr'>Multi</span> <span class='ocrx_word' id='word_1_98' title='bbox 1642 838 1889 885; x_wconf 81' lang='lat' dir='ltr'>vehemen-</span> 
     </span>
     <span class='ocr_line' id='line_1_12' title="bbox 108 904 1901 965; baseline -0.007 -5"><span class='ocrx_word' id='word_1_99' title='bbox 108 926 179 960; x_wconf 85' lang='lat' dir='ltr'>ter</span> <span class='ocrx_word' id='word_1_100' title='bbox 199 913 331 959; x_wconf 84' lang='lat' dir='ltr'>illinc</span> <span class='ocrx_word' id='word_1_101' title='bbox 353 911 581 957; x_wconf 80' lang='lat' dir='ltr'><strong>discedere</strong></span> <span class='ocrx_word' id='word_1_102' title='bbox 607 910 869 956; x_wconf 70' lang='lat' dir='ltr'>suadebant.</span> <span class='ocrx_word' id='word_1_103' title='bbox 940 909 1404 954; x_wconf 77' lang='lat' dir='ltr'>Corn-memorabatur</span> <span class='ocrx_word' id='word_1_104' title='bbox 1425 904 1771 955; x_wconf 79' lang='lat' dir='ltr'>Hamiltonium</span> <span class='ocrx_word' id='word_1_105' title='bbox 1806 912 1901 965; x_wconf 59' lang='lat' dir='ltr'>pat</span> 
     </span>
     <span class='ocr_line' id='line_1_13' title="bbox 109 969 1891 1041; baseline -0.006 -16"><span class='ocrx_word' id='word_1_106' title='bbox 109 996 196 1041; x_wconf 84' lang='lat' dir='ltr'>gus</span> <span class='ocrx_word' id='word_1_107' title='bbox 222 978 433 1040; x_wconf 80' lang='lat' dir='ltr'>frequens</span> <span class='ocrx_word' id='word_1_108' title='bbox 457 977 502 1020; x_wconf 90' lang='lat' dir='ltr'>in</span> <span class='ocrx_word' id='word_1_109' title='bbox 529 975 806 1037; x_wconf 88' lang='lat' dir='ltr'>propinquo,</span> <span class='ocrx_word' id='word_1_110' title='bbox 834 978 881 1022; x_wconf 72' lang='grc' dir='ltr'>δε</span> <span class='ocrx_word' id='word_1_111' title='bbox 906 973 1045 1020; x_wconf 87' lang='lat' dir='ltr'>totius</span> <span class='ocrx_word' id='word_1_112' title='bbox 1065 972 1345 1035; x_wconf 82' lang='lat' dir='ltr'>amplissimae</span> <span class='ocrx_word' id='word_1_113' title='bbox 1360 971 1547 1018; x_wconf 81' lang='lat' dir='ltr'>familiae</span> <span class='ocrx_word' id='word_1_114' title='bbox 1560 969 1784 1020; x_wconf 68' lang='lat' dir='ltr'>clienoelae</span> <span class='ocrx_word' id='word_1_115' title='bbox 1806 985 1891 1014; x_wconf 87' lang='lat' dir='ltr'>un-</span> 
     </span>
     <span class='ocr_line' id='line_1_14' title="bbox 111 1031 1893 1104; baseline -0.006 -15"><span class='ocrx_word' id='word_1_116' title='bbox 111 1043 254 1104; x_wconf 81' lang='lat' dir='ltr'>dique</span> <span class='ocrx_word' id='word_1_117' title='bbox 277 1040 576 1093; x_wconf 70' lang='lat' dir='ltr'>CerUfflsUs-f,</span> <span class='ocrx_word' id='word_1_118' title='bbox 624 1046 663 1085; x_wconf 70' lang='grc' dir='ltr'>δε</span> <span class='ocrx_word' id='word_1_119' title='bbox 708 1040 984 1084; x_wconf 80' lang='lat' dir='ltr'>advenerant</span> <span class='ocrx_word' id='word_1_120' title='bbox 1006 1054 1112 1084; x_wconf 91' lang='lat' dir='ltr'>cum</span> <span class='ocrx_word' id='word_1_121' title='bbox 1137 1037 1317 1100; x_wconf 76' lang='lat' dir='ltr'>Regina</span> <span class='ocrx_word' id='word_1_122' title='bbox 1355 1036 1536 1084; x_wconf 77' lang='lat' dir='ltr'>circiter</span> <span class='ocrx_word' id='word_1_123' title='bbox 1574 1031 1820 1097; x_wconf 78' lang='lat' dir='ltr'>quingenti</span> <span class='ocrx_word' id='word_1_124' title='bbox 1841 1049 1893 1079; x_wconf 91' lang='lat' dir='ltr'>e-</span> 
     </span>
     <span class='ocr_line' id='line_1_15' title="bbox 111 1098 1892 1170; baseline -0.006 -14"><span class='ocrx_word' id='word_1_125' title='bbox 111 1109 280 1170; x_wconf 67' lang='lat' dir='ltr'>quiteS,</span> <span class='ocrx_word' id='word_1_126' title='bbox 299 1112 340 1155; x_wconf 62' lang='grc' dir='ltr'>ἃ</span> <span class='ocrx_word' id='word_1_127' title='bbox 366 1106 389 1152; x_wconf 76' lang='grc' dir='ltr'>ὲ</span> <span class='ocrx_word' id='word_1_128' title='bbox 407 1103 727 1151; x_wconf 81' lang='lat' dir='ltr'>remotioribus</span> <span class='ocrx_word' id='word_1_129' title='bbox 751 1104 1013 1149; x_wconf 85' lang='lat' dir='ltr'>etiamlocis</span> <span class='ocrx_word' id='word_1_130' title='bbox 1031 1103 1162 1148; x_wconf 84' lang='lat' dir='ltr'>multi</span> <span class='ocrx_word' id='word_1_131' title='bbox 1184 1103 1427 1148; x_wconf 87' lang='lat' dir='ltr'>adventare</span> <span class='ocrx_word' id='word_1_132' title='bbox 1447 1101 1733 1146; x_wconf 79' lang='lat' dir='ltr'>dicebantur.</span> <span class='ocrx_word' id='word_1_133' title='bbox 1766 1098 1892 1145; x_wconf 83' lang='lat' dir='ltr'>Cum</span> 
     </span>
     <span class='ocr_line' id='line_1_16' title="bbox 111 1162 1892 1233; baseline -0.004 -17"><span class='ocrx_word' id='word_1_134' title='bbox 111 1171 311 1233; x_wconf 78' lang='lat' dir='ltr'>Prorege</span> <span class='ocrx_word' id='word_1_135' title='bbox 336 1170 412 1215; x_wconf 68' lang='lat' dir='ltr'>soli</span> <span class='ocrx_word' id='word_1_136' title='bbox 457 1185 599 1231; x_wconf 83' lang='lat' dir='ltr'>prope</span> <span class='ocrx_word' id='word_1_137' title='bbox 622 1169 887 1221; x_wconf 80' lang='lat' dir='ltr'>familiares,</span> <span class='ocrx_word' id='word_1_138' title='bbox 914 1168 1090 1213; x_wconf 78' lang='lat' dir='ltr'>caeteris</span> <span class='ocrx_word' id='word_1_139' title='bbox 1113 1167 1279 1229; x_wconf 85' lang='lat' dir='ltr'>partim</span> <span class='ocrx_word' id='word_1_140' title='bbox 1302 1167 1361 1212; x_wconf 89' lang='lat' dir='ltr'>ad</span> <span class='ocrx_word' id='word_1_141' title='bbox 1383 1167 1610 1228; x_wconf 83' lang='lat' dir='ltr'>Reginam</span> <span class='ocrx_word' id='word_1_142' title='bbox 1629 1162 1892 1228; x_wconf 83' lang='lat' dir='ltr'>transfugis,</span> 
     </span>
     <span class='ocr_line' id='line_1_17' title="bbox 109 1227 1894 1298; baseline -0.004 -17"><span class='ocrx_word' id='word_1_143' title='bbox 109 1236 281 1298; x_wconf 86' lang='lat' dir='ltr'>partim</span> <span class='ocrx_word' id='word_1_144' title='bbox 308 1235 365 1281; x_wconf 88' lang='lat' dir='ltr'>ad</span> <span class='ocrx_word' id='word_1_145' title='bbox 384 1234 460 1280; x_wconf 80' lang='lat' dir='ltr'>sua</span> <span class='ocrx_word' id='word_1_146' title='bbox 479 1233 693 1296; x_wconf 77' lang='lat' dir='ltr'>cujusque</span> <span class='ocrx_word' id='word_1_147' title='bbox 710 1234 911 1295; x_wconf 83' lang='lat' dir='ltr'>negotia,</span> <span class='ocrx_word' id='word_1_148' title='bbox 938 1234 1050 1278; x_wconf 88' lang='lat' dir='ltr'>utin</span> <span class='ocrx_word' id='word_1_149' title='bbox 1076 1233 1209 1278; x_wconf 86' lang='lat' dir='ltr'>rebus</span> <span class='ocrx_word' id='word_1_150' title='bbox 1234 1231 1432 1276; x_wconf 83' lang='lat' dir='ltr'>maxime</span> <span class='ocrx_word' id='word_1_151' title='bbox 1452 1227 1712 1291; x_wconf 70' lang='lat' dir='ltr'>tranquillis</span> <span class='ocrx_word' id='word_1_152' title='bbox 1734 1227 1894 1274; x_wconf 78' lang='lat' dir='ltr'>sensim</span> 
     </span>
     <span class='ocr_line' id='line_1_18' title="bbox 112 1293 1895 1362; baseline -0.004 -16"><span class='ocrx_word' id='word_1_153' title='bbox 112 1300 315 1362; x_wconf 84' lang='lat' dir='ltr'>dilapfis.</span> <span class='ocrx_word' id='word_1_154' title='bbox 387 1301 443 1345; x_wconf 75' lang='lat' dir='ltr'>Et</span> <span class='ocrx_word' id='word_1_155' title='bbox 464 1314 726 1360; x_wconf 79' lang='lat' dir='ltr'>quanquam</span> <span class='ocrx_word' id='word_1_156' title='bbox 769 1297 1063 1343; x_wconf 76' lang='lat' dir='ltr'>Glascuenses</span> <span class='ocrx_word' id='word_1_157' title='bbox 1086 1296 1187 1343; x_wconf 76' lang='lat' dir='ltr'>satis</span> <span class='ocrx_word' id='word_1_158' title='bbox 1211 1294 1289 1342; x_wconf 86' lang='lat' dir='ltr'>fidi</span> <span class='ocrx_word' id='word_1_159' title='bbox 1313 1295 1602 1347; x_wconf 77' lang='lat' dir='ltr'>videbantur,</span> <span class='ocrx_word' id='word_1_160' title='bbox 1629 1306 1679 1339; x_wconf 86' lang='lat' dir='ltr'>ut</span> <span class='ocrx_word' id='word_1_161' title='bbox 1712 1293 1770 1338; x_wconf 84' lang='lat' dir='ltr'>ab</span> <span class='ocrx_word' id='word_1_162' title='bbox 1793 1293 1895 1339; x_wconf 84' lang='lat' dir='ltr'>Ha·</span> 
     </span>
     <span class='ocr_line' id='line_1_19' title="bbox 111 1358 1896 1424; baseline -0.004 -13"><span class='ocrx_word' id='word_1_163' title='bbox 111 1364 339 1411; x_wconf 84' lang='lat' dir='ltr'>miltoniis</span> <span class='ocrx_word' id='word_1_164' title='bbox 363 1379 513 1409; x_wconf 87' lang='lat' dir='ltr'>rerum</span> <span class='ocrx_word' id='word_1_165' title='bbox 540 1362 821 1424; x_wconf 85' lang='lat' dir='ltr'>potientibus</span> <span class='ocrx_word' id='word_1_166' title='bbox 841 1362 1016 1415; x_wconf 84' lang='lat' dir='ltr'>multis,</span> <span class='ocrx_word' id='word_1_167' title='bbox 1041 1368 1081 1408; x_wconf 67' lang='grc' dir='ltr'>ἃς</span> <span class='ocrx_word' id='word_1_168' title='bbox 1109 1360 1284 1424; x_wconf 81' lang='lat' dir='ltr'>magnis</span> <span class='ocrx_word' id='word_1_169' title='bbox 1306 1359 1616 1406; x_wconf 85' lang='lat' dir='ltr'>incommodis</span> <span class='ocrx_word' id='word_1_170' title='bbox 1637 1358 1804 1413; x_wconf 74' lang='lat' dir='ltr'>affecti,</span> <span class='ocrx_word' id='word_1_171' title='bbox 1825 1370 1896 1405; x_wconf 86' lang='lat' dir='ltr'>ta-</span> 
     </span>
     <span class='ocr_line' id='line_1_20' title="bbox 115 1423 1895 1493; baseline -0.004 -17"><span class='ocrx_word' id='word_1_172' title='bbox 115 1446 223 1476; x_wconf 85' lang='lat' dir='ltr'>men</span> <span class='ocrx_word' id='word_1_173' title='bbox 246 1428 474 1493; x_wconf 87' lang='lat' dir='ltr'>oppidum</span> <span class='ocrx_word' id='word_1_174' title='bbox 497 1427 641 1489; x_wconf 83' lang='lat' dir='ltr'>ipsum</span> <span class='ocrx_word' id='word_1_175' title='bbox 669 1428 854 1480; x_wconf 86' lang='lat' dir='ltr'>vastum,</span> <span class='ocrx_word' id='word_1_176' title='bbox 881 1442 964 1471; x_wconf 86' lang='lat' dir='ltr'>nec</span> <span class='ocrx_word' id='word_1_177' title='bbox 987 1442 1071 1487; x_wconf 84' lang='lat' dir='ltr'>pro</span> <span class='ocrx_word' id='word_1_178' title='bbox 1095 1425 1412 1489; x_wconf 80' lang='lat' dir='ltr'>magnitudine</span> <span class='ocrx_word' id='word_1_179' title='bbox 1435 1424 1667 1486; x_wconf 85' lang='lat' dir='ltr'>frequens,</span> <span class='ocrx_word' id='word_1_180' title='bbox 1693 1430 1732 1470; x_wconf 77' lang='lat' dir='ltr'>&lt;Sc</span> <span class='ocrx_word' id='word_1_181' title='bbox 1757 1423 1895 1470; x_wconf 79' lang='lat' dir='ltr'>undi-</span> 
     </span>
     <span class='ocr_line' id='line_1_21' title="bbox 116 1488 1894 1556; baseline -0.004 -16"><span class='ocrx_word' id='word_1_182' title='bbox 116 1511 207 1556; x_wconf 90' lang='lat' dir='ltr'>que</span> <span class='ocrx_word' id='word_1_183' title='bbox 231 1494 438 1555; x_wconf 86' lang='lat' dir='ltr'>pervium</span> <span class='ocrx_word' id='word_1_184' title='bbox 460 1505 570 1542; x_wconf 77' lang='lat' dir='ltr'>erat.</span> <span class='ocrx_word' id='word_1_185' title='bbox 621 1492 797 1537; x_wconf 85' lang='lat' dir='ltr'>Contra</span> <span class='ocrx_word' id='word_1_186' title='bbox 819 1490 898 1536; x_wconf 71' lang='lat' dir='ltr'>alii</span> <span class='ocrx_word' id='word_1_187' title='bbox 917 1490 1204 1545; x_wconf 69' lang='lat' dir='ltr'>disserebant,</span> <span class='ocrx_word' id='word_1_188' title='bbox 1230 1490 1385 1535; x_wconf 90' lang='lat' dir='ltr'>omnia</span> <span class='ocrx_word' id='word_1_189' title='bbox 1404 1489 1497 1534; x_wconf 88' lang='lat' dir='ltr'>fere</span> <span class='ocrx_word' id='word_1_190' title='bbox 1521 1491 1545 1534; x_wconf 80' lang='grc' dir='ltr'>ἐ</span> <span class='ocrx_word' id='word_1_191' title='bbox 1569 1488 1727 1549; x_wconf 86' lang='lat' dir='ltr'>primis</span> <span class='ocrx_word' id='word_1_192' title='bbox 1748 1488 1894 1534; x_wconf 84' lang='lat' dir='ltr'>initiis</span> 
     </span>
     <span class='ocr_line' id='line_1_22' title="bbox 114 1552 1892 1621; baseline -0.003 -17"><span class='ocrx_word' id='word_1_193' title='bbox 114 1559 332 1621; x_wconf 87' lang='lat' dir='ltr'>pendere.</span> <span class='ocrx_word' id='word_1_194' title='bbox 403 1557 654 1607; x_wconf 82' lang='lat' dir='ltr'>Discess&#39;um</span> <span class='ocrx_word' id='word_1_195' title='bbox 695 1555 793 1601; x_wconf 88' lang='lat' dir='ltr'>fore</span> <span class='ocrx_word' id='word_1_196' title='bbox 815 1555 1059 1610; x_wconf 86' lang='lat' dir='ltr'>infamem,</span> <span class='ocrx_word' id='word_1_197' title='bbox 1084 1561 1122 1601; x_wconf 69' lang='grc' dir='ltr'>δε</span> <span class='ocrx_word' id='word_1_198' title='bbox 1144 1555 1266 1619; x_wconf 64' lang='lat' dir='ltr'>fugae</span> <span class='ocrx_word' id='word_1_199' title='bbox 1290 1555 1572 1616; x_wconf 86' lang='lat' dir='ltr'>proximum,</span> <span class='ocrx_word' id='word_1_200' title='bbox 1600 1552 1892 1615; x_wconf 69' lang='lat' dir='ltr'>suspitionem</span> 
     </span>
     <span class='ocr_line' id='line_1_23' title="bbox 116 1617 1894 1680; baseline -0.003 -11"><span class='ocrx_word' id='word_1_201' title='bbox 116 1639 304 1669; x_wconf 85' lang='lat' dir='ltr'>omnem</span> <span class='ocrx_word' id='word_1_202' title='bbox 326 1635 470 1668; x_wconf 88' lang='lat' dir='ltr'>metus</span> <span class='ocrx_word' id='word_1_203' title='bbox 492 1633 590 1666; x_wconf 88' lang='lat' dir='ltr'>tum</span> <span class='ocrx_word' id='word_1_204' title='bbox 611 1619 808 1666; x_wconf 83' lang='lat' dir='ltr'>maxime</span> <span class='ocrx_word' id='word_1_205' title='bbox 833 1619 1082 1672; x_wconf 82' lang='lat' dir='ltr'>vitandam,</span> <span class='ocrx_word' id='word_1_206' title='bbox 1103 1637 1160 1665; x_wconf 87' lang='lat' dir='ltr'>ne</span> <span class='ocrx_word' id='word_1_207' title='bbox 1183 1624 1230 1669; x_wconf 66' lang='grc' dir='ltr'>ὃς</span> <span class='ocrx_word' id='word_1_208' title='bbox 1249 1618 1444 1665; x_wconf 83' lang='lat' dir='ltr'>hostium</span> <span class='ocrx_word' id='word_1_209' title='bbox 1465 1617 1640 1664; x_wconf 88' lang='lat' dir='ltr'>animos</span> <span class='ocrx_word' id='word_1_210' title='bbox 1654 1630 1894 1680; x_wconf 78' lang='lat' dir='ltr'>augerent,</span> 
     </span>
     <span class='ocr_line' id='line_1_24' title="bbox 118 1682 1896 1748; baseline -0.003 -16"><span class='ocrx_word' id='word_1_211' title='bbox 118 1693 159 1732; x_wconf 73' lang='grc' dir='ltr'>δε</span> <span class='ocrx_word' id='word_1_212' title='bbox 183 1687 362 1733; x_wconf 86' lang='lat' dir='ltr'>suorum</span> <span class='ocrx_word' id='word_1_213' title='bbox 386 1686 732 1739; x_wconf 83' lang='lat' dir='ltr'>imminuerent,</span> <span class='ocrx_word' id='word_1_214' title='bbox 772 1685 857 1730; x_wconf 80' lang='lat' dir='ltr'>effe</span> <span class='ocrx_word' id='word_1_215' title='bbox 878 1684 926 1730; x_wconf 85' lang='lat' dir='ltr'>in</span> <span class='ocrx_word' id='word_1_216' title='bbox 952 1684 1213 1748; x_wconf 85' lang='lat' dir='ltr'>propinquo</span> <span class='ocrx_word' id='word_1_217' title='bbox 1235 1695 1444 1746; x_wconf 84' lang='lat' dir='ltr'>potentes</span> <span class='ocrx_word' id='word_1_218' title='bbox 1468 1683 1666 1729; x_wconf 78' lang='lat' dir='ltr'>familias</span> <span class='ocrx_word' id='word_1_219' title='bbox 1686 1682 1896 1745; x_wconf 75' lang='lat' dir='ltr'>Coniga-</span> 
     </span>
     <span class='ocr_line' id='line_1_25' title="bbox 116 1747 1898 1812; baseline -0.002 -16"><span class='ocrx_word' id='word_1_220' title='bbox 116 1751 336 1804; x_wconf 85' lang='lat' dir='ltr'>miorum,</span> <span class='ocrx_word' id='word_1_221' title='bbox 358 1757 397 1798; x_wconf 75' lang='grc' dir='ltr'>δε</span> <span class='ocrx_word' id='word_1_222' title='bbox 424 1750 733 1812; x_wconf 87' lang='lat' dir='ltr'>Sempliorum</span> <span class='ocrx_word' id='word_1_223' title='bbox 753 1768 767 1794; x_wconf 87' lang='lat'>:</span> <span class='ocrx_word' id='word_1_224' title='bbox 799 1751 883 1800; x_wconf 82' lang='lat' dir='ltr'>effe</span> <span class='ocrx_word' id='word_1_225' title='bbox 899 1750 955 1795; x_wconf 85' lang='lat' dir='ltr'>ab</span> <span class='ocrx_word' id='word_1_226' title='bbox 978 1750 1118 1796; x_wconf 83' lang='lat' dir='ltr'>altera</span> <span class='ocrx_word' id='word_1_227' title='bbox 1142 1760 1268 1812; x_wconf 87' lang='lat' dir='ltr'>parte</span> <span class='ocrx_word' id='word_1_228' title='bbox 1292 1748 1533 1794; x_wconf 85' lang='lat' dir='ltr'>Leviniam</span> <span class='ocrx_word' id='word_1_229' title='bbox 1558 1747 1703 1810; x_wconf 85' lang='lat' dir='ltr'>Regis</span> <span class='ocrx_word' id='word_1_230' title='bbox 1723 1747 1898 1809; x_wconf 84' lang='lat' dir='ltr'>peculi-</span> 
     </span>
     <span class='ocr_line' id='line_1_26' title="bbox 119 1813 1900 1878; baseline -0.002 -16"><span class='ocrx_word' id='word_1_231' title='bbox 119 1832 194 1862; x_wconf 86' lang='lat' dir='ltr'>are</span> <span class='ocrx_word' id='word_1_232' title='bbox 222 1816 551 1876; x_wconf 84' lang='lat' dir='ltr'>patrimonium</span> <span class='ocrx_word' id='word_1_233' title='bbox 578 1833 588 1862; x_wconf 86' lang='lat'>:</span> <span class='ocrx_word' id='word_1_234' title='bbox 626 1815 732 1860; x_wconf 86' lang='lat' dir='ltr'>inde</span> <span class='ocrx_word' id='word_1_235' title='bbox 756 1815 992 1878; x_wconf 86' lang='lat' dir='ltr'>proximos</span> <span class='ocrx_word' id='word_1_236' title='bbox 1015 1815 1135 1861; x_wconf 81' lang='lat' dir='ltr'>intra</span> <span class='ocrx_word' id='word_1_237' title='bbox 1159 1830 1324 1877; x_wconf 77' lang='lat' dir='ltr'>paucas</span> <span class='ocrx_word' id='word_1_238' title='bbox 1355 1814 1508 1868; x_wconf 83' lang='lat' dir='ltr'>horas,</span> <span class='ocrx_word' id='word_1_239' title='bbox 1533 1813 1735 1875; x_wconf 86' lang='lat' dir='ltr'>reliquos</span> <span class='ocrx_word' id='word_1_240' title='bbox 1776 1813 1900 1876; x_wconf 54' lang='lat' dir='ltr'>postu</span> 
     </span>
     <span class='ocr_line' id='line_1_27' title="bbox 122 1877 1900 1941; baseline -0.002 -16"><span class='ocrx_word' id='word_1_241' title='bbox 122 1879 257 1933; x_wconf 80' lang='lat' dir='ltr'>ridie,</span> <span class='ocrx_word' id='word_1_242' title='bbox 283 1894 361 1927; x_wconf 90' lang='lat' dir='ltr'>aut</span> <span class='ocrx_word' id='word_1_243' title='bbox 382 1894 503 1926; x_wconf 85' lang='lat' dir='ltr'>certe</span> <span class='ocrx_word' id='word_1_244' title='bbox 528 1879 661 1926; x_wconf 88' lang='lat' dir='ltr'>tertio</span> <span class='ocrx_word' id='word_1_245' title='bbox 681 1879 755 1925; x_wconf 91' lang='lat' dir='ltr'>die</span> <span class='ocrx_word' id='word_1_246' title='bbox 777 1880 1014 1926; x_wconf 79' lang='lat' dir='ltr'>affuturos.</span> <span class='ocrx_word' id='word_1_247' title='bbox 1060 1884 1063 1887; x_wconf 73' lang='grc'><em>’</em></span> <span class='ocrx_word' id='word_1_248' title='bbox 1084 1881 1263 1926; x_wconf 82' lang='lat' dir='ltr'>Interea</span> <span class='ocrx_word' id='word_1_249' title='bbox 1287 1880 1396 1925; x_wconf 89' lang='lat' dir='ltr'>dum</span> <span class='ocrx_word' id='word_1_250' title='bbox 1425 1878 1748 1941; x_wconf 78' lang='lat' dir='ltr'>longinquiora</span> <span class='ocrx_word' id='word_1_251' title='bbox 1769 1877 1900 1923; x_wconf 84' lang='lat' dir='ltr'>auxi-</span> 
     </span>
     <span class='ocr_line' id='line_1_28' title="bbox 119 1942 1900 2015; baseline -0.001 -26"><span class='ocrx_word' id='word_1_252' title='bbox 119 1945 183 1990; x_wconf 85' lang='lat' dir='ltr'>lia</span> <span class='ocrx_word' id='word_1_253' title='bbox 206 1945 522 2000; x_wconf 85' lang='lat' dir='ltr'>convenirent,</span> <span class='ocrx_word' id='word_1_254' title='bbox 565 1945 614 1992; x_wconf 91' lang='lat' dir='ltr'>in</span> <span class='ocrx_word' id='word_1_255' title='bbox 641 1945 705 1992; x_wconf 85' lang='lat' dir='ltr'>his</span> <span class='ocrx_word' id='word_1_256' title='bbox 733 1945 833 1991; x_wconf 84' lang='lat' dir='ltr'>satis</span> <span class='ocrx_word' id='word_1_257' title='bbox 869 1944 1066 2015; x_wconf 62' lang='lat' dir='ltr'>praefidii</span> <span class='ocrx_word' id='word_1_258' title='bbox 1103 1945 1326 2004; x_wconf 61' lang='lat' dir='ltr'>adjunt‘tis</span> <span class='ocrx_word' id='word_1_259' title='bbox 1351 1943 1599 2006; x_wconf 75' lang='lat' dir='ltr'>praesertim</span> <span class='ocrx_word' id='word_1_260' title='bbox 1636 1942 1900 2006; x_wconf 82' lang='lat' dir='ltr'>oppidanis,</span> 
     </span>
     <span class='ocr_line' id='line_1_29' title="bbox 123 2008 238 2056; baseline 0.017 -2"><span class='ocrx_word' id='word_1_261' title='bbox 123 2008 238 2056; x_wconf 85' lang='lat' dir='ltr'>fore.</span> 
     </span>
    </p>

    <p class='ocr_par' dir='ltr' id='par_1_4' title="bbox 122 2074 1913 2522">
     <span class='ocr_line' id='line_1_30' title="bbox 150 2074 1906 2141; baseline 0.001 -22"><span class='ocrx_word' id='word_1_262' title='bbox 150 2096 152 2102; x_wconf 43' lang='lat' dir='ltr'>v</span> <span class='ocrx_word' id='word_1_263' title='bbox 187 2075 273 2120; x_wconf 85' lang='lat' dir='ltr'>IX.</span> <span class='ocrx_word' id='word_1_264' title='bbox 313 2074 431 2121; x_wconf 82' lang='lat' dir='ltr'>Haec</span> <span class='ocrx_word' id='word_1_265' title='bbox 454 2074 674 2122; x_wconf 85' lang='lat' dir='ltr'>sententia</span> <span class='ocrx_word' id='word_1_266' title='bbox 698 2075 743 2121; x_wconf 87' lang='lat' dir='ltr'>in</span> <span class='ocrx_word' id='word_1_267' title='bbox 764 2075 953 2123; x_wconf 78' lang='lat' dir='ltr'>consilio</span> <span class='ocrx_word' id='word_1_268' title='bbox 967 2075 1102 2137; x_wconf 58' lang='lat' dir='ltr'>vicit,</span> <span class='ocrx_word' id='word_1_269' title='bbox 1172 2079 1373 2141; x_wconf 79' lang='lat' dir='ltr'>Legatus</span> <span class='ocrx_word' id='word_1_270' title='bbox 1398 2077 1564 2123; x_wconf 80' lang='lat' dir='ltr'>Gallus</span> <span class='ocrx_word' id='word_1_271' title='bbox 1601 2077 1738 2131; x_wconf 79' lang='lat' dir='ltr'>ultro,</span> <span class='ocrx_word' id='word_1_272' title='bbox 1762 2075 1906 2122; x_wconf 87' lang='lat' dir='ltr'>citro-</span> 
     </span>
     <span class='ocr_line' id='line_1_31' title="bbox 122 2141 1906 2205; baseline 0.001 -20"><span class='ocrx_word' id='word_1_273' title='bbox 122 2155 213 2198; x_wconf 85' lang='lat' dir='ltr'>que</span> <span class='ocrx_word' id='word_1_274' title='bbox 233 2141 538 2194; x_wconf 83' lang='lat' dir='ltr'>commeabat,</span> <span class='ocrx_word' id='word_1_275' title='bbox 563 2141 705 2202; x_wconf 80' lang='lat' dir='ltr'>magis</span> <span class='ocrx_word' id='word_1_276' title='bbox 729 2141 1000 2202; x_wconf 78' lang='lat' dir='ltr'>speculator,</span> <span class='ocrx_word' id='word_1_277' title='bbox 1024 2159 1162 2204; x_wconf 85' lang='lat' dir='ltr'>quam</span> <span class='ocrx_word' id='word_1_278' title='bbox 1185 2142 1252 2197; x_wconf 90' lang='lat' dir='ltr'>id,</span> <span class='ocrx_word' id='word_1_279' title='bbox 1269 2142 1397 2205; x_wconf 80' lang='lat' dir='ltr'>quod</span> <span class='ocrx_word' id='word_1_280' title='bbox 1417 2142 1653 2188; x_wconf 78' lang='lat' dir='ltr'>simulabat</span> <span class='ocrx_word' id='word_1_281' title='bbox 1693 2141 1906 2202; x_wconf 85' lang='lat' dir='ltr'>pacifica·</span> 
     </span>
     <span class='ocr_line' id='line_1_32' title="bbox 124 2204 1903 2268; baseline 0.002 -19"><span class='ocrx_word' id='word_1_282' title='bbox 124 2216 211 2250; x_wconf 83' lang='lat' dir='ltr'>tor.</span> <span class='ocrx_word' id='word_1_283' title='bbox 252 2222 254 2224; x_wconf 93' lang='lat'>·</span> <span class='ocrx_word' id='word_1_284' title='bbox 280 2204 406 2250; x_wconf 79' lang='lat' dir='ltr'>Nam</span> <span class='ocrx_word' id='word_1_285' title='bbox 439 2220 545 2250; x_wconf 90' lang='lat' dir='ltr'>cum</span> <span class='ocrx_word' id='word_1_286' title='bbox 567 2204 702 2250; x_wconf 86' lang='lat' dir='ltr'>initio</span> <span class='ocrx_word' id='word_1_287' title='bbox 724 2206 878 2267; x_wconf 88' lang='lat' dir='ltr'>copias</span> <span class='ocrx_word' id='word_1_288' title='bbox 905 2206 1115 2253; x_wconf 85' lang='lat' dir='ltr'>Glafcuae</span> <span class='ocrx_word' id='word_1_289' title='bbox 1147 2207 1353 2268; x_wconf 70' lang='lat' dir='ltr'>exiguas,</span> <span class='ocrx_word' id='word_1_290' title='bbox 1397 2207 1521 2253; x_wconf 87' lang='lat' dir='ltr'>circa</span> <span class='ocrx_word' id='word_1_291' title='bbox 1558 2206 1903 2254; x_wconf 76' lang='lat' dir='ltr'>Hamiltonium</span> 
     </span>
     <span class='ocr_line' id='line_1_33' title="bbox 126 2267 1906 2335; baseline 0.001 -21"><span class='ocrx_word' id='word_1_292' title='bbox 126 2267 438 2315; x_wconf 64' lang='lat' dir='ltr'>multitudinis</span> <span class='ocrx_word' id='word_1_293' title='bbox 463 2285 644 2332; x_wconf 80' lang='lat' dir='ltr'>magnae</span> <span class='ocrx_word' id='word_1_294' title='bbox 669 2269 860 2332; x_wconf 89' lang='lat' dir='ltr'>speciem</span> <span class='ocrx_word' id='word_1_295' title='bbox 886 2271 1080 2325; x_wconf 77' lang='lat' dir='ltr'>vidisset,</span> <span class='ocrx_word' id='word_1_296' title='bbox 1106 2272 1337 2335; x_wconf 80' lang='lat' dir='ltr'>Reginam</span> <span class='ocrx_word' id='word_1_297' title='bbox 1381 2274 1553 2319; x_wconf 86' lang='lat' dir='ltr'>strenue</span> <span class='ocrx_word' id='word_1_298' title='bbox 1578 2274 1631 2318; x_wconf 89' lang='lat' dir='ltr'>ad</span> <span class='ocrx_word' id='word_1_299' title='bbox 1676 2272 1906 2330; x_wconf 81' lang='lat' dir='ltr'>fortunam</span> 
     </span>
     <span class='ocr_line' id='line_1_34' title="bbox 127 2333 1908 2399; baseline 0.003 -22"><span class='ocrx_word' id='word_1_300' title='bbox 127 2333 388 2379; x_wconf 84' lang='lat' dir='ltr'>certaminis</span> <span class='ocrx_word' id='word_1_301' title='bbox 412 2333 693 2380; x_wconf 85' lang='lat' dir='ltr'>subeundam</span> <span class='ocrx_word' id='word_1_302' title='bbox 718 2335 968 2382; x_wconf 87' lang='lat' dir='ltr'>animabat.</span> <span class='ocrx_word' id='word_1_303' title='bbox 991 2337 1092 2394; x_wconf 82' lang='lat' dir='ltr'>Jam</span> <span class='ocrx_word' id='word_1_304' title='bbox 1117 2339 1286 2384; x_wconf 84' lang='lat' dir='ltr'>Prorex</span> <span class='ocrx_word' id='word_1_305' title='bbox 1306 2338 1511 2384; x_wconf 45' lang='lat' dir='ltr'>collectis</span> <span class='ocrx_word' id='word_1_306' title='bbox 1536 2343 1558 2385; x_wconf 82' lang='lat' dir='ltr'>e</span> <span class='ocrx_word' id='word_1_307' title='bbox 1582 2338 1695 2383; x_wconf 84' lang='lat' dir='ltr'>locis</span> <span class='ocrx_word' id='word_1_308' title='bbox 1718 2335 1908 2399; x_wconf 83' lang='lat' dir='ltr'>propio·</span> 
     </span>
     <span class='ocr_line' id='line_1_35' title="bbox 126 2397 1910 2464; baseline 0.002 -21"><span class='ocrx_word' id='word_1_309' title='bbox 126 2397 254 2443; x_wconf 88' lang='lat' dir='ltr'>ribus</span> <span class='ocrx_word' id='word_1_310' title='bbox 278 2397 456 2451; x_wconf 68' lang='lat' dir='ltr'>amici3‚</span> <span class='ocrx_word' id='word_1_311' title='bbox 481 2399 829 2462; x_wconf 85' lang='lat' dir='ltr'>longinquiores</span> <span class='ocrx_word' id='word_1_312' title='bbox 852 2400 877 2447; x_wconf 79' lang='grc' dir='ltr'>ὲ</span> <span class='ocrx_word' id='word_1_313' title='bbox 901 2401 1096 2456; x_wconf 88' lang='lat' dir='ltr'>Marcia,</span> <span class='ocrx_word' id='word_1_314' title='bbox 1140 2405 1189 2450; x_wconf 69' lang='lat' dir='ltr'>ec</span> <span class='ocrx_word' id='word_1_315' title='bbox 1232 2403 1460 2449; x_wconf 81' lang='lat' dir='ltr'>Lothiana</span> <span class='ocrx_word' id='word_1_316' title='bbox 1483 2403 1770 2464; x_wconf 65' lang='lat' dir='ltr'>expectabat.</span> <span class='ocrx_word' id='word_1_317' title='bbox 1842 2400 1910 2448; x_wconf 89' lang='lat' dir='ltr'>Hi</span> 
     </span>
     <span class='ocr_line' id='line_1_36' title="bbox 128 2462 1913 2522; baseline 0.003 -15"><span class='ocrx_word' id='word_1_318' title='bbox 128 2477 236 2507; x_wconf 88' lang='lat' dir='ltr'>cum</span> <span class='ocrx_word' id='word_1_319' title='bbox 268 2462 547 2510; x_wconf 77' lang='lat' dir='ltr'>advenissent</span> <span class='ocrx_word' id='word_1_320' title='bbox 588 2463 769 2510; x_wconf 88' lang='lat' dir='ltr'>circiter</span> <span class='ocrx_word' id='word_1_321' title='bbox 799 2464 997 2511; x_wconf 87' lang='lat' dir='ltr'>sexcenti</span> <span class='ocrx_word' id='word_1_322' title='bbox 1030 2466 1368 2514; x_wconf 67' lang='lat' dir='ltr'>lestiflimorum</span> <span class='ocrx_word' id='word_1_323' title='bbox 1402 2468 1624 2522; x_wconf 87' lang='lat' dir='ltr'>virorum,</span> <span class='ocrx_word' id='word_1_324' title='bbox 1652 2484 1743 2513; x_wconf 86' lang='lat' dir='ltr'>uno</span> <span class='ocrx_word' id='word_1_325' title='bbox 1764 2466 1830 2513; x_wconf 89' lang='lat' dir='ltr'>eis</span> <span class='ocrx_word' id='word_1_326' title='bbox 1852 2467 1913 2513; x_wconf 85' lang='lat' dir='ltr'>ad</span> 
     </span>
    </p>

    <p class='ocr_par' dir='ltr' id='par_1_5' title="bbox 105 2526 1916 2725">
     <span class='ocr_line' id='line_1_37' title="bbox 105 2526 1913 2599; baseline 0.004 -28"><span class='ocrx_word' id='word_1_327' title='bbox 105 2526 335 2588; x_wconf 44' lang='lat' dir='ltr'>*quietem</span> <span class='ocrx_word' id='word_1_328' title='bbox 378 2527 454 2599; x_wconf 82' lang='lat' dir='ltr'>die</span> <span class='ocrx_word' id='word_1_329' title='bbox 487 2528 596 2575; x_wconf 86' lang='lat' dir='ltr'>dato</span> <span class='ocrx_word' id='word_1_330' title='bbox 640 2529 850 2576; x_wconf 86' lang='lat' dir='ltr'>statuerat</span> <span class='ocrx_word' id='word_1_331' title='bbox 871 2530 930 2576; x_wconf 89' lang='lat' dir='ltr'>ad</span> <span class='ocrx_word' id='word_1_332' title='bbox 968 2531 1312 2579; x_wconf 89' lang='lat' dir='ltr'>Hamiltonium</span> <span class='ocrx_word' id='word_1_333' title='bbox 1343 2532 1587 2595; x_wconf 80' lang='lat' dir='ltr'>proficisci,</span> <span class='ocrx_word' id='word_1_334' title='bbox 1611 2549 1662 2578; x_wconf 79' lang='lat' dir='ltr'>ac</span> <span class='ocrx_word' id='word_1_335' title='bbox 1679 2532 1859 2595; x_wconf 83' lang='lat' dir='ltr'>praelio,</span> <span class='ocrx_word' id='word_1_336' title='bbox 1880 2531 1913 2578; x_wconf 83' lang='lat' dir='ltr'>fi</span> 
     </span>
     <span class='ocr_line' id='line_1_38' title="bbox 127 2592 1914 2662; baseline 0.003 -26"><span class='ocrx_word' id='word_1_337' title='bbox 127 2592 289 2662; x_wconf 67' lang='lat' dir='ltr'>posset,</span> <span class='ocrx_word' id='word_1_338' title='bbox 314 2593 460 2638; x_wconf 83' lang='lat' dir='ltr'>statim</span> <span class='ocrx_word' id='word_1_339' title='bbox 484 2592 745 2640; x_wconf 85' lang='lat' dir='ltr'>decernere.</span> <span class='ocrx_word' id='word_1_340' title='bbox 815 2596 1001 2641; x_wconf 83' lang='lat' dir='ltr'>Moram</span> <span class='ocrx_word' id='word_1_341' title='bbox 1023 2596 1146 2642; x_wconf 88' lang='lat' dir='ltr'>enim</span> <span class='ocrx_word' id='word_1_342' title='bbox 1183 2597 1270 2644; x_wconf 90' lang='lat' dir='ltr'>suis</span> <span class='ocrx_word' id='word_1_343' title='bbox 1294 2597 1498 2652; x_wconf 80' lang='lat' dir='ltr'>noxiam,</span> <span class='ocrx_word' id='word_1_344' title='bbox 1526 2598 1727 2643; x_wconf 82' lang='lat' dir='ltr'>hostibus</span> <span class='ocrx_word' id='word_1_345' title='bbox 1751 2597 1914 2643; x_wconf 82' lang='lat' dir='ltr'>utilem</span> 
     </span>
     <span class='ocr_line' id='line_1_39' title="bbox 131 2655 1916 2725; baseline 0.003 -25"><span class='ocrx_word' id='word_1_346' title='bbox 131 2655 459 2712; x_wconf 62' lang='lat' dir='ltr'>arbitrabatur,</span> <span class='ocrx_word' id='word_1_347' title='bbox 486 2669 534 2703; x_wconf 92' lang='lat' dir='ltr'>ut</span> <span class='ocrx_word' id='word_1_348' title='bbox 555 2657 722 2721; x_wconf 90' lang='lat' dir='ltr'>quibus</span> <span class='ocrx_word' id='word_1_349' title='bbox 745 2660 1048 2706; x_wconf 84' lang='lat' dir='ltr'>remotissimae</span> <span class='ocrx_word' id='word_1_350' title='bbox 1070 2661 1203 2725; x_wconf 81' lang='lat' dir='ltr'>regni</span> <span class='ocrx_word' id='word_1_351' title='bbox 1239 2676 1388 2723; x_wconf 84' lang='lat' dir='ltr'>partes</span> <span class='ocrx_word' id='word_1_352' title='bbox 1432 2663 1665 2709; x_wconf 78' lang='lat' dir='ltr'>favebant.</span> <span class='ocrx_word' id='word_1_353' title='bbox 1733 2664 1916 2709; x_wconf 86' lang='lat' dir='ltr'>Interea</span> 
     </span>
    </p>

    <p class='ocr_par' dir='ltr' id='par_1_6' title="bbox 103 2719 1921 3179">
     <span class='ocr_line' id='line_1_40' title="bbox 103 2719 1916 2791; baseline 0.002 -25"><span class='ocrx_word' id='word_1_354' title='bbox 103 2720 350 2791; x_wconf 79' lang='lat' dir='ltr'>..perendie</span> <span class='ocrx_word' id='word_1_355' title='bbox 368 2719 492 2767; x_wconf 80' lang='lat' dir='ltr'>illius</span> <span class='ocrx_word' id='word_1_356' title='bbox 519 2722 612 2769; x_wconf 90' lang='lat' dir='ltr'>diei</span> <span class='ocrx_word' id='word_1_357' title='bbox 635 2723 692 2769; x_wconf 89' lang='lat' dir='ltr'>de</span> <span class='ocrx_word' id='word_1_358' title='bbox 716 2723 849 2770; x_wconf 86' lang='lat' dir='ltr'>tertia</span> <span class='ocrx_word' id='word_1_359' title='bbox 867 2724 1031 2786; x_wconf 81' lang='lat' dir='ltr'>vigilia</span> <span class='ocrx_word' id='word_1_360' title='bbox 1064 2725 1114 2772; x_wconf 83' lang='lat' dir='ltr'>fit</span> <span class='ocrx_word' id='word_1_361' title='bbox 1135 2727 1320 2782; x_wconf 81' lang='lat' dir='ltr'>certior,</span> <span class='ocrx_word' id='word_1_362' title='bbox 1365 2728 1509 2774; x_wconf 84' lang='lat' dir='ltr'>hostes</span> <span class='ocrx_word' id='word_1_363' title='bbox 1533 2728 1558 2774; x_wconf 80' lang='grc' dir='ltr'>ὲ</span> <span class='ocrx_word' id='word_1_364' title='bbox 1584 2728 1808 2788; x_wconf 82' lang='lat' dir='ltr'>pluribus,</span> <span class='ocrx_word' id='word_1_365' title='bbox 1835 2724 1916 2772; x_wconf 84' lang='lat' dir='ltr'>ubi</span> 
     </span>
     <span class='ocr_line' id='line_1_41' title="bbox 133 2783 1918 2856; baseline 0.006 -28"><span class='ocrx_word' id='word_1_366' title='bbox 133 2783 477 2856; x_wconf 79' lang='lat' dir='ltr'>diversabantur</span> <span class='ocrx_word' id='word_1_367' title='bbox 506 2787 619 2834; x_wconf 86' lang='lat' dir='ltr'>locis</span> <span class='ocrx_word' id='word_1_368' title='bbox 641 2789 763 2851; x_wconf 77' lang='lat' dir='ltr'>cogi.</span> <span class='ocrx_word' id='word_1_369' title='bbox 832 2790 1045 2836; x_wconf 90' lang='lat' dir='ltr'>Numero</span> <span class='ocrx_word' id='word_1_370' title='bbox 1066 2791 1190 2837; x_wconf 85' lang='lat' dir='ltr'>enim</span> <span class='ocrx_word' id='word_1_371' title='bbox 1217 2791 1387 2846; x_wconf 71' lang='lat' dir='ltr'>contisi,</span> <span class='ocrx_word' id='word_1_372' title='bbox 1412 2793 1536 2855; x_wconf 78' lang='lat' dir='ltr'>quod</span> <span class='ocrx_word' id='word_1_373' title='bbox 1562 2792 1692 2855; x_wconf 86' lang='lat' dir='ltr'>supra</span> <span class='ocrx_word' id='word_1_374' title='bbox 1715 2793 1787 2839; x_wconf 87' lang='lat' dir='ltr'>sex</span> <span class='ocrx_word' id='word_1_375' title='bbox 1811 2790 1918 2838; x_wconf 86' lang='lat' dir='ltr'>mil·</span> 
     </span>
     <span class='ocr_line' id='line_1_42' title="bbox 131 2848 1917 2920; baseline 0.004 -26"><span class='ocrx_word' id='word_1_376' title='bbox 131 2848 212 2920; x_wconf 72' lang='lat' dir='ltr'>lia,</span> <span class='ocrx_word' id='word_1_377' title='bbox 256 2855 295 2895; x_wconf 65' lang='lat' dir='ltr'>Sc</span> <span class='ocrx_word' id='word_1_378' title='bbox 324 2849 601 2914; x_wconf 51' lang='lat' dir='ltr'>:nuingentos</span> <span class='ocrx_word' id='word_1_379' title='bbox 624 2852 670 2899; x_wconf 87' lang='lat' dir='ltr'>in</span> <span class='ocrx_word' id='word_1_380' title='bbox 707 2852 843 2900; x_wconf 88' lang='lat' dir='ltr'>armis</span> <span class='ocrx_word' id='word_1_381' title='bbox 881 2854 1145 2903; x_wconf 89' lang='lat' dir='ltr'>habebant:</span> <span class='ocrx_word' id='word_1_382' title='bbox 1190 2856 1483 2919; x_wconf 79' lang='lat' dir='ltr'>sciebamque</span> <span class='ocrx_word' id='word_1_383' title='bbox 1517 2859 1640 2919; x_wconf 81' lang='lat' dir='ltr'>apud</span> <span class='ocrx_word' id='word_1_384' title='bbox 1670 2859 1917 2920; x_wconf 84' lang='lat' dir='ltr'>Proregem</span> 
     </span>
     <span class='ocr_line' id='line_1_43' title="bbox 133 2914 1917 2983; baseline 0.004 -25"><span class='ocrx_word' id='word_1_385' title='bbox 133 2928 214 2958; x_wconf 77' lang='lat' dir='ltr'>vix</span> <span class='ocrx_word' id='word_1_386' title='bbox 235 2914 372 2982; x_wconf 88' lang='lat' dir='ltr'>plena</span> <span class='ocrx_word' id='word_1_387' title='bbox 394 2929 593 2978; x_wconf 87' lang='lat' dir='ltr'>quatuor</span> <span class='ocrx_word' id='word_1_388' title='bbox 628 2917 775 2965; x_wconf 89' lang='lat' dir='ltr'>millia</span> <span class='ocrx_word' id='word_1_389' title='bbox 796 2919 897 2966; x_wconf 84' lang='lat' dir='ltr'>effe.</span> <span class='ocrx_word' id='word_1_390' title='bbox 965 2919 1285 2967; x_wconf 88' lang='lat' dir='ltr'>Decreverunt</span> <span class='ocrx_word' id='word_1_391' title='bbox 1306 2934 1457 2968; x_wconf 89' lang='lat' dir='ltr'>autem</span> <span class='ocrx_word' id='word_1_392' title='bbox 1484 2936 1647 2983; x_wconf 69' lang='lat' dir='ltr'>praeter</span> <span class='ocrx_word' id='word_1_393' title='bbox 1670 2921 1917 2969; x_wconf 83' lang='lat' dir='ltr'>Glascuam</span> 
     </span>
     <span class='ocr_line' id='line_1_44' title="bbox 136 2977 1918 3043; baseline 0.004 -21"><span class='ocrx_word' id='word_1_394' title='bbox 136 2977 306 3024; x_wconf 86' lang='lat' dir='ltr'>ducere</span> <span class='ocrx_word' id='word_1_395' title='bbox 331 2998 342 3025; x_wconf 75' lang='lat' dir='ltr'><em>z</em></span> <span class='ocrx_word' id='word_1_396' title='bbox 378 2995 430 3026; x_wconf 87' lang='lat' dir='ltr'>ac</span> <span class='ocrx_word' id='word_1_397' title='bbox 445 2980 626 3043; x_wconf 87' lang='lat' dir='ltr'>Regina</span> <span class='ocrx_word' id='word_1_398' title='bbox 647 2983 693 3029; x_wconf 90' lang='lat' dir='ltr'>in</span> <span class='ocrx_word' id='word_1_399' title='bbox 717 2998 820 3030; x_wconf 87' lang='lat' dir='ltr'>arce</span> <span class='ocrx_word' id='word_1_400' title='bbox 842 2984 1179 3031; x_wconf 83' lang='lat' dir='ltr'>Britannoduni</span> <span class='ocrx_word' id='word_1_401' title='bbox 1199 2986 1371 3041; x_wconf 59' lang='lat' dir='ltr'>relicta,</span> <span class='ocrx_word' id='word_1_402' title='bbox 1397 2987 1570 3033; x_wconf 84' lang='lat' dir='ltr'>bellum</span> <span class='ocrx_word' id='word_1_403' title='bbox 1597 2987 1674 3032; x_wconf 90' lang='lat' dir='ltr'>suo</span> <span class='ocrx_word' id='word_1_404' title='bbox 1697 2986 1918 3032; x_wconf 82' lang='lat' dir='ltr'>arbitratu</span> 
     </span>
     <span class='ocr_line' id='line_1_45' title="bbox 135 3043 1921 3115; baseline 0.004 -28"><span class='ocrx_word' id='word_1_405' title='bbox 135 3043 210 3088; x_wconf 80' lang='lat' dir='ltr'>vel</span> <span class='ocrx_word' id='word_1_406' title='bbox 231 3060 415 3115; x_wconf 66' lang='lat' dir='ltr'>gerere,</span> <span class='ocrx_word' id='word_1_407' title='bbox 432 3045 505 3091; x_wconf 87' lang='lat' dir='ltr'>vel</span> <span class='ocrx_word' id='word_1_408' title='bbox 528 3047 694 3093; x_wconf 90' lang='lat' dir='ltr'>ducere</span> <span class='ocrx_word' id='word_1_409' title='bbox 720 3065 731 3094; x_wconf 89' lang='lat'>:</span> <span class='ocrx_word' id='word_1_410' title='bbox 777 3061 856 3095; x_wconf 89' lang='lat' dir='ltr'>aut</span> <span class='ocrx_word' id='word_1_411' title='bbox 879 3051 908 3095; x_wconf 85' lang='lat' dir='ltr'><strong>fi</strong></span> <span class='ocrx_word' id='word_1_412' title='bbox 933 3050 1102 3096; x_wconf 84' lang='lat' dir='ltr'>Prorex</span> <span class='ocrx_word' id='word_1_413' title='bbox 1126 3051 1269 3112; x_wconf 81' lang='lat' dir='ltr'>(quod</span> <span class='ocrx_word' id='word_1_414' title='bbox 1297 3067 1387 3097; x_wconf 90' lang='lat' dir='ltr'>non</span> <span class='ocrx_word' id='word_1_415' title='bbox 1412 3051 1669 3113; x_wconf 85' lang='lat' dir='ltr'>sperabant)</span> <span class='ocrx_word' id='word_1_416' title='bbox 1707 3051 1748 3097; x_wconf 91' lang='lat' dir='ltr'>se</span> <span class='ocrx_word' id='word_1_417' title='bbox 1773 3050 1820 3096; x_wconf 87' lang='lat' dir='ltr'>in</span> <span class='ocrx_word' id='word_1_418' title='bbox 1844 3051 1921 3096; x_wconf 89' lang='lat' dir='ltr'>iti-</span> 
     </span>
     <span class='ocr_line' id='line_1_46' title="bbox 137 3109 1921 3179; baseline 0.004 -27"><span class='ocrx_word' id='word_1_419' title='bbox 137 3121 246 3153; x_wconf 84' lang='lat' dir='ltr'>nere</span> <span class='ocrx_word' id='word_1_420' title='bbox 270 3109 518 3169; x_wconf 73' lang='lat' dir='ltr'>objecisset,</span> <span class='ocrx_word' id='word_1_421' title='bbox 534 3110 680 3158; x_wconf 87' lang='lat' dir='ltr'>statim</span> <span class='ocrx_word' id='word_1_422' title='bbox 704 3113 971 3179; x_wconf 76' lang='lat' dir='ltr'>confligere.</span> <span class='ocrx_word' id='word_1_423' title='bbox 1040 3114 1209 3176; x_wconf 86' lang='lat' dir='ltr'>Neque</span> <span class='ocrx_word' id='word_1_424' title='bbox 1228 3115 1287 3162; x_wconf 89' lang='lat' dir='ltr'>de</span> <span class='ocrx_word' id='word_1_425' title='bbox 1309 3116 1572 3165; x_wconf 86' lang='lat' dir='ltr'>certaminis</span> <span class='ocrx_word' id='word_1_426' title='bbox 1591 3127 1759 3163; x_wconf 88' lang='lat' dir='ltr'>eventu</span> <span class='ocrx_word' id='word_1_427' title='bbox 1783 3115 1921 3163; x_wconf 84' lang='lat' dir='ltr'>dubi·</span> 
     </span>
    </p>

    <p class='ocr_par' dir='ltr' id='par_1_7' title="bbox 130 3170 1527 3224">
     <span class='ocr_line' id='line_1_47' title="bbox 130 3170 1527 3224; baseline 0 -9"><span class='ocrx_word' id='word_1_428' title='bbox 130 3170 307 3218; x_wconf 85' lang='lat' dir='ltr'>tabant.</span> <span class='ocrx_word' id='word_1_429' title='bbox 1525 3222 1527 3224; x_wconf 44' lang='grc'><strong>,</strong></span> 
     </span>
    </p>

    <p class='ocr_par' dir='ltr' id='par_1_8' title="bbox 139 3232 1926 3633">
     <span class='ocr_line' id='line_1_48' title="bbox 207 3232 1919 3307; baseline 0.007 -27"><span class='ocrx_word' id='word_1_430' title='bbox 207 3232 267 3281; x_wconf 86' lang='grc' dir='ltr'>Χ.</span> <span class='ocrx_word' id='word_1_431' title='bbox 301 3236 386 3307; x_wconf 72' lang='lat' dir='ltr'>Ille</span> <span class='ocrx_word' id='word_1_432' title='bbox 410 3253 535 3291; x_wconf 88' lang='lat' dir='ltr'>vero,</span> <span class='ocrx_word' id='word_1_433' title='bbox 573 3252 622 3284; x_wconf 83' lang='lat' dir='ltr'>ut</span> <span class='ocrx_word' id='word_1_434' title='bbox 646 3239 726 3301; x_wconf 86' lang='lat' dir='ltr'>qui</span> <span class='ocrx_word' id='word_1_435' title='bbox 748 3241 869 3289; x_wconf 90' lang='lat' dir='ltr'>ultro</span> <span class='ocrx_word' id='word_1_436' title='bbox 889 3242 1032 3290; x_wconf 86' lang='lat' dir='ltr'>hostes</span> <span class='ocrx_word' id='word_1_437' title='bbox 1056 3260 1307 3306; x_wconf 86' lang='lat' dir='ltr'>provocare</span> <span class='ocrx_word' id='word_1_438' title='bbox 1345 3247 1402 3294; x_wconf 85' lang='lat' dir='ltr'>ad</span> <span class='ocrx_word' id='word_1_439' title='bbox 1426 3261 1657 3295; x_wconf 84' lang='lat' dir='ltr'>certamen</span> <span class='ocrx_word' id='word_1_440' title='bbox 1693 3246 1919 3301; x_wconf 81' lang='lat' dir='ltr'>statuerat,</span> 
     </span>
     <span class='ocr_line' id='line_1_49' title="bbox 140 3301 1921 3376; baseline 0.008 -35"><span class='ocrx_word' id='word_1_441' title='bbox 140 3314 247 3375; x_wconf 74' lang='lat' dir='ltr'>cum</span> <span class='ocrx_word' id='word_1_442' title='bbox 268 3316 467 3360; x_wconf 83' lang='lat' dir='ltr'>primum</span> <span class='ocrx_word' id='word_1_443' title='bbox 490 3301 591 3349; x_wconf 87' lang='lat' dir='ltr'>suos</span> <span class='ocrx_word' id='word_1_444' title='bbox 613 3305 809 3352; x_wconf 87' lang='lat' dir='ltr'>educere</span> <span class='ocrx_word' id='word_1_445' title='bbox 831 3307 1000 3369; x_wconf 89' lang='lat' dir='ltr'>potuit,</span> <span class='ocrx_word' id='word_1_446' title='bbox 1025 3321 1130 3354; x_wconf 87' lang='lat' dir='ltr'>ante</span> <span class='ocrx_word' id='word_1_447' title='bbox 1144 3310 1368 3371; x_wconf 85' lang='lat' dir='ltr'>oppidum</span> <span class='ocrx_word' id='word_1_448' title='bbox 1394 3312 1441 3359; x_wconf 83' lang='lat' dir='ltr'>in</span> <span class='ocrx_word' id='word_1_449' title='bbox 1465 3312 1637 3373; x_wconf 81' lang='lat' dir='ltr'>campis</span> <span class='ocrx_word' id='word_1_450' title='bbox 1661 3310 1921 3376; x_wconf 60' lang='lat' dir='ltr'>patentibuj</span> 
     </span>
     <span class='ocr_line' id='line_1_50' title="bbox 139 3364 1920 3440; baseline 0.008 -33"><span class='ocrx_word' id='word_1_451' title='bbox 139 3379 234 3439; x_wconf 84' lang='lat' dir='ltr'>qua</span> <span class='ocrx_word' id='word_1_452' title='bbox 257 3364 400 3410; x_wconf 86' lang='lat' dir='ltr'>hostes</span> <span class='ocrx_word' id='word_1_453' title='bbox 424 3379 638 3413; x_wconf 89' lang='lat' dir='ltr'>venturos</span> <span class='ocrx_word' id='word_1_454' title='bbox 677 3370 979 3426; x_wconf 75' lang='lat' dir='ltr'>existimabat,</span> <span class='ocrx_word' id='word_1_455' title='bbox 1020 3375 1117 3420; x_wconf 89' lang='lat' dir='ltr'>acie</span> <span class='ocrx_word' id='word_1_456' title='bbox 1155 3374 1367 3422; x_wconf 73' lang='lat' dir='ltr'>instructa</span> <span class='ocrx_word' id='word_1_457' title='bbox 1404 3377 1581 3440; x_wconf 84' lang='lat' dir='ltr'>aliquot</span> <span class='ocrx_word' id='word_1_458' title='bbox 1617 3378 1747 3420; x_wconf 82' lang='lat' dir='ltr'>horas</span> <span class='ocrx_word' id='word_1_459' title='bbox 1784 3373 1920 3422; x_wconf 85' lang='lat' dir='ltr'>stetit.</span> 
     </span>
     <span class='ocr_line' id='line_1_51' title="bbox 144 3428 1922 3503; baseline 0.012 -32"><span class='ocrx_word' id='word_1_460' title='bbox 144 3428 233 3472; x_wconf 73' lang='lat' dir='ltr'>bed</span> <span class='ocrx_word' id='word_1_461' title='bbox 257 3444 362 3499; x_wconf 74' lang='lat' dir='ltr'>cum</span> <span class='ocrx_word' id='word_1_462' title='bbox 398 3445 564 3502; x_wconf 76' lang='lat' dir='ltr'>agmen</span> <span class='ocrx_word' id='word_1_463' title='bbox 605 3449 765 3480; x_wconf 86' lang='lat' dir='ltr'>eorum</span> <span class='ocrx_word' id='word_1_464' title='bbox 807 3437 1021 3495; x_wconf 79' lang='lat' dir='ltr'>ulteriore</span> <span class='ocrx_word' id='word_1_465' title='bbox 1046 3438 1252 3486; x_wconf 86' lang='lat' dir='ltr'>fluminis</span> <span class='ocrx_word' id='word_1_466' title='bbox 1289 3441 1389 3503; x_wconf 88' lang='lat' dir='ltr'>ripa</span> <span class='ocrx_word' id='word_1_467' title='bbox 1428 3458 1499 3499; x_wconf 61' lang='lat' dir='ltr'>affl</span> <span class='ocrx_word' id='word_1_468' title='bbox 1529 3441 1716 3490; x_wconf 78' lang='lat' dir='ltr'>videret,</span> <span class='ocrx_word' id='word_1_469' title='bbox 1761 3454 1922 3487; x_wconf 74' lang='lat' dir='ltr'>eorum</span> 
     </span>
     <span class='ocr_line' id='line_1_52' title="bbox 145 3491 1925 3566; baseline 0.008 -31"><span class='ocrx_word' id='word_1_470' title='bbox 145 3492 334 3537; x_wconf 78' lang='lat' dir='ltr'>confiho</span> <span class='ocrx_word' id='word_1_471' title='bbox 361 3494 787 3565; x_wconf 38' lang='lat' dir='ltr'>statim-lntellcftm</span> <span class='ocrx_word' id='word_1_472' title='bbox 810 3503 860 3548; x_wconf 84' lang='lat'>&amp;</span> <span class='ocrx_word' id='word_1_473' title='bbox 882 3501 974 3562; x_wconf 87' lang='lat' dir='ltr'>ipse</span> <span class='ocrx_word' id='word_1_474' title='bbox 998 3502 1097 3548; x_wconf 87' lang='lat' dir='ltr'>suos</span> <span class='ocrx_word' id='word_1_475' title='bbox 1120 3503 1295 3564; x_wconf 79' lang='lat' dir='ltr'>pedites</span> <span class='ocrx_word' id='word_1_476' title='bbox 1319 3522 1400 3566; x_wconf 89' lang='lat' dir='ltr'>per</span> <span class='ocrx_word' id='word_1_477' title='bbox 1417 3491 1626 3566; x_wconf 66' lang='lat' dir='ltr'>pontem,</span> <span class='ocrx_word' id='word_1_478' title='bbox 1645 3501 1820 3563; x_wconf 77' lang='lat' dir='ltr'>equites</span> <span class='ocrx_word' id='word_1_479' title='bbox 1844 3521 1925 3565; x_wconf 64' lang='lat' dir='ltr'>per</span> 
     </span>
     <span class='ocr_line' id='line_1_53' title="bbox 145 3557 1926 3633; baseline 0.006 -30"><span class='ocrx_word' id='word_1_480' title='bbox 145 3557 260 3603; x_wconf 68' lang='lat' dir='ltr'>vada</span> <span class='ocrx_word' id='word_1_481' title='bbox 283 3558 387 3605; x_wconf 82' lang='lat' dir='ltr'>aestu</span> <span class='ocrx_word' id='word_1_482' title='bbox 414 3574 550 3606; x_wconf 73' lang='lat' dir='ltr'>maris</span> <span class='ocrx_word' id='word_1_483' title='bbox 574 3573 673 3608; x_wconf 90' lang='lat' dir='ltr'>tum</span> <span class='ocrx_word' id='word_1_484' title='bbox 697 3562 840 3610; x_wconf 86' lang='lat' dir='ltr'>libera</span> <span class='ocrx_word' id='word_1_485' title='bbox 854 3565 1123 3614; x_wconf 68' lang='lat' dir='ltr'>transmissos</span> <span class='ocrx_word' id='word_1_486' title='bbox 1149 3568 1395 3617; x_wconf 80' lang='lat' dir='ltr'>Lanfidum</span> <span class='ocrx_word' id='word_1_487' title='bbox 1421 3581 1574 3633; x_wconf 72' lang='lat' dir='ltr'>petere</span> <span class='ocrx_word' id='word_1_488' title='bbox 1591 3565 1728 3627; x_wconf 80' lang='lat' dir='ltr'>juffit.</span> <span class='ocrx_word' id='word_1_489' title='bbox 1780 3568 1926 3615; x_wconf 91' lang='lat' dir='ltr'>Vicus</span> 
     </span>
    </p>
   </div>
   <div class='ocr_carea' id='block_1_3' title="bbox 1884 3632 1925 3678">
    <p class='ocr_par' dir='ltr' id='par_1_9' title="bbox 1884 3632 1925 3678">
     <span class='ocr_line' id='line_1_54' title="bbox 1884 3632 1925 3678; baseline 0 0"><span class='ocrx_word' id='word_1_490' title='bbox 1884 3632 1925 3678; x_wconf 87' lang='lat' dir='ltr'>is</span> 
     </span>
    </p>
   </div>
  </div>
 </body>
</html>
