2010 3851
373 141 789 213 APUD
911 139 1470 206 SCOTOS.
1766 167 1844 227 31

84 248 144 295 B..
176 245 299 294 Illud
321 257 492 298 autem,
516 243 699 303 opinor,
717 242 864 296 vides,
900 241 980 304 qui
1018 240 1258 288 nascuntur
1281 240 1412 286 nobis
1435 245 1602 306 Reges,
1618 259 1694 291 eos
1719 249 1758 291 ssz
1781 247 1848 291 le-

87 312 222 372 gibus
249 317 287 357 &
311 307 473 372 populi
495 306 709 370 suffragio
732 306 890 359 creari,
925 321 1014 352 non
1039 306 1190 352 minus
1211 321 1349 366 quam
1373 321 1488 366 quos
1513 308 1570 354 ab
1591 307 1728 355 initio
1749 309 1852 356 dix-

83 374 205 423 imus
224 376 390 422 ele6‘oes
417 390 427 418 :
453 378 492 417 δε
515 371 724 418 adversus
744 387 835 416 non
861 372 999 416 modo
1023 372 1113 415 vim
1135 376 1175 417 δι
1198 369 1403 415 fraudem
1427 371 1499 415 sed
1525 372 1859 436 negligentiam

82 455 270 502 quoque
299 438 347 483 in
371 436 554 491 leuibus
588 434 868 498 accipiendis
892 450 984 480 non
1007 434 1219 481 defutura
1251 434 1426 496 populo
1444 436 1600 496 legum
1625 438 1757 484 latori
1785 454 1858 483 re-

85 504 254 550 media.
321 502 389 547 M.
416 501 571 546 Video
594 500 744 562 plane.
813 500 869 544 B.
897 499 951 544 Id
978 500 1113 546 modo
1135 499 1358 553 interesse,
1383 500 1508 561 quod
1532 501 1606 545 lex
1624 502 1682 546 de
1704 501 1862 548 nostris

93 567 302 629 Regibus
341 578 446 612 ante
468 565 647 627 aliquot
670 563 817 610 secula
838 563 889 609 fit
932 565 1023 609 lata
1047 582 1057 609 :
1093 579 1287 626 regnum
1311 579 1421 610 vero
1443 580 1548 609 cum
1573 564 1731 619 initur,
1771 582 1865 612 non

94 631 203 677 ferri
226 647 360 684 nova,
386 630 457 675 sed
478 643 606 675 vetus
630 628 704 674 lex
734 627 996 690 approbari,
1021 627 1147 674 solet.
1217 627 1357 689 Apud
1380 644 1455 675 eos
1478 644 1587 675 vero
1610 629 1691 690 qui
1714 629 1867 690 fingu-

87 695 145 742 lis
166 696 263 758 Reg
291 695 373 740 bus
392 692 619 756 eligendis
641 692 813 738 habent
831 692 1036 745 comitia,
1055 692 1184 739 simul
1206 692 1282 739 lex
1305 691 1432 749 ferri,
1458 694 1560 741 Rex
1582 693 1679 740 fieri
1694 700 1733 740 <Sc
1759 711 1867 757 pro-

85 754 206 813 bari,
230 775 425 822 regnum
449 756 554 804 iniri
576 756 702 803 solet.
771 757 840 802 M.
876 758 950 802 Sic
972 758 1049 803 est.

155 825 282 870 LIX.
310 826 364 869 B.
389 823 532 878 Nun-c
551 821 616 868 ab
632 821 769 868 initio
792 821 822 866 fi
843 820 1040 875 videtur,
1064 821 1174 885 quid
1215 821 1334 868 inter
1355 839 1436 868 nos
1455 822 1740 876 convenerit,
1763 823 1868 870 bre·

89 889 208 936 viter
226 887 500 950 colligamus
546 904 558 933 :
595 898 644 933 ut
667 887 695 933 fi
719 885 833 947 quid
873 899 1044 932 temere
1085 886 1138 933 fit
1161 886 1423 948 probatum,
1449 888 1500 933 fit
1524 894 1564 934 &
1586 889 1869 949 poenitentiae

88 954 236 999 locus.
305 954 374 999 M.
400 954 571 999 Placet.
640 953 699 998 B.
725 950 930 997 Primum
953 950 1164 998 omnium
1188 950 1328 996 visum
1352 953 1412 998 est
1436 951 1567 998 nobis
1582 955 1761 1015 Regem
1785 970 1874 1016 po-

91 1017 194 1080 puli
215 1018 343 1065 causa
365 1015 508 1063 creari
531 1036 545 1071 3
580 1032 730 1077 neque
756 1015 876 1061 bono
898 1017 1027 1077 Rege
1066 1015 1322 1079 quidquam
1345 1017 1625 1078 praestantius
1648 1017 1870 1064 divinitus

90 1082 225 1128 nobis
260 1082 374 1135 dari,
414 1097 562 1143 neque
586 1081 708 1126 malo
745 1079 1038 1141 pestilentius.
1109 1080 1179 1126 M.
1207 1082 1364 1127 Recte.
1441 1087 1490 1128 B.
1528 1082 1707 1128 Malum
1731 1082 1870 1129 etiam

89 1147 270 1209 Regem
295 1146 494 1193 diximus
520 1146 671 1191 vocari
693 1145 985 1206 Tyrannum.
1054 1147 1123 1191 M.
1165 1144 1400 1192 Diximus.
1476 1147 1532 1192 B.
1560 1148 1617 1192 Et
1640 1147 1750 1209 quia
1777 1163 1872 1194 non

95 1212 158 1258 est
184 1224 307 1256 tanta
338 1211 563 1257 bonorum
587 1210 739 1272 copia,
778 1220 828 1255 ut
848 1209 1022 1272 semper
1045 1209 1178 1270 probi
1202 1209 1441 1271 suppetant
1463 1210 1829 1274 quosveiigamus
1853 1231 1872 1268 ς

99 1290 186 1322 nec
210 1287 335 1323 tanta
358 1274 567 1322 nascendi
590 1273 803 1328 fehcitas,
847 1289 895 1320 ut
918 1273 1005 1320 sors
1028 1275 1109 1319 illa
1132 1274 1306 1336 semper
1329 1275 1473 1321 bonos
1492 1276 1653 1322 offerat
1674 1295 1685 1323 :
1725 1279 1752 1323 si
1779 1294 1872 1324 nor.-

94 1339 254 1403 quales
278 1352 558 1402 optaremus,
583 1352 628 1386 at
648 1340 806 1402 quales
830 1339 903 1385 vel
927 1338 1161 1385 consensus
1183 1339 1474 1401 approbavit,
1499 1343 1571 1386 vel
1595 1340 1720 1390 casus
1737 1342 1876 1389 obtu-

92 1405 168 1459 lit,
196 1421 278 1463 pro
300 1405 507 1468 Regibus
530 1404 769 1451 habemus.
837 1405 903 1449 Ea
920 1416 1073 1449 autem
1098 1420 1201 1467 quae
1223 1404 1285 1450 est
1307 1404 1378 1451 vel
1402 1403 1449 1450 in
1472 1405 1699 1468 eligendis
1723 1408 1872 1463 novis,

94 1470 170 1516 vel
193 1469 242 1515 in
261 1470 427 1517 oblatis
446 1469 563 1515 forte
586 1468 799 1515 nascendi
822 1468 1132 1530 approbandis
1159 1468 1275 1523 alea,
1298 1468 1345 1515 in
1368 1469 1500 1514 causa
1521 1470 1625 1525 fuit,
1665 1483 1714 1519 ut
1747 1472 1875 1535 leges

96 1548 369 1593 cuperemus
407 1550 511 1597 quae
537 1533 743 1597 Regibus
766 1533 948 1595 imperii
972 1535 1162 1580 modum
1186 1533 1404 1580 facerent.
1471 1535 1551 1580 Eae
1575 1549 1726 1582 autem
1750 1537 1876 1598 leges

96 1599 218 1645 nihil
242 1599 368 1646 aliud
391 1600 475 1644 effe
496 1597 685 1649 debent,
724 1597 804 1643 nisi
831 1599 1030 1658 expressa
1055 1603 1301 1661 (quatenus
1324 1599 1491 1661 assequi
1514 1601 1767 1662 possumus)
1793 1603 1878 1648 bo-

100 1663 148 1710 ni
175 1663 398 1726 Principis
422 1663 593 1724 imago.
646 1663 716 1709 M.
741 1661 796 1707 Id
816 1678 1006 1725 quoque
1027 1662 1176 1709 sumus
1199 1662 1400 1710 confeffi.

165 1730 269 1775 LX.
307 1735 360 1777 B}
384 1729 487 1790 Jam
510 1728 659 1780 restat,
695 1727 877 1789 opinor,
920 1739 968 1773 ut
990 1727 1048 1773 de
1069 1744 1207 1790 poena
1231 1729 1557 1790 Tyrannorum
1593 1729 1877 1779 disseramus.

100 1793 171 1840 M.
197 1793 252 1839 Id
275 1809 417 1839 unum
451 1791 567 1839 mihi
585 1790 814 1853 reliquum
836 1792 1033 1838 videtur.
1103 1798 1161 1840 B.
1195 1794 1342 1855 Igitur
1364 1793 1394 1839 fi
1420 1795 1522 1840 Rex
1543 1795 1700 1842 omnia
1721 1797 1881 1858 legum

100 1857 286 1905 vincula
308 1856 579 1920 perfringat,
615 1857 845 1919 planeque
866 1857 1038 1902 hostem
1061 1857 1303 1919 publicum
1333 1857 1376 1904 se
1398 1872 1542 1922 gerat,
1569 1862 1679 1922 qu2d
1706 1861 1782 1907 hic
1812 1861 1881 1907 fa-

100 1921 317 1969 ciendum
339 1921 488 1969 censes
518 1925 536 1967 ?
571 1923 640 1968 M.
665 1922 837 1968 Haereo
861 1921 1084 1983 profecto.
1153 1923 1278 1968 Nam
1301 1924 1379 1969 etfi
1403 1924 1599 1970 rationes
1623 1943 1648 1970 a
1667 1940 1711 1971 te
1733 1942 1883 1989 expo-

103 1989 197 2034 fitae
221 1987 461 2034 videantur
473 1984 764 2040 convincere,
783 1986 956 2033 nullam
984 1985 1114 2032 nobis
1137 1988 1221 2033 effe
1245 2004 1348 2034 cum
1372 2004 1428 2034 eo
1449 1990 1580 2052 Rege
1601 1990 1882 2046 societatem,

103 2063 256 2099 tamen
282 2051 511 2099 diuturnae
533 2049 874 2101 consuetudinis
898 2063 1024 2097 tanta
1053 2051 1121 2098 vis
1145 2052 1222 2106 est,
1270 2064 1318 2098 ut
1354 2054 1478 2115 apud
1517 2070 1590 2100 me
1613 2055 1728 2118 legis
1749 2056 1886 2118 vigo-

111 2133 207 2164 rem
232 2115 453 2163 obtineat.
521 2116 588 2162 Ea
611 2115 725 2161 adeo
744 2115 1036 2178 pertinaciter
1056 2117 1104 2162 in
1127 2116 1294 2162 animis
1316 2117 1555 2165 hominum
1579 2120 1738 2177 haeret,
1783 2134 1834 2166 ut
1854 2120 1888 2166 fi

44 2231 53 2233 ἡ
108 2198 249 2245 quem
273 2181 524 2244 aliquando
544 2179 772 2227 invexerit
793 2196 1009 2235 errorem,
1034 2196 1138 2227 eum
1163 2182 1355 2229 tolerare
1378 2187 1572 2245 praestet,
1603 2203 1743 2248 quam
1773 2184 1886 2232 dum

114 2246 328 2293 morbum
349 2245 628 2293 assuetudine
650 2245 820 2299 lenem,
861 2261 1018 2292 curare
1039 2247 1377 2303 contendimus,
1402 2248 1543 2294 totius
1577 2251 1781 2312 corporis
1804 2253 1888 2296 sta-

107 2323 208 2358 tum
227 2309 510 2358 labefafilare.
580 2311 647 2356 Ea
668 2309 794 2369 enim
817 2311 1107 2374 quorundam
1132 2311 1395 2358 morborum
1421 2314 1481 2360 est
1513 2327 1690 2370 natura,
1734 2327 1784 2362 ut
1804 2315 1889 2362 do-

106 2377 250 2425 lorem
275 2392 415 2439 quern
438 2376 635 2422 afferunt
653 2377 829 2437 praestet
850 2375 1069 2437 perferre,
1094 2392 1232 2439 quam
1256 2374 1474 2441 ancipitia
1496 2381 1700 2426 remedia
1711 2397 1890 2442 quaere-

108 2458 157 2487 re
179 2459 190 2488 :
228 2441 275 2487 in
297 2440 466 2504 quibus
488 2438 798 2502 experiundis,
824 2453 874 2486 ut
895 2453 1057 2488 caetera
1078 2439 1337 2496 succedant,
1376 2443 1444 2488 ita
1480 2454 1633 2491 tamen
1657 2459 1781 2491 acres
1804 2446 1892 2492 do-

108 2507 227 2552 lores
255 2507 303 2552 in
328 2505 603 2551 medicando
621 2505 832 2560 afferunt,
850 2518 900 2551 ut
920 2504 1017 2569 ipso
1037 2506 1199 2553 morbo
1218 2507 1369 2554 morbi
1387 2525 1496 2556 cura
1510 2510 1560 2556 fit
1579 2509 1890 2573 perniciosior.

109 2570 317 2625 Deinde,
340 2570 468 2633 quod
492 2586 566 2616 me
589 2568 736 2632 magis
770 2581 943 2624 movet,
968 2570 1103 2618 video
1124 2570 1251 2617 istam
1290 2588 1430 2635 quam
1454 2587 1504 2620 tu
1528 2591 1662 2621 vocas
1685 2575 1894 2637 tyranni-

111 2636 218 2682 dem
237 2636 396 2682 divino
417 2635 736 2681 confirmatam
756 2635 943 2682 oraculo
986 2653 998 2683 :
1044 2640 1083 2682 δι
1107 2636 1235 2699 quod
1257 2650 1305 2696 tu
1329 2639 1455 2685 velut
1475 2640 1632 2703 legum
1655 2639 1894 2699 interitum

111 2699 353 2754 execraris,
375 2700 502 2746 Deus
524 2700 679 2763 legem
701 2701 836 2763 regni
855 2711 1002 2748 vocat.
1071 2701 1182 2762 Ejus
1205 2701 1297 2748 loci
1316 2719 1389 2749 me
1411 2705 1560 2768 magis
1583 2718 1739 2751 movet
1760 2717 1894 2751 auto-

112 2764 221 2826 ritas
246 2781 385 2829 quam
411 2763 568 2810 omnia
589 2763 973 2827 Philosophorum
997 2780 1282 2829 argumenta.
1350 2768 1466 2816 Inde
1490 2786 1563 2816 me
1585 2769 1668 2816 nifi
1689 2769 1894 2831 explica-

112 2829 250 2884 veriS,
288 2846 381 2876 non
403 2842 538 2876 erunt
561 2830 684 2891 apud
706 2845 780 2876 me
803 2829 918 2877 tanti
938 2830 1182 2878 hominum
1205 2846 1485 2890 commenta,
1530 2846 1580 2881 ut
1604 2850 1696 2881 non
1718 2832 1896 2881 confes·

117 2895 201 2941 tim
224 2894 283 2941 ad
306 2893 451 2941 hostes
473 2894 702 2941 deficiam.

179 2960 308 3006 LXI.
353 2961 425 3020 B,
444 2960 498 3005 In
520 2959 774 3014 communi,
795 2971 846 3006 ut
867 2958 1022 3016 video,
1047 2976 1200 3008 errore
1221 2961 1422 3018 versaris,
1447 2979 1596 3026 eoque
1617 2962 1892 3027 gravissimo,

94 3068 96 3071 .
115 3024 199 3088 qui
222 3023 511 3087 tyrannidem
533 3025 775 3085 tyrannide
798 3024 1066 3072 confirmare
1088 3026 1281 3073 coneris.
1352 3029 1538 3091 Qanta
1563 3031 1686 3076 enim
1712 3031 1764 3076 fit
1784 3045 1898 3075 con-

51 3115 53 3117 ·
102 3087 366 3137 'suetudinis
390 3090 591 3151 tyrannis
614 3089 662 3135 in
685 3088 848 3136 animis
871 3089 1112 3137 hominum
1139 3091 1217 3138 ubi
1242 3090 1376 3138 altius
1410 3093 1585 3140 radices
1608 3094 1724 3157 egit,
1760 3099 1800 3139 δε
1827 3094 1897 3138 ni-

117 3154 265 3200 mium
290 3152 404 3214 saepe
427 3152 517 3198 hoc
534 3152 684 3200 seculo
707 3154 858 3201 sumus
882 3156 1078 3217 experti,
1100 3156 1355 3209 &historiae
1380 3157 1569 3221 scriptor
1583 3162 1778 3206 vetustus
1797 3158 1897 3204 He·

115 3218 306 3265 rodotus
337 3217 510 3264 vetusto
534 3224 627 3264 nos*
661 3231 818 3266 monet
838 3220 1069 3280 exemplo.
1138 3220 1228 3267 Sed
1271 3221 1388 3267 mihi
1422 3223 1652 3269 veteribus
1673 3223 1898 3284 exemplis

119 3298 211 3332 non
236 3284 296 3328 est
324 3293 555 3343 opus,tete
575 3281 671 3344 ipse
695 3283 894 3330 consule.
965 3285 1138 3348 Cogita
1161 3299 1312 3332 tecum
1346 3300 1462 3349 quot
1500 3288 1583 3333 fint
1605 3304 1692 3341 res,
1718 3301 1802 3333 nec
1823 3288 1898 3334 hae

119 3345 318 3408 exiguae,
342 3344 391 3391 in
408 3345 578 3407 quibus
601 3346 823 3394 rationem
843 3349 1017 3395 secutus
1039 3353 1097 3396 ab
1118 3350 1372 3397 inveterata
1391 3365 1458 3398 tot
1480 3351 1639 3397 seculis
1658 3351 1899 3399 cousuetu-

123 3409 231 3456 dine
253 3408 490 3456 desciveris
527 3428 539 3456 :
590 3423 641 3456 ut
676 3410 773 3472 jam
813 3412 1070 3461 domesticis
1096 3414 1422 3477 experimentis
1446 3415 1648 3463 didiciffe
1674 3415 1898 3476 potueris,

125 3474 304 3521 nullam
330 3474 476 3538 magis
499 3473 715 3536 periculis
737 3476 823 3522 effe
840 3478 1041 3539 plenam,
1066 3496 1204 3542 quam
1230 3479 1281 3525 fit
1299 3480 1377 3525 ista
1398 3497 1535 3542 quam
1560 3497 1641 3526 nos
1667 3480 1789 3543 sequi
1821 3480 1900 3541 ju·

123 3538 251 3593 bent,
270 3539 347 3584 via
364 3537 568 3601 publica.
635 3541 750 3591 Eam
776 3552 818 3586 te
833 3541 978 3603 jubeo
998 3544 1247 3607 diligenter
1268 3545 1611 3605 circumspicere
1637 3563 1648 3590 ε
1686 3558 1802 3606 quot
1823 3561 1901 3591 ru-

121 3602 238 3659 ina5‚
283 3615 475 3666 quantas
497 3604 663 3668 strages
704 3603 754 3652 in
775 3621 830 3654 ea
851 3606 1035 3656 videbis·
1057 3611 1075 3655 ἓ
1111 3609 1200 3657 Sed
1239 3608 1271 3655 fi
1293 3608 1388 3672 ipsa
1412 3608 1560 3671 (quod
1583 3609 1770 3670 dicitur)
1796 3611 1901 3719 lulce

572 3693 576 3699 ·
1810 3687 1837 3718 c
1857 3689 1905 3720 a·
