1992 3801
164 153 293 218 608
488 155 1691 231 RERUMSCOTISARL‘M'

156 253 315 312 ,plures
332 252 574 309 vulnerati,
598 256 721 317 capti
742 249 920 302 circiter
941 255 1111 317 viginti
1143 258 1233 305 sex.
1301 260 1531 310 Caesorum
1565 268 1776 308 numerus
1804 261 1924 314 efre-

165 315 361 362 bellibus
388 319 547 380 major,
570 318 806 380 captorum
829 317 1103 384 minorhfuit.
1157 323 1245 373 Sed
1268 320 1456 372 fortuita
1477 344 1546 373 res
1570 325 1798 389 utriusque
1820 345 1924 388 par-

161 380 219 426 th
241 381 512 428 detrimenta
533 399 678 445 prope
702 384 913 445 aequavit.
981 385 1103 431 Nam
1128 387 1209 448 qui
1229 387 1518 453 Edimburgo
1539 404 1773 444 venerant,
1805 391 1926 438 doli-

110 460 113 467 ’
159 446 287 490 olum
328 445 512 493 sulfurei
534 446 733 508 pulveris
773 450 921 512 secum
945 448 1222 498 advexerant
1265 468 1277 498 ε
1313 450 1429 500 inde.
1457 448 1626 501 milites
1668 450 1925 502 festinantes

156 508 268 555 dum
291 510 586 557 inconsultius
609 510 903 571 depromunt,
946 513 1056 575 igne
1079 526 1248 561 temere
1280 514 1448 576 injeeto
1470 530 1593 565 tanta
1625 517 1694 564 ‘vis
1727 520 1925 566 flammae

157 587 346 634 repente
368 574 532 635 erupit,
561 587 608 619 ut
629 591 789 637 equus,
827 578 908 637 qui
937 573 1171 625 vasculum
1197 577 1408 636 vehebat,
1427 587 1465 628 δε
1502 582 1707 643 peditum
1734 584 1927 656 praefec-

154 648 229 684 tus
247 635 442 684 ‘Iacobus
466 639 738 694 Malvillius‚
759 641 1106 705 compluresque
1126 644 1323 690 militum
1347 645 1443 705 ejus
1462 647 1612 694 afflatu
1637 645 1807 695 f'uerint
1825 665 1923 695 am-

151 695 265 749 busti
292 722 304 767 ¹:
341 707 393 748 ac
417 702 561 763 major
583 719 683 764 pars
704 716 864 751 eorum
886 705 1005 756 intra
1026 724 1194 769 paucos
1217 709 1311 771 dies
1333 706 1537 772 perierit.

216 766 323 814 LII.
362 764 488 813 Dum
513 768 626 821 haec,
652 785 698 814 re
729 768 777 815 in
795 784 1000 817 neutram
1017 785 1189 835 partem
1209 773 1427 821 inclinata
1446 775 1563 821 circa
1581 772 1920 840 Edirnburgum

153 846 392 895 geruntur,
416 831 578 877 cohors
602 848 692 878 una
714 835 971 890 Scotorum,
991 836 1067 898 qui
1091 833 1393 897 superioribus
1416 839 1544 885 annis
1563 840 1610 886 in
1631 840 1781 886 Diania
1804 858 1923 888 rner-

152 898 265 943 cede
290 895 608 948 militaverant,
626 897 802 960 tuique
821 914 1009 960 praeerat
1033 899 1236 946 Michael
1264 898 1457 947 'Vemius
1476 899 1732 950 adolescens
1753 905 1932 951 nobilis·

150 960 324 1007 summa
345 960 529 1015 vssrtute‚
554 963 601 1008 8<
626 959 848 1016 dostrina,
873 964 1063 1010 domum
1103 963 1271 1015 reversa
1296 981 1481 1028 operam
1506 967 1627 1012 suam
1665 967 1802 1028 Regi,
1837 984 1922 1029 ορ,-

151 1025 330 1086 ρέἀεηίε
353 1023 510 1070 frustra
532 1026 914 1086 contendentibus
940 1041 987 1074 ut
1009 1034 1112 1074 earn
1128 1030 1183 1076 ad
1205 1029 1246 1075 se
1268 1030 1596 1092 pertraherent,
1617 1028 1800 1077 obtulit.
1853 1031 1923 1078 Hi

148 1083 183 1135 b
208 1090 278 1135 evi
302 1089 358 1135 ad
379 1089 478 1135 suos
501 1088 759 1137 invisendos
781 1091 923 1153 spatio
940 1092 1210 1157 impetrato,
1235 1094 1351 1155 dum'
1370 1095 1426 1157 ad
1461 1092 1581 1141 diem
1615 1090 1785 1142 dietum
1810 1109 1923 1141 con·

150 1153 357 1206 veniunt,
378 1152 590 1211 certiores
611 1155 725 1202 fiunt
745 1173 770 1201 a
794 1155 1056 1212 rebellibus,
1075 1175 1209 1219 naves
1228 1159 1285 1204 ad
1308 1159 1349 1206 se
1371 1159 1728 1222 intercipiendos
1748 1159 1923 1206 instrui.

149 1217 615 1269 Harumbinsxdiarum
641 1236 805 1281 gnarus
823 1223 1083 1268 Mortonius
1098 1223 1189 1284 ipse
1212 1239 1295 1284 pro
1312 1223 1526 1285 praesente
1548 1224 1680 1286 copia
1696 1241 1832 1270 manu
1851 1240 1923 1270 ar-

150 1297 291 1338 mata,
328 1283 510 1329 nemine
535 1283 731 1339 conscio,
767 1287 861 1348 quo
887 1287 1091 1342 duceret,
1124 1288 1238 1334 adeo
1261 1287 1521 1334 festinanter
1558 1288 1751 1335 Letham
1773 1287 1919 1346 venit,

150 1359 204 1394 ut
223 1364 300 1394 eos
323 1348 672 1406 conscendentes
696 1366 810 1410 pene
835 1353 1113 1413 oppresserit.
1183 1352 1392 1398 Sedecim
1415 1369 1439 1398 e
1464 1349 1765 1414 muratoribus
1789 1352 1834 1399 in
1860 1351 1924 1398 ri·
1947 1378 1958 1391 -.

148 1424 210 1475 pa
231 1412 339 1459 dum
363 1412 546 1473 scaphas
568 1410 738 1460 tardius
761 1414 956 1471 solvunt,
981 1416 1123 1478 capti.
1191 1417 1245 1463 In
1274 1419 1499 1480 posterum
1522 1416 1664 1472 diem,
1698 1415 1919 1480 quoniam

150 1477 285 1523 citius
308 1494 389 1540 per
425 1479 576 1523 aestum
603 1478 780 1524 Oceani
814 1496 906 1524 non
939 1492 1167 1541 poterant,
1211 1498 1346 1528 naves
1371 1493 1556 1542 paratae,
1595 1498 1697 1545 quae
1720 1481 1943 1544 reliquas

148 1541 538 1604 persequerentur,
566 1555 644 1588 aut
666 1541 905 1589 redeuntes
928 1544 1271 1607 interciperem.
1339 1547 1508 1593 Prorex
1529 1559 1713 1609 quoque
1737 1562 1788 1591 ea
1811 1562 1922 1592 noc-

149 1620 196 1652 te
218 1607 383 1652 certior
404 1606 564 1660 saelum,
591 1610 637 1655 δί
662 1606 755 1668 ipse
792 1608 1007 1669 postridie
1029 1610 1204 1656 summo
1229 1627 1360 1657 mane
1383 1627 1487 1657 cum
1513 1609 1820 1657 tumultuariis
1842 1626 1920 1656 co-

148 1670 237 1734 piis
261 1689 285 1716 a
306 1671 550 1730 (1)s1nist1·o
570 1668 748 1717 Forthae
771 1672 903 1719 litore
925 1673 1163 1729 festinavit,
1184 1687 1234 1720 ut
1253 1676 1446 1722 rebelles
1468 1673 1661 1738 egre'ss‘os
1683 1672 1730 1720 in
1754 1686 1921 1722 terram

145 1735 400 1783 invaderet.
469 1736 555 1799 Sed
581 1736 780 1782 militum
805 1737 1146 1784 Cimbricorum
1171 1739 1431 1802 properatio
1454 1736 1535 1785 hos
1555 1755 1712 1786 ornnes
1730 1750 1920 1796 conatus

148 1800 259 1849 fecit
281 1800 448 1855 irritos.
497 1799 651 1860 Major
668 1800 788 1846 enim
815 1818 915 1862 pars
939 1802 1157 1864 majorem
1183 1804 1311 1849 nafta
1334 1820 1492 1850 navem
1518 1802 1762 1849 incolumis
1782 1801 1924 1849 trans-

148 1865 287 1912 misit.
357 1863 543 1919 Caeteri,
588 1863 667 1925 qui
691 1864 987 1913 minusculam
1013 1867 1573 1930 conscenderant,⁴pro'cul
1611 1885 1637 1914 a
1670 1867 1819 1915 Letha
1840 1867 1922 1914 de-

146 1930 353 1995 prehensi
377 1929 556 1974 circiter
577 1928 744 1992 viginti
768 1928 840 1975 sex
858 1932 913 1976 ad
937 1948 1086 1978 arcem
1106 1929 1207 1978 sunt
1228 1928 1428 1979 deduffi.
1654 1991 1657 1993 -

212 1995 344 2040 Lm.
380 1993 467 2040 His
493 1994 555 2040 ita
584 1993 802 2040 confeRis
842 2008 1005 2057 prorex
1048 1997 1293 2042 Sterlinum
1330 1996 1583 2043 revertitur.
1653 1995 1920 2043 Mortonius

145 2058 319 2113 labore,
343 2065 380 2105 δε
405 2058 594 2121 vigiliis,
617 2071 833 2120 praeterea
856 2059 946 2106 coli
969 2060 1127 2107 dolore
1150 2061 1338 2108 afflifius
1362 2062 1522 2108 Lethae
1544 2062 1662 2108 Ιεξὶο
1681 2061 1838 2122 affixus
1854 2073 1923 2107 te-

145 2124 355 2170 nebatur.
406 2123 602 2170 Druzius
627 2123 826 2186 Aug-IUS,
854 2123 934 2186 qui
958 2142 1037 2187 per
1059 2137 1126 2171 tot
1149 2126 1244 2172 dies
1266 2127 1323 2172 de
1345 2125 1544 2172 induciis
1563 2125 1680 2171 inter
1702 2124 1920 2173 factiones

143 2200 321 2251 egerat,
346 2188 461 2234 nihil
487 2188 729 2250 transigere
752 2200 950 2251 poterat,
991 2191 1117 2252 quod
1157 2187 1324 2236 Prorex
1349 2191 1475 2237 nulla
1508 2190 1594 2236 alia
1614 2190 1790 2236 ratione
1809 2205 1921 2236 con-

144 2252 345 2300 sensurus
369 2254 490 2308 esset,
524 2252 600 2298 nist
629 2268 732 2313 quae
755 2269 836 2314 per
870 2254 1042 2314 priores
1066 2253 1272 2313 inducias
1297 2257 1403 2301 loca
1421 2267 1546 2301 erant
1570 2267 1807 2317 occupata,
1849 2271 1921 2300 re-

149 2317 451 2378 stituerentur.
521 2317 642 2364 Cum
665 2315 926 2380 discessurus
946 2319 1067 2374 esset,
1102 2320 1283 2382 Anglus
1307 2317 1498 2365 rebelles
1521 2319 1648 2365 velut
1671 2326 1752 2380 per
1774 2319 1893 2364 osten
1909 2345 1921 2356 ·

114 2400 117 2404 ’
144 2383 366 2429 tationem
384 2379 522 2428 officii
541 2380 761 2445 quicquid
786 2379 1018 2429 habebant
1049 2382 1215 2430 virium
1242 2399 1345 2430 curn
1366 2400 1422 2431 eo
1445 2384 1758 2446 produxerunt
1785 2400 1796 2428 :
1833 2382 1918 2429 rati

142 2447 449 2496 decumbente
473 2445 713 2492 Mortonio
747 2447 817 2490 vel
843 2447 1020 2492 timoris
1044 2442 1362 2494 confessionem
1389 2448 1432 2495 se
1454 2447 1510 2499 ab
1533 2443 1733 2493 hostibus
1757 2463 1919 2493 nume-

139 2528 193 2558 ro
210 2507 498 2557 inferioribus
519 2503 795 2572 expressurus
823 2528 834 2556 :
868 2511 939 2556 vel
964 2511 993 2557 fi
1011 2527 1112 2557 cum
1141 2511 1284 2575 copiis
1303 2513 1399 2572 ejus
1420 2513 1510 2558 fine
1530 2512 1646 2558 duce
1665 2511 1920 2572 congrede-

140 2589 311 2630 rentur,
333 2574 509 2638 aliquid
533 2575 578 2621 in
598 2574 818 2621 summam
843 2574 906 2621 rei
930 2575 1228 2636 profeeturos.
1290 2576 1552 2624 Mortonius
1577 2592 1658 2638 per
1674 2575 1913 2622 stationem

139 2639 350 2703 equitum
373 2639 539 2686 certior
560 2639 702 2686 sanstus
724 2656 749 2686 e
772 2640 889 2685 lecito
913 2640 1058 2686 statim
1083 2641 1342 2704 consurgit,
1369 2644 1413 2688 ὅτ
1436 2656 1559 2686 arma
1582 2639 1704 2701 capit
1729 2657 1739 2686 :
1799 2640 1919 2686 suos.

139 2712 427 2769 que'omnes
463 2702 510 2750 in
535 2704 845 2767 propinquum
871 2704 1140 2754 colliculum
1176 2703 1415 2768 producit,
1433 2717 1567 2767 atque
1591 2704 1826 2766 instru&os
1852 2716 1920 2750 te-

138 2783 219 2816 net
239 2771 600 2833 quadringentos
636 2768 727 2815 fere
762 2769 819 2815 ab
842 2768 965 2814 hoste
988 2771 1147 2831 passus,
1217 2770 1413 2816 Drurius
1445 2766 1628 2832 Anglus
1655 2768 1776 2815 inter
1798 2768 1917 2816 acies

139 2834 398 2889 cursitabat,
423 2849 476 2880 ac
501 2833 710 2897 utrosque
732 2832 932 2879 invicem
951 2833 1160 2896 rogabat,
1179 2845 1229 2880 ut
1250 2833 1410 2880 domos
1434 2833 1652 2888 redirent,
1681 2830 1767 2879 neu
1792 2831 1917 2896 spem

137 2898 731 2960 reru'm‘componendarum
757 2897 893 2943 nimis
924 2890 1082 2946 calidis
1106 2897 1303 2944 consiliis
1331 2897 1653 2961 infringerent.
1715 2898 1834 2950 Cum
1859 2898 1918 2944 de

131 2962 324 3024 ‘receptu
353 2961 676 3023 consentirent,
716 2964 767 3012 ὃς
800 2961 845 3007 id
888 2962 1028 3008 modo
1052 2960 1401 3008 'controversum
1427 2962 1546 3008 inter
1567 2978 1643 3009 eos
1667 2962 1788 3016 esset,
1826 2960 1916 3009 utri

136 3027 263 3090 prius
288 3028 412 3088 signa
434 3038 766 3087 converterent,
811 3022 930 3072 hanc
948 3031 950 3033 ’
968 3025 1303 3088 ςυοεμιεκὶὶῐεῐῃ
1328 3023 1523 3073 Drurius
1547 3026 1707 3074 tollere
1728 3038 1916 3072 conatus

135 3092 195 3138 ab
221 3091 418 3154 utrisque
441 3090 592 3151 petiit,
617 3103 668 3138 ut
685 3105 789 3137 cum
813 3090 907 3153 ipse
931 3091 1043 3137 stans
1065 3090 1113 3137 in
1137 3091 1290 3137 medio
1315 3091 1437 3153 inter¹
1455 3091 1567 3137 duas
1590 3090 1708 3136 acies
1735 3090 1914 3153 signum

130 3155 350 3214 dedisset,
369 3154 548 3217 utrique
571 3155 732 3202 eodem
758 3166 994 3203 momento
1016 3154 1057 3200 se
1088 3153 1357 3218 reciperent.
1427 3154 1691 3203 Mortonius
1730 3170 1820 3200 non
1845 3169 1917 3201 rea

134 3218 604 3284 pugnabat,.rebelles
629 3233 787 3266 contra
812 3219 1120 3272 minabantur,
1155 3219 1213 3274 se,
1238 3221 1320 3267 nisi
1342 3220 1500 3283 sponte
1521 3219 1788 3272 discederet,
1808 3233 1915 3279 eum

135 3301 239 3331 cnm
263 3283 520 3348 ignominia
539 3284 759 3345 pulsuros.
788 3312 791 3316 ,
827 3284 899 3330 Ac
915 3283 1011 3344 jam
1035 3280 1112 3329 'vix
1135 3280 1359 3331 contineri
1379 3285 1609 3347 po‘terant,
1641 3298 1735 3346 q2uo
1758 3283 1910 3330 minus

132 3349 277 3402 aciem
301 3351 638 3409 promoverent.
1846 3369 1849 3372 ·

197 3413 330 3462 LIV.
362 3412 470 3460 Hoc
487 3412 695 3475 responso
716 3426 900 3476 recepto
919 3411 1182 3459 Mortonius
1205 3418 1248 3461 ie
1266 3404 1462 3471 Drurio,
1497 3428 1565 3471 ac,
1579 3410 1763 3476 Anglis‚
1795 3423 1914 3471 quos

188 3541 251 3591 ξι)
280 3541 368 3582 The
385 3540 619 3590 North-fide,
647 3541 703 3583 see
721 3541 787 3583 the
813 3543 988 3587 nutelib„
1005 3553 1040 3583 1.
1061 3554 1140 3594 cap.
1165 3555 1225 3593 17·

1855 3651 1912 3687 80
