<?xml version="1.0" encoding="UTF-8"?>
<!DOCTYPE html PUBLIC "-//W3C//DTD XHTML 1.0 Transitional//EN"
    "http://www.w3.org/TR/xhtml1/DTD/xhtml1-transitional.dtd">
<html xmlns="http://www.w3.org/1999/xhtml" xml:lang="en" lang="en">
 <head>
  <title>
</title>
<meta http-equiv="Content-Type" content="text/html;charset=utf-8" />
  <meta name='ocr-system' content='tesseract 3.04.00' />
  <meta name='ocr-capabilities' content='ocr_page ocr_carea ocr_par ocr_line ocrx_word'/>
</head>
<body>
  <div class='ocr_page' id='page_1' title='image "./rerumscoticarumh01buch_0256.png"; bbox 0 0 1992 3801; ppageno 0'>
   <div class='ocr_carea' id='block_1_1' title="bbox 49 144 1937 3341">
    <p class='ocr_par' dir='ltr' id='par_1_1' title="bbox 123 144 1910 375">
     <span class='ocr_line' id='line_1_1' title="bbox 125 144 1669 227; baseline 0.003 -18"><span class='ocrx_word' id='word_1_1' title='bbox 125 144 260 227; x_wconf 55' lang='lat'><strong>238&gt;</strong></span> <span class='ocrx_word' id='word_1_2' title='bbox 442 145 799 212; x_wconf 64' lang='lat' dir='ltr'><strong>RERUM</strong></span> <span class='ocrx_word' id='word_1_3' title='bbox 907 147 1669 214; x_wconf 54' lang='lat' dir='ltr'><strong>Sco&#39;rICARUM‘</strong></span> 
     </span>
     <span class='ocr_line' id='line_1_2' title="bbox 123 242 1909 309; baseline 0.003 -20"><span class='ocrx_word' id='word_1_4' title='bbox 123 242 357 305; x_wconf 78' lang='lat' dir='ltr'>sexaginta</span> <span class='ocrx_word' id='word_1_5' title='bbox 387 243 573 292; x_wconf 88' lang='lat' dir='ltr'><strong>navium</strong></span> <span class='ocrx_word' id='word_1_6' title='bbox 596 245 812 293; x_wconf 89' lang='lat' dir='ltr'><strong>Fortham</strong></span> <span class='ocrx_word' id='word_1_7' title='bbox 842 243 978 291; x_wconf 85' lang='lat' dir='ltr'><strong>subiit</strong></span> <span class='ocrx_word' id='word_1_8' title='bbox 1008 245 1105 306; x_wconf 76' lang='grc' dir='ltr'>(ι).</span> <span class='ocrx_word' id='word_1_9' title='bbox 1174 246 1273 309; x_wconf 89' lang='lat' dir='ltr'><strong>Ipse</strong></span> <span class='ocrx_word' id='word_1_10' title='bbox 1293 246 1483 294; x_wconf 84' lang='lat' dir='ltr'><strong>terrestri</strong></span> <span class='ocrx_word' id='word_1_11' title='bbox 1504 246 1667 295; x_wconf 88' lang='lat' dir='ltr'><strong>itinere</strong></span> <span class='ocrx_word' id='word_1_12' title='bbox 1689 246 1909 304; x_wconf 69' lang='lat' dir='ltr'><strong>Perthum</strong></span> 
     </span>
     <span class='ocr_line' id='line_1_3' title="bbox 123 306 1910 375; baseline 0.003 -21"><span class='ocrx_word' id='word_1_13' title='bbox 123 306 200 371; x_wconf 66' lang='lat' dir='ltr'><strong>usq</strong></span> <span class='ocrx_word' id='word_1_14' title='bbox 209 322 261 352; x_wconf 91' lang='lat' dir='ltr'><strong>ue</strong></span> <span class='ocrx_word' id='word_1_15' title='bbox 282 309 534 370; x_wconf 78' lang='lat' dir='ltr'><strong>progressus</strong></span> <span class='ocrx_word' id='word_1_16' title='bbox 554 310 729 356; x_wconf 85' lang='lat' dir='ltr'><strong>vicinos</strong></span> <span class='ocrx_word' id='word_1_17' title='bbox 752 326 883 373; x_wconf 88' lang='lat' dir='ltr'><strong>agros</strong></span> <span class='ocrx_word' id='word_1_18' title='bbox 905 309 997 356; x_wconf 75' lang='lat' dir='ltr'><strong>late</strong></span> <span class='ocrx_word' id='word_1_19' title='bbox 1019 309 1283 371; x_wconf 88' lang='lat' dir='ltr'><strong>populando</strong></span> <span class='ocrx_word' id='word_1_20' title='bbox 1305 311 1370 358; x_wconf 90' lang='lat' dir='ltr'><strong>ibi</strong></span> <span class='ocrx_word' id='word_1_21' title='bbox 1386 311 1659 358; x_wconf 89' lang='lat' dir='ltr'><strong>Cuminium</strong></span> <span class='ocrx_word' id='word_1_22' title='bbox 1681 313 1910 375; x_wconf 63' lang='lat' dir='ltr'><strong>expectat.</strong></span> 
     </span>
    </p>

    <p class='ocr_par' dir='ltr' id='par_1_2' title="bbox 49 371 1937 2696">
     <span class='ocr_line' id='line_1_4' title="bbox 189 371 1908 435; baseline 0.003 -18"><span class='ocrx_word' id='word_1_23' title='bbox 189 371 345 417; x_wconf 85' lang='lat' dir='ltr'><strong>XXII.</strong></span> <span class='ocrx_word' id='word_1_24' title='bbox 376 372 502 419; x_wconf 82' lang='lat' dir='ltr'><strong>Inter</strong></span> <span class='ocrx_word' id='word_1_25' title='bbox 524 390 577 420; x_wconf 91' lang='lat' dir='ltr'><strong>ea</strong></span> <span class='ocrx_word' id='word_1_26' title='bbox 594 390 698 420; x_wconf 89' lang='lat' dir='ltr'><strong>cum</strong></span> <span class='ocrx_word' id='word_1_27' title='bbox 719 371 977 420; x_wconf 84' lang='lat' dir='ltr'><strong>Randolfus</strong></span> <span class='ocrx_word' id='word_1_28' title='bbox 998 374 1237 430; x_wconf 84' lang='lat' dir='ltr'><strong>Ioannem,</strong></span> <span class='ocrx_word' id='word_1_29' title='bbox 1258 373 1340 435; x_wconf 90' lang='lat' dir='ltr'><strong>qui</strong></span> <span class='ocrx_word' id='word_1_30' title='bbox 1354 375 1564 422; x_wconf 87' lang='lat' dir='ltr'><strong>AEbudas</strong></span> <span class='ocrx_word' id='word_1_31' title='bbox 1587 375 1669 423; x_wconf 87' lang='lat' dir='ltr'><strong>fibi</strong></span> <span class='ocrx_word' id='word_1_32' title='bbox 1690 374 1908 423; x_wconf 79' lang='lat' dir='ltr'><strong>vendica·</strong></span> 
     </span>
     <span class='ocr_line' id='line_1_5' title="bbox 120 435 1908 501; baseline 0.004 -21"><span class='ocrx_word' id='word_1_33' title='bbox 120 446 265 490; x_wconf 85' lang='lat' dir='ltr'><strong>verat,</strong></span> <span class='ocrx_word' id='word_1_34' title='bbox 288 435 582 492; x_wconf 73' lang='lat' dir='ltr'><strong>convenisset,</strong></span> <span class='ocrx_word' id='word_1_35' title='bbox 601 437 685 484; x_wconf 84' lang='lat' dir='ltr'><strong>nec</strong></span> <span class='ocrx_word' id='word_1_36' title='bbox 702 452 807 484; x_wconf 88' lang='lat' dir='ltr'><strong>eum</strong></span> <span class='ocrx_word' id='word_1_37' title='bbox 830 437 886 483; x_wconf 86' lang='lat' dir='ltr'><strong>ad</strong></span> <span class='ocrx_word' id='word_1_38' title='bbox 906 436 1001 484; x_wconf 87' lang='lat' dir='ltr'><strong>suas</strong></span> <span class='ocrx_word' id='word_1_39' title='bbox 1023 449 1174 500; x_wconf 88' lang='lat' dir='ltr'><strong>partes</strong></span> <span class='ocrx_word' id='word_1_40' title='bbox 1191 437 1262 498; x_wconf 87' lang='lat' dir='ltr'><strong>adj</strong></span> <span class='ocrx_word' id='word_1_41' title='bbox 1273 445 1445 500; x_wconf 47' lang='lat' dir='ltr'><strong>ungere⁴</strong></span> <span class='ocrx_word' id='word_1_42' title='bbox 1459 441 1616 501; x_wconf 77' lang='lat' dir='ltr'><strong>posset,</strong></span> <span class='ocrx_word' id='word_1_43' title='bbox 1638 440 1836 488; x_wconf 87' lang='lat' dir='ltr'><strong>induciis</strong></span> <span class='ocrx_word' id='word_1_44' title='bbox 1858 441 1908 488; x_wconf 88' lang='lat' dir='ltr'><strong>in</strong></span> 
     </span>
     <span class='ocr_line' id='line_1_6' title="bbox 121 498 1905 564; baseline 0.004 -19"><span class='ocrx_word' id='word_1_45' title='bbox 121 498 299 560; x_wconf 85' lang='lat' dir='ltr'><strong>aliquot</strong></span> <span class='ocrx_word' id='word_1_46' title='bbox 320 500 490 546; x_wconf 89' lang='lat' dir='ltr'><strong>menses</strong></span> <span class='ocrx_word' id='word_1_47' title='bbox 513 501 561 546; x_wconf 90' lang='lat' dir='ltr'><strong>in</strong></span> <span class='ocrx_word' id='word_1_48' title='bbox 585 502 718 547; x_wconf 90' lang='lat' dir='ltr'><strong>rebus</strong></span> <span class='ocrx_word' id='word_1_49' title='bbox 747 513 841 548; x_wconf 86' lang='lat' dir='ltr'><strong>tam</strong></span> <span class='ocrx_word' id='word_1_50' title='bbox 870 500 1147 564; x_wconf 86' lang='lat' dir='ltr'><strong>perturbatis</strong></span> <span class='ocrx_word' id='word_1_51' title='bbox 1170 513 1410 556; x_wconf 84' lang='lat' dir='ltr'><strong>contentus</strong></span> <span class='ocrx_word' id='word_1_52' title='bbox 1429 503 1684 560; x_wconf 84' lang='lat' dir='ltr'><strong>Robertum</strong></span> <span class='ocrx_word' id='word_1_53' title='bbox 1707 506 1905 563; x_wconf 86' lang='lat' dir='ltr'><strong>alterum</strong></span> 
     </span>
     <span class='ocr_line' id='line_1_7' title="bbox 116 564 1906 633; baseline 0.003 -23"><span class='ocrx_word' id='word_1_54' title='bbox 116 564 364 628; x_wconf 80' lang='lat' dir='ltr'><strong>Proregem</strong></span> <span class='ocrx_word' id='word_1_55' title='bbox 384 564 493 611; x_wconf 87' lang='lat' dir='ltr'><strong>inde</strong></span> <span class='ocrx_word' id='word_1_56' title='bbox 512 565 691 612; x_wconf 87' lang='lat' dir='ltr'><strong>rediens</strong></span> <span class='ocrx_word' id='word_1_57' title='bbox 719 565 849 630; x_wconf 90' lang='lat' dir='ltr'><strong>gravi</strong></span> <span class='ocrx_word' id='word_1_58' title='bbox 871 566 1034 613; x_wconf 89' lang='lat' dir='ltr'><strong>morbo</strong></span> <span class='ocrx_word' id='word_1_59' title='bbox 1054 564 1332 627; x_wconf 84' lang='lat' dir='ltr'><strong>implicitum</strong></span> <span class='ocrx_word' id='word_1_60' title='bbox 1366 566 1685 630; x_wconf 67' lang='lat' dir='ltr'><strong>deprehendit.</strong></span> <span class='ocrx_word' id='word_1_61' title='bbox 1737 570 1906 633; x_wconf 56' lang='lat' dir='ltr'><strong>⁴Igitur</strong></span> 
     </span>
     <span class='ocr_line' id='line_1_8' title="bbox 117 628 1906 696; baseline 0.003 -21"><span class='ocrx_word' id='word_1_62' title='bbox 117 628 382 675; x_wconf 81' lang='lat' dir='ltr'><strong>alieniffimo</strong></span> <span class='ocrx_word' id='word_1_63' title='bbox 405 631 610 692; x_wconf 79' lang='lat' dir='ltr'><strong>tempore</strong></span> <span class='ocrx_word' id='word_1_64' title='bbox 631 645 768 677; x_wconf 90' lang='lat' dir='ltr'><strong>onere</strong></span> <span class='ocrx_word' id='word_1_65' title='bbox 789 629 837 676; x_wconf 89' lang='lat' dir='ltr'><strong>in</strong></span> <span class='ocrx_word' id='word_1_66' title='bbox 859 630 902 676; x_wconf 91' lang='lat' dir='ltr'><strong>se</strong></span> <span class='ocrx_word' id='word_1_67' title='bbox 924 646 1068 677; x_wconf 84' lang='lat' dir='ltr'><strong>unum</strong></span> <span class='ocrx_word' id='word_1_68' title='bbox 1084 630 1322 688; x_wconf 81' lang='lat' dir='ltr'><strong>inclinatO,</strong></span> <span class='ocrx_word' id='word_1_69' title='bbox 1346 647 1453 689; x_wconf 85' lang='lat' dir='ltr'><strong>cum</strong></span> <span class='ocrx_word' id='word_1_70' title='bbox 1472 632 1630 696; x_wconf 87' lang='lat' dir='ltr'><strong>Anglo</strong></span> <span class='ocrx_word' id='word_1_71' title='bbox 1653 649 1745 691; x_wconf 80' lang='lat' dir='ltr'><strong>non</strong></span> <span class='ocrx_word' id='word_1_72' title='bbox 1774 634 1906 690; x_wconf 79' lang='lat' dir='ltr'><strong>ausus</strong></span> 
     </span>
     <span class='ocr_line' id='line_1_9' title="bbox 117 691 1906 767; baseline 0.003 -29"><span class='ocrx_word' id='word_1_73' title='bbox 117 693 341 756; x_wconf 84' lang='lat' dir='ltr'><strong>congredi</strong></span> <span class='ocrx_word' id='word_1_74' title='bbox 362 693 483 740; x_wconf 88' lang='lat' dir='ltr'><strong>vires</strong></span> <span class='ocrx_word' id='word_1_75' title='bbox 503 693 670 748; x_wconf 82' lang='lat' dir='ltr'><strong>divisit,</strong></span> <span class='ocrx_word' id='word_1_76' title='bbox 691 711 775 767; x_wconf 89' lang='lat' dir='ltr'><strong>per</strong></span> <span class='ocrx_word' id='word_1_77' title='bbox 793 706 941 757; x_wconf 89' lang='lat' dir='ltr'><strong>partes</strong></span> <span class='ocrx_word' id='word_1_78' title='bbox 959 710 1065 753; x_wconf 80' lang='lat' dir='ltr'><strong>eum</strong></span> <span class='ocrx_word' id='word_1_79' title='bbox 1091 707 1140 741; x_wconf 90' lang='lat' dir='ltr'><strong>ut</strong></span> <span class='ocrx_word' id='word_1_80' title='bbox 1161 691 1379 758; x_wconf 82' lang='lat' dir='ltr'><strong>carperet.</strong></span> <span class='ocrx_word' id='word_1_81' title='bbox 1410 695 1589 754; x_wconf 87' lang='lat' dir='ltr'><strong>Audito</strong></span> <span class='ocrx_word' id='word_1_82' title='bbox 1611 709 1762 760; x_wconf 20' lang='lat' dir='ltr'><strong>alu-tem</strong></span> <span class='ocrx_word' id='word_1_83' title='bbox 1788 698 1906 744; x_wconf 91' lang='lat' dir='ltr'><strong>Gel-</strong></span> 
     </span>
     <span class='ocr_line' id='line_1_10' title="bbox 117 754 1905 825; baseline 0.003 -21"><span class='ocrx_word' id='word_1_84' title='bbox 117 757 304 804; x_wconf 89' lang='lat' dir='ltr'><strong>drorum</strong></span> <span class='ocrx_word' id='word_1_85' title='bbox 327 754 530 804; x_wconf 87' lang='lat' dir='ltr'><strong>validum</strong></span> <span class='ocrx_word' id='word_1_86' title='bbox 554 771 806 806; x_wconf 78' lang='lat' dir='ltr'><strong>exercitum</strong></span> <span class='ocrx_word' id='word_1_87' title='bbox 836 776 918 823; x_wconf 87' lang='lat' dir='ltr'><strong>per</strong></span> <span class='ocrx_word' id='word_1_88' title='bbox 939 758 1158 823; x_wconf 87' lang='lat' dir='ltr'><strong>Angliam</strong></span> <span class='ocrx_word' id='word_1_89' title='bbox 1183 762 1453 823; x_wconf 59' lang='lat' dir='ltr'><strong>adventare,</strong></span> <span class='ocrx_word' id='word_1_90' title='bbox 1472 774 1524 822; x_wconf 83' lang='lat' dir='ltr'><strong>ut</strong></span> <span class='ocrx_word' id='word_1_91' title='bbox 1539 761 1582 808; x_wconf 90' lang='lat' dir='ltr'><strong>se</strong></span> <span class='ocrx_word' id='word_1_92' title='bbox 1615 776 1722 825; x_wconf 81' lang='lat' dir='ltr'><strong>curn</strong></span> <span class='ocrx_word' id='word_1_93' title='bbox 1745 762 1905 825; x_wconf 80' lang='lat' dir='ltr'><strong>Anglo</strong></span> 
     </span>
     <span class='ocr_line' id='line_1_11' title="bbox 49 820 1906 889; baseline 0.005 -25"><span class='ocrx_word' id='word_1_94' title='bbox 49 860 55 864; x_wconf 30' lang='lat' dir='ltr'><strong><em>s</em></strong></span> <span class='ocrx_word' id='word_1_95' title='bbox 111 820 346 889; x_wconf 70' lang='lat' dir='ltr'><strong>jungeret,</strong></span> <span class='ocrx_word' id='word_1_96' title='bbox 370 822 427 868; x_wconf 89' lang='lat' dir='ltr'><strong>ad</strong></span> <span class='ocrx_word' id='word_1_97' title='bbox 445 822 638 870; x_wconf 88' lang='lat' dir='ltr'><strong>limitem</strong></span> <span class='ocrx_word' id='word_1_98' title='bbox 665 823 847 887; x_wconf 85' lang='lat' dir='ltr'><strong>Angliae</strong></span> <span class='ocrx_word' id='word_1_99' title='bbox 865 836 1095 887; x_wconf 83' lang='lat' dir='ltr'><strong>properat.</strong></span> <span class='ocrx_word' id='word_1_100' title='bbox 1160 824 1379 871; x_wconf 90' lang='lat' dir='ltr'><strong>Venienti</strong></span> <span class='ocrx_word' id='word_1_101' title='bbox 1399 821 1695 885; x_wconf 80' lang='lat' dir='ltr'><strong>occurrerunt</strong></span> <span class='ocrx_word' id='word_1_102' title='bbox 1717 826 1906 874; x_wconf 86' lang='lat' dir='ltr'><strong>Patrici-</strong></span> 
     </span>
     <span class='ocr_line' id='line_1_12' title="bbox 120 885 1903 950; baseline 0.003 -18"><span class='ocrx_word' id='word_1_103' title='bbox 120 903 171 932; x_wconf 84' lang='lat' dir='ltr'><strong>us</strong></span> <span class='ocrx_word' id='word_1_104' title='bbox 195 887 388 933; x_wconf 80' lang='lat' dir='ltr'><strong>Marciae</strong></span> <span class='ocrx_word' id='word_1_105' title='bbox 407 888 594 941; x_wconf 64' lang='lat' dir='ltr'><strong>ComeS,</strong></span> <span class='ocrx_word' id='word_1_106' title='bbox 616 886 882 945; x_wconf 82' lang='lat' dir='ltr'><strong>Gulielmus</strong></span> <span class='ocrx_word' id='word_1_107' title='bbox 896 887 1156 950; x_wconf 80' lang='lat' dir='ltr'><strong>Duglaffius</strong></span> <span class='ocrx_word' id='word_1_108' title='bbox 1177 885 1518 942; x_wconf 76' lang='lat' dir='ltr'><strong>Lidalianus‚·&amp;</strong></span> <span class='ocrx_word' id='word_1_109' title='bbox 1534 890 1796 950; x_wconf 74' lang='lat' dir='ltr'><strong>Alexander</strong></span> <span class='ocrx_word' id='word_1_110' title='bbox 1809 892 1903 938; x_wconf 87' lang='lat' dir='ltr'><strong>Ra-</strong></span> 
     </span>
     <span class='ocr_line' id='line_1_13' title="bbox 118 949 1906 1011; baseline 0.001 -13"><span class='ocrx_word' id='word_1_111' title='bbox 118 950 374 1011; x_wconf 85' lang='lat' dir='ltr'><strong>misaeus(2)</strong></span> <span class='ocrx_word' id='word_1_112' title='bbox 396 962 493 996; x_wconf 85' lang='lat' dir='ltr'><strong>turn</strong></span> <span class='ocrx_word' id='word_1_113' title='bbox 516 950 561 996; x_wconf 90' lang='lat' dir='ltr'><strong>in</strong></span> <span class='ocrx_word' id='word_1_114' title='bbox 584 967 630 996; x_wconf 90' lang='lat' dir='ltr'><strong>re</strong></span> <span class='ocrx_word' id='word_1_115' title='bbox 646 950 835 1009; x_wconf 78' lang='lat' dir='ltr'><strong>militari</strong></span> <span class='ocrx_word' id='word_1_116' title='bbox 853 949 1027 997; x_wconf 84' lang='lat' dir='ltr'><strong>nemini</strong></span> <span class='ocrx_word' id='word_1_117' title='bbox 1046 951 1265 997; x_wconf 84' lang='lat' dir='ltr'><strong>secundus</strong></span> <span class='ocrx_word' id='word_1_118' title='bbox 1285 951 1578 998; x_wconf 84' lang='lat' dir='ltr'><strong>existimatus.</strong></span> <span class='ocrx_word' id='word_1_119' title='bbox 1613 953 1681 999; x_wconf 92' lang='lat' dir='ltr'><strong>Hi</strong></span> <span class='ocrx_word' id='word_1_120' title='bbox 1705 953 1906 1006; x_wconf 83' lang='lat' dir='ltr'><strong>Geldros</strong></span> 
     </span>
     <span class='ocr_line' id='line_1_14' title="bbox 113 1013 1906 1081; baseline 0.001 -18"><span class='ocrx_word' id='word_1_121' title='bbox 113 1014 358 1077; x_wconf 25' lang='lat' dir='ltr'><strong>inicampis</strong></span> <span class='ocrx_word' id='word_1_122' title='bbox 380 1014 670 1081; x_wconf 87' lang='lat' dir='ltr'><strong>Edimburgo</strong></span> <span class='ocrx_word' id='word_1_123' title='bbox 690 1013 910 1077; x_wconf 86' lang='lat' dir='ltr'><strong>proximis</strong></span> <span class='ocrx_word' id='word_1_124' title='bbox 932 1014 1250 1078; x_wconf 86' lang='lat' dir='ltr'><strong>opperiuntur.</strong></span> <span class='ocrx_word' id='word_1_125' title='bbox 1274 1016 1373 1063; x_wconf 86' lang='lat' dir='ltr'><strong>Ubi</strong></span> <span class='ocrx_word' id='word_1_126' title='bbox 1395 1015 1598 1080; x_wconf 90' lang='lat' dir='ltr'><strong>primum</strong></span> <span class='ocrx_word' id='word_1_127' title='bbox 1620 1016 1666 1063; x_wconf 88' lang='lat' dir='ltr'><strong>in</strong></span> <span class='ocrx_word' id='word_1_128' title='bbox 1691 1018 1906 1081; x_wconf 58' lang='lat' dir='ltr'><strong>conspesq</strong></span> 
     </span>
     <span class='ocr_line' id='line_1_15' title="bbox 113 1078 1902 1140; baseline 0.002 -13"><span class='ocrx_word' id='word_1_129' title='bbox 113 1092 167 1128; x_wconf 87' lang='lat' dir='ltr'><strong>tu</strong></span> <span class='ocrx_word' id='word_1_130' title='bbox 202 1079 327 1126; x_wconf 88' lang='lat' dir='ltr'><strong>fuere</strong></span> <span class='ocrx_word' id='word_1_131' title='bbox 357 1078 448 1125; x_wconf 82' lang='lat' dir='ltr'><strong>fine</strong></span> <span class='ocrx_word' id='word_1_132' title='bbox 481 1094 610 1126; x_wconf 87' lang='lat' dir='ltr'><strong>mora</strong></span> <span class='ocrx_word' id='word_1_133' title='bbox 637 1079 938 1140; x_wconf 69' lang='lat' dir='ltr'><strong>concurritur.</strong></span> <span class='ocrx_word' id='word_1_134' title='bbox 1004 1081 1105 1126; x_wconf 85' lang='lat' dir='ltr'><strong>Post</strong></span> <span class='ocrx_word' id='word_1_135' title='bbox 1136 1081 1407 1127; x_wconf 85' lang='lat' dir='ltr'><strong>acerrimum</strong></span> <span class='ocrx_word' id='word_1_136' title='bbox 1437 1081 1702 1129; x_wconf 64' lang='lat' dir='ltr'><strong>conflictum</strong></span> <span class='ocrx_word' id='word_1_137' title='bbox 1736 1083 1902 1130; x_wconf 89' lang='lat' dir='ltr'><strong>Geldri</strong></span> 
     </span>
     <span class='ocr_line' id='line_1_16' title="bbox 111 1139 1897 1215; baseline 0.003 -26"><span class='ocrx_word' id='word_1_138' title='bbox 111 1143 224 1192; x_wconf 62' lang='lat' dir='ltr'><strong>victi</strong></span> <span class='ocrx_word' id='word_1_139' title='bbox 260 1145 331 1205; x_wconf 85' lang='lat'><strong>(3)</strong></span> <span class='ocrx_word' id='word_1_140' title='bbox 365 1143 412 1190; x_wconf 83' lang='lat' dir='ltr'><strong>in</strong></span> <span class='ocrx_word' id='word_1_141' title='bbox 437 1142 751 1215; x_wconf 85' lang='lat' dir='ltr'><strong>propinquum</strong></span> <span class='ocrx_word' id='word_1_142' title='bbox 782 1139 971 1207; x_wconf 74' lang='lat' dir='ltr'><strong>collem,</strong></span> <span class='ocrx_word' id='word_1_143' title='bbox 1002 1143 1084 1201; x_wconf 78' lang='lat' dir='ltr'><strong>ubi·</strong></span> <span class='ocrx_word' id='word_1_144' title='bbox 1118 1143 1329 1203; x_wconf 80' lang='lat' dir='ltr'><strong>semiruta</strong></span> <span class='ocrx_word' id='word_1_145' title='bbox 1356 1162 1436 1192; x_wconf 81' lang='lat' dir='ltr'><strong>arx</strong></span> <span class='ocrx_word' id='word_1_146' title='bbox 1465 1158 1578 1201; x_wconf 85' lang='lat' dir='ltr'><strong>erat,</strong></span> <span class='ocrx_word' id='word_1_147' title='bbox 1613 1139 1712 1198; x_wconf 81' lang='lat' dir='ltr'><strong>refu</strong></span> <span class='ocrx_word' id='word_1_148' title='bbox 1749 1161 1897 1209; x_wconf 84' lang='lat' dir='ltr'><strong>erunt.</strong></span> 
     </span>
     <span class='ocr_line' id='line_1_17' title="bbox 108 1205 1896 1275; baseline 0.002 -20"><span class='ocrx_word' id='word_1_149' title='bbox 108 1207 333 1255; x_wconf 82' lang='lat' dir='ltr'><strong>Postridie</strong></span> <span class='ocrx_word' id='word_1_150' title='bbox 355 1224 460 1269; x_wconf 77' lang='lat' dir='ltr'><strong>curn</strong></span> <span class='ocrx_word' id='word_1_151' title='bbox 491 1208 697 1256; x_wconf 88' lang='lat' dir='ltr'><strong>omnium</strong></span> <span class='ocrx_word' id='word_1_152' title='bbox 723 1205 872 1271; x_wconf 81' lang='lat' dir='ltr'><strong>rerum</strong></span> <span class='ocrx_word' id='word_1_153' title='bbox 907 1208 1123 1271; x_wconf 80' lang='lat' dir='ltr'><strong>poenuria</strong></span> <span class='ocrx_word' id='word_1_154' title='bbox 1150 1209 1425 1265; x_wconf 82' lang='lat' dir='ltr'><strong>laborarent,</strong></span> <span class='ocrx_word' id='word_1_155' title='bbox 1448 1210 1592 1256; x_wconf 89' lang='lat' dir='ltr'><strong>vitam</strong></span> <span class='ocrx_word' id='word_1_156' title='bbox 1616 1213 1756 1259; x_wconf 89' lang='lat' dir='ltr'><strong>modo</strong></span> <span class='ocrx_word' id='word_1_157' title='bbox 1777 1213 1896 1275; x_wconf 60' lang='lat' dir='ltr'><strong>pamfili</strong></span> 
     </span>
     <span class='ocr_line' id='line_1_18' title="bbox 74 1268 1899 1338; baseline 0.002 -19"><span class='ocrx_word' id='word_1_158' title='bbox 74 1290 77 1292; x_wconf 92' lang='lat'>·</span> <span class='ocrx_word' id='word_1_159' title='bbox 111 1272 157 1319; x_wconf 84' lang='lat' dir='ltr'><strong>se</strong></span> <span class='ocrx_word' id='word_1_160' title='bbox 179 1271 470 1335; x_wconf 83' lang='lat' dir='ltr'><strong>dediderunt.</strong></span> <span class='ocrx_word' id='word_1_161' title='bbox 537 1268 795 1336; x_wconf 82' lang='lat' dir='ltr'><strong>Randolfus</strong></span> <span class='ocrx_word' id='word_1_162' title='bbox 815 1268 863 1320; x_wconf 83' lang='lat' dir='ltr'><strong>in</strong></span> <span class='ocrx_word' id='word_1_163' title='bbox 886 1271 1080 1336; x_wconf 87' lang='lat' dir='ltr'><strong>gratiam</strong></span> <span class='ocrx_word' id='word_1_164' title='bbox 1112 1274 1182 1337; x_wconf 79' lang='lat'><strong>(4)</strong></span> <span class='ocrx_word' id='word_1_165' title='bbox 1217 1273 1421 1338; x_wconf 87' lang='lat' dir='ltr'><strong>Philippi</strong></span> <span class='ocrx_word' id='word_1_166' title='bbox 1444 1275 1632 1330; x_wconf 82' lang='lat' dir='ltr'><strong>Valefii‚</strong></span> <span class='ocrx_word' id='word_1_167' title='bbox 1656 1292 1792 1338; x_wconf 88' lang='lat' dir='ltr'><strong>quem</strong></span> <span class='ocrx_word' id='word_1_168' title='bbox 1818 1275 1899 1337; x_wconf 83' lang='lat' dir='ltr'><strong>fibi</strong></span> 
     </span>
     <span class='ocr_line' id='line_1_19' title="bbox 111 1335 1900 1402; baseline 0.002 -19"><span class='ocrx_word' id='word_1_169' title='bbox 111 1337 427 1389; x_wconf 75' lang='lat' dir='ltr'><strong>amicissimum</strong></span> <span class='ocrx_word' id='word_1_170' title='bbox 447 1335 774 1402; x_wconf 81' lang='lat' dir='ltr'><strong>praedicabant,</strong></span> <span class='ocrx_word' id='word_1_171' title='bbox 794 1350 885 1385; x_wconf 86' lang='lat' dir='ltr'><strong>non</strong></span> <span class='ocrx_word' id='word_1_172' title='bbox 903 1350 1145 1385; x_wconf 88' lang='lat' dir='ltr'><strong>contentus</strong></span> <span class='ocrx_word' id='word_1_173' title='bbox 1159 1337 1434 1394; x_wconf 40' lang='lat' dir='ltr'><strong>&#39;incolumen</strong></span> <span class='ocrx_word' id='word_1_174' title='bbox 1455 1345 1494 1386; x_wconf 88' lang='lat'>&amp;</span> <span class='ocrx_word' id='word_1_175' title='bbox 1515 1351 1772 1386; x_wconf 85' lang='lat' dir='ltr'><strong>commeatu</strong></span> <span class='ocrx_word' id='word_1_176' title='bbox 1792 1356 1900 1401; x_wconf 11' lang='lat' dir='ltr'><strong>auc&gt;-</strong></span> 
     </span>
     <span class='ocr_line' id='line_1_20' title="bbox 116 1397 1898 1468; baseline 0.001 -20"><span class='ocrx_word' id='word_1_177' title='bbox 116 1414 188 1449; x_wconf 85' lang='lat' dir='ltr'><strong>tos</strong></span> <span class='ocrx_word' id='word_1_178' title='bbox 207 1397 455 1466; x_wconf 70' lang='lat' dir='ltr'><strong>dimittere,</strong></span> <span class='ocrx_word' id='word_1_179' title='bbox 479 1400 572 1464; x_wconf 65' lang='lat' dir='ltr'><strong>ip&#39;fe</strong></span> <span class='ocrx_word' id='word_1_180' title='bbox 591 1399 886 1450; x_wconf 80' lang='lat' dir='ltr'><strong>&#39;deducendo-s</strong></span> <span class='ocrx_word' id='word_1_181' title='bbox 908 1402 1111 1466; x_wconf 81' lang='lat' dir='ltr'><strong>suscaepit</strong></span> <span class='ocrx_word' id='word_1_182' title='bbox 1136 1421 1146 1450; x_wconf 80' lang='lat' dir='ltr'><em>z</em></span> <span class='ocrx_word' id='word_1_183' title='bbox 1168 1419 1223 1449; x_wconf 88' lang='lat' dir='ltr'><strong>eo</strong></span> <span class='ocrx_word' id='word_1_184' title='bbox 1242 1403 1288 1450; x_wconf 92' lang='lat' dir='ltr'><strong>in</strong></span> <span class='ocrx_word' id='word_1_185' title='bbox 1305 1403 1470 1451; x_wconf 87' lang='lat' dir='ltr'><strong>itinere</strong></span> <span class='ocrx_word' id='word_1_186' title='bbox 1492 1405 1550 1451; x_wconf 86' lang='lat' dir='ltr'><strong>ab</strong></span> <span class='ocrx_word' id='word_1_187' title='bbox 1574 1403 1786 1468; x_wconf 64' lang='lat' dir='ltr'><strong>Anglicz&#39;e</strong></span> <span class='ocrx_word' id='word_1_188' title='bbox 1805 1405 1898 1450; x_wconf 86' lang='lat' dir='ltr'><strong>fac-</strong></span> 
     </span>
     <span class='ocr_line' id='line_1_21' title="bbox 113 1460 1898 1532; baseline 0.001 -19"><span class='ocrx_word' id='word_1_189' title='bbox 113 1465 254 1514; x_wconf 84' lang='lat' dir='ltr'><strong>tionis</strong></span> <span class='ocrx_word' id='word_1_190' title='bbox 280 1463 350 1532; x_wconf 78' lang='grc'><strong>(5)</strong></span> <span class='ocrx_word' id='word_1_191' title='bbox 384 1462 557 1529; x_wconf 61' lang='lat' dir='ltr'><strong>insidiis</strong></span> <span class='ocrx_word' id='word_1_192' title='bbox 587 1460 816 1530; x_wconf 60' lang='lat' dir='ltr'><strong>e&#39;xcaeptus</strong></span> <span class='ocrx_word' id='word_1_193' title='bbox 839 1467 896 1513; x_wconf 88' lang='lat' dir='ltr'><strong>ad</strong></span> <span class='ocrx_word' id='word_1_194' title='bbox 919 1468 1097 1531; x_wconf 85' lang='lat' dir='ltr'><strong>Regem</strong></span> <span class='ocrx_word' id='word_1_195' title='bbox 1132 1467 1376 1516; x_wconf 88' lang='lat' dir='ltr'><strong>deducitur</strong></span> <span class='ocrx_word' id='word_1_196' title='bbox 1407 1488 1417 1516; x_wconf 93' lang='lat'><strong>:</strong></span> <span class='ocrx_word' id='word_1_197' title='bbox 1443 1468 1525 1531; x_wconf 88' lang='lat' dir='ltr'><strong>qui</strong></span> <span class='ocrx_word' id='word_1_198' title='bbox 1560 1482 1657 1517; x_wconf 88' lang='lat' dir='ltr'><strong>tum</strong></span> <span class='ocrx_word' id='word_1_199' title='bbox 1680 1468 1898 1532; x_wconf 79' lang='lat' dir='ltr'><strong>Perthum</strong></span> 
     </span>
     <span class='ocr_line' id='line_1_22' title="bbox 111 1530 1897 1595; baseline 0.002 -18"><span class='ocrx_word' id='word_1_200' title='bbox 111 1530 269 1579; x_wconf 88' lang='lat' dir='ltr'><strong>valido</strong></span> <span class='ocrx_word' id='word_1_201' title='bbox 299 1531 506 1579; x_wconf 84' lang='lat' dir='ltr'><strong>exercitu</strong></span> <span class='ocrx_word' id='word_1_202' title='bbox 536 1530 786 1578; x_wconf 67' lang='lat' dir='ltr'><strong>obsidebat.</strong></span> <span class='ocrx_word' id='word_1_203' title='bbox 854 1531 1027 1579; x_wconf 89' lang='lat' dir='ltr'><strong>Eodem</strong></span> <span class='ocrx_word' id='word_1_204' title='bbox 1065 1546 1270 1595; x_wconf 83' lang='lat' dir='ltr'><strong>tempore</strong></span> <span class='ocrx_word' id='word_1_205' title='bbox 1304 1533 1459 1591; x_wconf 80' lang='lat' dir='ltr'><strong>David</strong></span> <span class='ocrx_word' id='word_1_206' title='bbox 1493 1531 1739 1580; x_wconf 85' lang='lat' dir='ltr'><strong>Cuminius</strong></span> <span class='ocrx_word' id='word_1_207' title='bbox 1770 1533 1897 1595; x_wconf 87' lang='lat' dir='ltr'><strong>cujus</strong></span> 
     </span>
     <span class='ocr_line' id='line_1_23' title="bbox 112 1594 1937 1659; baseline 0.001 -15"><span class='ocrx_word' id='word_1_208' title='bbox 112 1594 270 1644; x_wconf 85' lang='lat' dir='ltr'><strong>omnia</strong></span> <span class='ocrx_word' id='word_1_209' title='bbox 291 1597 478 1643; x_wconf 76' lang='lat' dir='ltr'><strong>consilia</strong></span> <span class='ocrx_word' id='word_1_210' title='bbox 497 1594 555 1642; x_wconf 85' lang='lat' dir='ltr'><strong>ex</strong></span> <span class='ocrx_word' id='word_1_211' title='bbox 574 1595 875 1643; x_wconf 86' lang='lat' dir='ltr'><strong>inclinatione</strong></span> <span class='ocrx_word' id='word_1_212' title='bbox 898 1595 1093 1644; x_wconf 83' lang='lat' dir='ltr'><strong>fortunae</strong></span> <span class='ocrx_word' id='word_1_213' title='bbox 1116 1598 1394 1659; x_wconf 86' lang='lat' dir='ltr'><strong>pendebant,</strong></span> <span class='ocrx_word' id='word_1_214' title='bbox 1419 1600 1550 1645; x_wconf 82' lang='lat' dir='ltr'><strong>laetus</strong></span> <span class='ocrx_word' id='word_1_215' title='bbox 1569 1597 1747 1645; x_wconf 87' lang='lat' dir='ltr'><strong>inimici</strong></span> <span class='ocrx_word' id='word_1_216' title='bbox 1776 1600 1897 1645; x_wconf 87' lang='lat' dir='ltr'><strong>cala-</strong></span> <span class='ocrx_word' id='word_1_217' title='bbox 1932 1651 1937 1659; x_wconf 29' lang='lat'>⁵</span> 
     </span>
     <span class='ocr_line' id='line_1_24' title="bbox 112 1656 1896 1725; baseline 0 -16"><span class='ocrx_word' id='word_1_218' title='bbox 112 1659 274 1709; x_wconf 85' lang='lat' dir='ltr'><strong>mitate</strong></span> <span class='ocrx_word' id='word_1_219' title='bbox 297 1661 355 1708; x_wconf 88' lang='lat' dir='ltr'><strong>ad</strong></span> <span class='ocrx_word' id='word_1_220' title='bbox 378 1656 582 1724; x_wconf 78' lang='lat' dir='ltr'><strong>Anglum</strong></span> <span class='ocrx_word' id='word_1_221' title='bbox 602 1660 764 1707; x_wconf 83' lang='lat' dir='ltr'><strong>venit:</strong></span> <span class='ocrx_word' id='word_1_222' title='bbox 789 1660 831 1706; x_wconf 92' lang='lat' dir='ltr'><strong>ei</strong></span> <span class='ocrx_word' id='word_1_223' title='bbox 850 1661 1095 1724; x_wconf 72' lang='lat' dir='ltr'><strong>pollicetur</strong></span> <span class='ocrx_word' id='word_1_224' title='bbox 1116 1662 1157 1707; x_wconf 89' lang='lat' dir='ltr'><strong>se</strong></span> <span class='ocrx_word' id='word_1_225' title='bbox 1182 1662 1306 1708; x_wconf 86' lang='lat' dir='ltr'><strong>brevi</strong></span> <span class='ocrx_word' id='word_1_226' title='bbox 1330 1662 1354 1709; x_wconf 78' lang='grc' dir='ltr'>ὲ</span> <span class='ocrx_word' id='word_1_227' title='bbox 1379 1678 1520 1725; x_wconf 86' lang='lat' dir='ltr'><strong>regno</strong></span> <span class='ocrx_word' id='word_1_228' title='bbox 1543 1664 1792 1710; x_wconf 85' lang='lat' dir='ltr'><strong>Bruffianos</strong></span> <span class='ocrx_word' id='word_1_229' title='bbox 1815 1679 1896 1709; x_wconf 72' lang='lat' dir='ltr'><strong>ex-</strong></span> 
     </span>
     <span class='ocr_line' id='line_1_25' title="bbox 113 1722 1897 1789; baseline 0.001 -17"><span class='ocrx_word' id='word_1_230' title='bbox 113 1726 317 1774; x_wconf 65' lang='lat' dir='ltr'><strong>acturum</strong></span> <span class='ocrx_word' id='word_1_231' title='bbox 346 1743 356 1772; x_wconf 89' lang='lat'>:</span> <span class='ocrx_word' id='word_1_232' title='bbox 383 1722 466 1773; x_wconf 86' lang='lat' dir='ltr'><strong>nec</strong></span> <span class='ocrx_word' id='word_1_233' title='bbox 485 1725 669 1789; x_wconf 80' lang='lat' dir='ltr'><strong>segnins&#39;</strong></span> <span class='ocrx_word' id='word_1_234' title='bbox 687 1726 795 1773; x_wconf 88' lang='lat' dir='ltr'><strong>fecit</strong></span> <span class='ocrx_word' id='word_1_235' title='bbox 817 1725 956 1789; x_wconf 68' lang='lat' dir='ltr'><strong>quam</strong></span> <span class='ocrx_word' id='word_1_236' title='bbox 992 1739 1087 1772; x_wconf 87' lang='lat' dir='ltr'><strong>erat</strong></span> <span class='ocrx_word' id='word_1_237' title='bbox 1109 1726 1357 1788; x_wconf 86' lang='lat' dir='ltr'><strong>pollicitus.</strong></span> <span class='ocrx_word' id='word_1_238' title='bbox 1426 1728 1550 1773; x_wconf 85' lang='lat' dir='ltr'><strong>Nam</strong></span> <span class='ocrx_word' id='word_1_239' title='bbox 1576 1729 1741 1775; x_wconf 90' lang='lat' dir='ltr'><strong>Pertho</strong></span> <span class='ocrx_word' id='word_1_240' title='bbox 1766 1726 1897 1773; x_wconf 83' lang='lat' dir='ltr'><strong>dedi·</strong></span> 
     </span>
     <span class='ocr_line' id='line_1_26' title="bbox 111 1789 1896 1855; baseline 0.001 -18"><span class='ocrx_word' id='word_1_241' title='bbox 111 1789 244 1846; x_wconf 68' lang='lat' dir='ltr'><strong>to,&#39;&amp;</strong></span> <span class='ocrx_word' id='word_1_242' title='bbox 265 1789 405 1845; x_wconf 68' lang='lat' dir='ltr'><strong>muris</strong></span> <span class='ocrx_word' id='word_1_243' title='bbox 429 1791 600 1839; x_wconf 87' lang='lat' dir='ltr'><strong>nudato</strong></span> <span class='ocrx_word' id='word_1_244' title='bbox 623 1793 724 1837; x_wconf 81' lang='lat' dir='ltr'><strong>Rex</strong></span> <span class='ocrx_word' id='word_1_245' title='bbox 741 1791 789 1838; x_wconf 90' lang='lat' dir='ltr'><strong>in</strong></span> <span class='ocrx_word' id='word_1_246' title='bbox 809 1790 1026 1854; x_wconf 78' lang='lat' dir='ltr'><strong>Angliarn</strong></span> <span class='ocrx_word' id='word_1_247' title='bbox 1051 1790 1198 1851; x_wconf 82' lang='lat' dir='ltr'><strong>redire</strong></span> <span class='ocrx_word' id='word_1_248' title='bbox 1220 1792 1407 1852; x_wconf 81' lang='lat' dir='ltr'><strong>parabat</strong></span> <span class='ocrx_word' id='word_1_249' title='bbox 1431 1810 1442 1837; x_wconf 72' lang='grc' dir='ltr'>ι</span> <span class='ocrx_word' id='word_1_250' title='bbox 1467 1793 1896 1855; x_wconf 66' lang='grc' dir='ltr'><strong>ςυὸᾶεοτητηεειωξ,</strong></span> 
     </span>
     <span class='ocr_line' id='line_1_27' title="bbox 112 1850 1897 1919; baseline -0.001 -17"><span class='ocrx_word' id='word_1_251' title='bbox 112 1854 318 1919; x_wconf 65' lang='lat' dir='ltr'><strong>maligne</strong></span> <span class='ocrx_word' id='word_1_252' title='bbox 345 1850 777 1918; x_wconf 64' lang='lat' dir='ltr'><strong>suppeditabantur,</strong></span> <span class='ocrx_word' id='word_1_253' title='bbox 804 1855 950 1901; x_wconf 85' lang='lat' dir='ltr'><strong>Scotis</strong></span> <span class='ocrx_word' id='word_1_254' title='bbox 985 1854 1199 1908; x_wconf 82' lang='lat' dir='ltr'><strong>omnibus</strong></span> <span class='ocrx_word' id='word_1_255' title='bbox 1225 1856 1303 1902; x_wconf 86' lang='lat' dir='ltr'><strong>sub</strong></span> <span class='ocrx_word' id='word_1_256' title='bbox 1324 1856 1420 1916; x_wconf 79' lang='lat' dir='ltr'><strong>ejus</strong></span> <span class='ocrx_word' id='word_1_257' title='bbox 1443 1857 1692 1903; x_wconf 83' lang='lat' dir='ltr'><strong>adventum</strong></span> <span class='ocrx_word' id='word_1_258' title='bbox 1734 1858 1897 1902; x_wconf 82' lang='lat' dir='ltr'><strong>admo-</strong></span> 
     </span>
     <span class='ocr_line' id='line_1_28' title="bbox 112 1919 1894 1984; baseline -0.001 -17"><span class='ocrx_word' id='word_1_259' title='bbox 112 1921 237 1973; x_wconf 85' lang='lat' dir='ltr'><strong>nitis,</strong></span> <span class='ocrx_word' id='word_1_260' title='bbox 267 1933 316 1966; x_wconf 88' lang='lat' dir='ltr'><strong>ut</strong></span> <span class='ocrx_word' id='word_1_261' title='bbox 338 1936 504 1982; x_wconf 85' lang='lat' dir='ltr'><strong>pecora</strong></span> <span class='ocrx_word' id='word_1_262' title='bbox 544 1919 587 1966; x_wconf 89' lang='lat' dir='ltr'><strong>in</strong></span> <span class='ocrx_word' id='word_1_263' title='bbox 613 1934 788 1967; x_wconf 87' lang='lat' dir='ltr'><strong>montes</strong></span> <span class='ocrx_word' id='word_1_264' title='bbox 811 1932 1016 1984; x_wconf 81' lang='lat' dir='ltr'><strong>agerent.</strong></span> <span class='ocrx_word' id='word_1_265' title='bbox 1087 1919 1196 1973; x_wconf 76' lang='lat' dir='ltr'><strong>Alia</strong></span> <span class='ocrx_word' id='word_1_266' title='bbox 1218 1920 1375 1975; x_wconf 84' lang='lat' dir='ltr'><strong>omnia</strong></span> <span class='ocrx_word' id='word_1_267' title='bbox 1396 1919 1441 1966; x_wconf 89' lang='lat' dir='ltr'><strong>in</strong></span> <span class='ocrx_word' id='word_1_268' title='bbox 1474 1923 1575 1974; x_wconf 83' lang='lat' dir='ltr'><strong>loca</strong></span> <span class='ocrx_word' id='word_1_269' title='bbox 1598 1920 1789 1982; x_wconf 81' lang='lat' dir='ltr'><strong>munita,</strong></span> <span class='ocrx_word' id='word_1_270' title='bbox 1817 1933 1894 1983; x_wconf 74' lang='lat' dir='ltr'><strong>aut</strong></span> 
     </span>
     <span class='ocr_line' id='line_1_29' title="bbox 82 1984 1891 2050; baseline 0.001 -20"><span class='ocrx_word' id='word_1_271' title='bbox 82 2016 91 2022; x_wconf 66' lang='lat'><em>„</em></span> <span class='ocrx_word' id='word_1_272' title='bbox 110 1984 369 2048; x_wconf 77' lang='lat' dir='ltr'><strong>longinqua</strong></span> <span class='ocrx_word' id='word_1_273' title='bbox 398 1986 705 2031; x_wconf 81' lang='lat' dir='ltr'><strong>conveherent</strong></span> <span class='ocrx_word' id='word_1_274' title='bbox 731 2001 741 2030; x_wconf 73' lang='grc' dir='ltr'>ε</span> <span class='ocrx_word' id='word_1_275' title='bbox 777 2001 880 2048; x_wconf 79' lang='lat' dir='ltr'><strong>qua:</strong></span> <span class='ocrx_word' id='word_1_276' title='bbox 910 1984 1136 2048; x_wconf 85' lang='lat' dir='ltr'><strong>asportare</strong></span> <span class='ocrx_word' id='word_1_277' title='bbox 1175 2001 1265 2031; x_wconf 88' lang='lat' dir='ltr'><strong>non</strong></span> <span class='ocrx_word' id='word_1_278' title='bbox 1301 1985 1491 2050; x_wconf 68' lang='lat' dir='ltr'><strong>possent,</strong></span> <span class='ocrx_word' id='word_1_279' title='bbox 1531 1999 1891 2047; x_wconf 63' lang='lat' dir='ltr'><strong>corrumperent,</strong></span> 
     </span>
     <span class='ocr_line' id='line_1_30' title="bbox 110 2049 1888 2113; baseline -0.001 -16"><span class='ocrx_word' id='word_1_280' title='bbox 110 2050 281 2113; x_wconf 83' lang='lat' dir='ltr'><strong>Neque</strong></span> <span class='ocrx_word' id='word_1_281' title='bbox 303 2050 442 2096; x_wconf 75' lang='lat' dir='ltr'><strong>elafiis</strong></span> <span class='ocrx_word' id='word_1_282' title='bbox 467 2049 510 2095; x_wconf 90' lang='lat' dir='ltr'><strong>in</strong></span> <span class='ocrx_word' id='word_1_283' title='bbox 536 2067 629 2113; x_wconf 89' lang='lat' dir='ltr'><strong>qua</strong></span> <span class='ocrx_word' id='word_1_284' title='bbox 651 2050 693 2096; x_wconf 90' lang='lat' dir='ltr'><strong>ei</strong></span> <span class='ocrx_word' id='word_1_285' title='bbox 716 2049 812 2112; x_wconf 87' lang='lat' dir='ltr'><strong>spes</strong></span> <span class='ocrx_word' id='word_1_286' title='bbox 835 2049 899 2096; x_wconf 87' lang='lat' dir='ltr'><strong>rei</strong></span> <span class='ocrx_word' id='word_1_287' title='bbox 922 2049 1230 2096; x_wconf 67' lang='lat' dir='ltr'><strong>frumentariae</strong></span> <span class='ocrx_word' id='word_1_288' title='bbox 1254 2061 1365 2103; x_wconf 85' lang='lat' dir='ltr'><strong>erat,</strong></span> <span class='ocrx_word' id='word_1_289' title='bbox 1388 2066 1492 2113; x_wconf 83' lang='lat' dir='ltr'><strong>eum</strong></span> <span class='ocrx_word' id='word_1_290' title='bbox 1519 2065 1796 2113; x_wconf 79' lang='lat' dir='ltr'><strong>magnopere</strong></span> <span class='ocrx_word' id='word_1_291' title='bbox 1813 2049 1888 2110; x_wconf 87' lang='lat' dir='ltr'><strong>ju-</strong></span> 
     </span>
     <span class='ocr_line' id='line_1_31' title="bbox 110 2113 1890 2162; baseline 0.001 -3"><span class='ocrx_word' id='word_1_292' title='bbox 110 2114 192 2162; x_wconf 85' lang='lat' dir='ltr'><strong>vit.</strong></span> <span class='ocrx_word' id='word_1_293' title='bbox 262 2115 466 2162; x_wconf 89' lang='lat' dir='ltr'><strong>Primum</strong></span> <span class='ocrx_word' id='word_1_294' title='bbox 492 2115 705 2161; x_wconf 85' lang='lat' dir='ltr'><strong>Fortham</strong></span> <span class='ocrx_word' id='word_1_295' title='bbox 729 2113 909 2161; x_wconf 89' lang='lat' dir='ltr'><strong>subiens</strong></span> <span class='ocrx_word' id='word_1_296' title='bbox 933 2113 1149 2159; x_wconf 79' lang='lat' dir='ltr'><strong>c&#39;oenobio</strong></span> <span class='ocrx_word' id='word_1_297' title='bbox 1172 2115 1500 2160; x_wconf 84' lang='lat' dir='ltr'><strong>monachorum</strong></span> <span class='ocrx_word' id='word_1_298' title='bbox 1523 2114 1569 2160; x_wconf 89' lang='lat' dir='ltr'><strong>in</strong></span> <span class='ocrx_word' id='word_1_299' title='bbox 1595 2115 1798 2160; x_wconf 84' lang='lat' dir='ltr'><strong>AEmona</strong></span> <span class='ocrx_word' id='word_1_300' title='bbox 1818 2114 1890 2160; x_wconf 89' lang='lat' dir='ltr'><strong>in-</strong></span> 
     </span>
     <span class='ocr_line' id='line_1_32' title="bbox 109 2172 1890 2242; baseline 0 -17"><span class='ocrx_word' id='word_1_301' title='bbox 109 2180 204 2226; x_wconf 84' lang='lat' dir='ltr'><strong>sula</strong></span> <span class='ocrx_word' id='word_1_302' title='bbox 237 2181 407 2226; x_wconf 83' lang='lat' dir='ltr'><strong>vastato</strong></span> <span class='ocrx_word' id='word_1_303' title='bbox 430 2195 534 2226; x_wconf 87' lang='lat' dir='ltr'><strong>cum</strong></span> <span class='ocrx_word' id='word_1_304' title='bbox 569 2178 618 2225; x_wconf 87' lang='lat' dir='ltr'><strong>in</strong></span> <span class='ocrx_word' id='word_1_305' title='bbox 656 2172 813 2242; x_wconf 78' lang='lat' dir='ltr'><strong>aperto</strong></span> <span class='ocrx_word' id='word_1_306' title='bbox 837 2178 949 2225; x_wconf 88' lang='lat' dir='ltr'><strong>mari</strong></span> <span class='ocrx_word' id='word_1_307' title='bbox 972 2177 1027 2223; x_wconf 87' lang='lat' dir='ltr'><strong>ad</strong></span> <span class='ocrx_word' id='word_1_308' title='bbox 1053 2177 1270 2223; x_wconf 82' lang='lat' dir='ltr'><strong>anchoras</strong></span> <span class='ocrx_word' id='word_1_309' title='bbox 1306 2180 1453 2233; x_wconf 83' lang='lat' dir='ltr'><strong>staret,</strong></span> <span class='ocrx_word' id='word_1_310' title='bbox 1479 2178 1604 2225; x_wconf 84' lang='lat' dir='ltr'><strong>foeda</strong></span> <span class='ocrx_word' id='word_1_311' title='bbox 1627 2178 1890 2241; x_wconf 84' lang='lat' dir='ltr'><strong>tempestate</strong></span> 
     </span>
     <span class='ocr_line' id='line_1_33' title="bbox 108 2240 1890 2307; baseline -0.001 -19"><span class='ocrx_word' id='word_1_312' title='bbox 108 2258 273 2291; x_wconf 79' lang='lat' dir='ltr'><strong>vexata</strong></span> <span class='ocrx_word' id='word_1_313' title='bbox 291 2259 505 2307; x_wconf 80' lang='lat' dir='ltr'><strong>magnam</strong></span> <span class='ocrx_word' id='word_1_314' title='bbox 527 2243 636 2290; x_wconf 85' lang='lat' dir='ltr'><strong>fecit</strong></span> <span class='ocrx_word' id='word_1_315' title='bbox 663 2244 902 2306; x_wconf 63' lang='lat' dir='ltr'><strong>jacturam.</strong></span> <span class='ocrx_word' id='word_1_316' title='bbox 971 2244 1078 2289; x_wconf 82' lang='lat' dir='ltr'><strong>Pars</strong></span> <span class='ocrx_word' id='word_1_317' title='bbox 1110 2240 1292 2288; x_wconf 82' lang='lat' dir='ltr'><strong>navium</strong></span> <span class='ocrx_word' id='word_1_318' title='bbox 1331 2243 1532 2290; x_wconf 84' lang='lat' dir='ltr'><strong>Ketham</strong></span> <span class='ocrx_word' id='word_1_319' title='bbox 1566 2240 1755 2290; x_wconf 88' lang='lat' dir='ltr'><strong>insulam</strong></span> <span class='ocrx_word' id='word_1_320' title='bbox 1782 2259 1890 2305; x_wconf 84' lang='lat' dir='ltr'><strong>pro·</strong></span> 
     </span>
     <span class='ocr_line' id='line_1_34' title="bbox 108 2305 1890 2372; baseline -0.002 -17"><span class='ocrx_word' id='word_1_321' title='bbox 108 2307 350 2372; x_wconf 81' lang='lat' dir='ltr'><strong>pinquam,</strong></span> <span class='ocrx_word' id='word_1_322' title='bbox 375 2309 448 2356; x_wconf 89' lang='lat' dir='ltr'><strong>sed</strong></span> <span class='ocrx_word' id='word_1_323' title='bbox 471 2309 689 2355; x_wconf 89' lang='lat' dir='ltr'><strong>desertam</strong></span> <span class='ocrx_word' id='word_1_324' title='bbox 713 2307 834 2372; x_wconf 74' lang='lat' dir='ltr'><strong>aegre</strong></span> <span class='ocrx_word' id='word_1_325' title='bbox 857 2308 1017 2354; x_wconf 84' lang='lat' dir='ltr'><strong>tenuit.</strong></span> <span class='ocrx_word' id='word_1_326' title='bbox 1087 2305 1204 2352; x_wconf 80' lang='lat' dir='ltr'><strong>Aliae</strong></span> <span class='ocrx_word' id='word_1_327' title='bbox 1228 2306 1410 2371; x_wconf 88' lang='lat' dir='ltr'><strong>longius</strong></span> <span class='ocrx_word' id='word_1_328' title='bbox 1429 2320 1669 2354; x_wconf 82' lang='lat' dir='ltr'><strong>ventorum</strong></span> <span class='ocrx_word' id='word_1_329' title='bbox 1694 2306 1738 2353; x_wconf 89' lang='lat' dir='ltr'><strong>vi</strong></span> <span class='ocrx_word' id='word_1_330' title='bbox 1762 2307 1890 2352; x_wconf 84' lang='lat' dir='ltr'><strong>abla-</strong></span> 
     </span>
     <span class='ocr_line' id='line_1_35' title="bbox 108 2368 1889 2436; baseline -0.002 -17"><span class='ocrx_word' id='word_1_331' title='bbox 108 2385 187 2428; x_wconf 75' lang='lat' dir='ltr'><strong>tae,</strong></span> <span class='ocrx_word' id='word_1_332' title='bbox 226 2372 300 2420; x_wconf 86' lang='lat' dir='ltr'><strong>ubi</strong></span> <span class='ocrx_word' id='word_1_333' title='bbox 326 2374 368 2420; x_wconf 89' lang='lat' dir='ltr'><strong>se</strong></span> <span class='ocrx_word' id='word_1_334' title='bbox 392 2372 594 2436; x_wconf 73' lang='lat' dir='ltr'><strong>primum</strong></span> <span class='ocrx_word' id='word_1_335' title='bbox 624 2386 909 2436; x_wconf 59' lang='lat' dir='ltr'><strong>recaeperunt</strong></span> <span class='ocrx_word' id='word_1_336' title='bbox 933 2370 1109 2418; x_wconf 88' lang='lat' dir='ltr'><strong>causam</strong></span> <span class='ocrx_word' id='word_1_337' title='bbox 1134 2372 1408 2433; x_wconf 83' lang='lat' dir='ltr'><strong>tempestatis</strong></span> <span class='ocrx_word' id='word_1_338' title='bbox 1437 2372 1486 2418; x_wconf 90' lang='lat' dir='ltr'><strong>in</strong></span> <span class='ocrx_word' id='word_1_339' title='bbox 1517 2371 1631 2417; x_wconf 88' lang='lat' dir='ltr'><strong>iram</strong></span> <span class='ocrx_word' id='word_1_340' title='bbox 1656 2371 1768 2418; x_wconf 88' lang='lat' dir='ltr'><strong>Divi</strong></span> <span class='ocrx_word' id='word_1_341' title='bbox 1793 2368 1889 2417; x_wconf 84' lang='lat' dir='ltr'><strong>Co-</strong></span> 
     </span>
     <span class='ocr_line' id='line_1_36' title="bbox 108 2434 1887 2500; baseline -0.003 -14"><span class='ocrx_word' id='word_1_342' title='bbox 108 2438 281 2493; x_wconf 77' lang='lat' dir='ltr'><strong>lnmbae</strong></span> <span class='ocrx_word' id='word_1_343' title='bbox 304 2438 589 2485; x_wconf 87' lang='lat' dir='ltr'><strong>conferentes</strong></span> <span class='ocrx_word' id='word_1_344' title='bbox 615 2438 676 2484; x_wconf 92' lang='lat' dir='ltr'><strong>ob</strong></span> <span class='ocrx_word' id='word_1_345' title='bbox 699 2437 939 2500; x_wconf 85' lang='lat' dir='ltr'><strong>spoliatum</strong></span> <span class='ocrx_word' id='word_1_346' title='bbox 963 2434 1113 2488; x_wconf 68' lang='lat' dir='ltr'><strong>avare,</strong></span> <span class='ocrx_word' id='word_1_347' title='bbox 1141 2441 1179 2481; x_wconf 70' lang='grc' dir='ltr'><strong>δε</strong></span> <span class='ocrx_word' id='word_1_348' title='bbox 1203 2436 1448 2483; x_wconf 90' lang='lat' dir='ltr'><strong>crudeliter</strong></span> <span class='ocrx_word' id='word_1_349' title='bbox 1467 2435 1564 2497; x_wconf 85' lang='lat' dir='ltr'><strong>ejus</strong></span> <span class='ocrx_word' id='word_1_350' title='bbox 1583 2434 1845 2481; x_wconf 85' lang='lat' dir='ltr'><strong>coenobiurn</strong></span> <span class='ocrx_word' id='word_1_351' title='bbox 1874 2451 1887 2481; x_wconf 71' lang='grc' dir='ltr'>ε</span> 
     </span>
     <span class='ocr_line' id='line_1_37' title="bbox 107 2497 1885 2567; baseline -0.002 -18"><span class='ocrx_word' id='word_1_352' title='bbox 107 2503 253 2567; x_wconf 79' lang='lat' dir='ltr'><strong>igitur</strong></span> <span class='ocrx_word' id='word_1_353' title='bbox 273 2503 501 2567; x_wconf 87' lang='lat' dir='ltr'><strong>quidquid</strong></span> <span class='ocrx_word' id='word_1_354' title='bbox 524 2503 549 2549; x_wconf 79' lang='grc' dir='ltr'>ὲ</span> <span class='ocrx_word' id='word_1_355' title='bbox 580 2502 734 2566; x_wconf 65' lang='lat' dir='ltr'><strong>praeda</strong></span> <span class='ocrx_word' id='word_1_356' title='bbox 755 2500 1065 2565; x_wconf 76' lang='lat' dir='ltr'><strong>comparebat,</strong></span> <span class='ocrx_word' id='word_1_357' title='bbox 1088 2516 1143 2545; x_wconf 89' lang='lat' dir='ltr'><strong>eo</strong></span> <span class='ocrx_word' id='word_1_358' title='bbox 1166 2497 1412 2562; x_wconf 81' lang='lat' dir='ltr'><strong>diligenter</strong></span> <span class='ocrx_word' id='word_1_359' title='bbox 1432 2501 1757 2563; x_wconf 86' lang='lat' dir='ltr'><strong>reportandum</strong></span> <span class='ocrx_word' id='word_1_360' title='bbox 1780 2516 1885 2564; x_wconf 77' lang='lat' dir='ltr'><strong>cum</strong></span> 
     </span>
     <span class='ocr_line' id='line_1_38' title="bbox 111 2563 1888 2632; baseline -0.003 -17"><span class='ocrx_word' id='word_1_361' title='bbox 111 2569 183 2627; x_wconf 89' lang='lat'><strong>(6)</strong></span> <span class='ocrx_word' id='word_1_362' title='bbox 198 2566 390 2632; x_wconf 76' lang='lat' dir='ltr'><strong>piaculis</strong></span> <span class='ocrx_word' id='word_1_363' title='bbox 412 2580 600 2614; x_wconf 87' lang='lat' dir='ltr'><strong>curant:</strong></span> <span class='ocrx_word' id='word_1_364' title='bbox 625 2583 775 2630; x_wconf 87' lang='lat' dir='ltr'><strong>neque</strong></span> <span class='ocrx_word' id='word_1_365' title='bbox 792 2567 1039 2631; x_wconf 72' lang='lat' dir='ltr'><strong>quicquam</strong></span> <span class='ocrx_word' id='word_1_366' title='bbox 1064 2579 1118 2610; x_wconf 88' lang='lat' dir='ltr'><strong>eo</strong></span> <span class='ocrx_word' id='word_1_367' title='bbox 1137 2580 1256 2610; x_wconf 88' lang='lat' dir='ltr'><strong>anno</strong></span> <span class='ocrx_word' id='word_1_368' title='bbox 1275 2563 1498 2613; x_wconf 87' lang='lat' dir='ltr'><strong>memoria</strong></span> <span class='ocrx_word' id='word_1_369' title='bbox 1520 2564 1712 2630; x_wconf 83' lang='lat' dir='ltr'><strong>dignum</strong></span> <span class='ocrx_word' id='word_1_370' title='bbox 1734 2564 1759 2610; x_wconf 66' lang='lat' dir='ltr'><strong>a</strong></span> <span class='ocrx_word' id='word_1_371' title='bbox 1779 2564 1888 2632; x_wconf 54' lang='lat' dir='ltr'><strong>clas}</strong></span> 
     </span>
     <span class='ocr_line' id='line_1_39' title="bbox 111 2633 1165 2696; baseline -0.002 -16"><span class='ocrx_word' id='word_1_372' title='bbox 111 2633 152 2685; x_wconf 84' lang='lat' dir='ltr'><strong>se</strong></span> <span class='ocrx_word' id='word_1_373' title='bbox 171 2634 346 2696; x_wconf 89' lang='lat' dir='ltr'><strong>gestum</strong></span> <span class='ocrx_word' id='word_1_374' title='bbox 370 2633 447 2679; x_wconf 88' lang='lat' dir='ltr'><strong>est.</strong></span> <span class='ocrx_word' id='word_1_375' title='bbox 1160 2684 1165 2690; x_wconf 44' lang='lat'><strong>,</strong></span> 
     </span>
    </p>

    <p class='ocr_par' dir='ltr' id='par_1_3' title="bbox 93 2693 1917 3341">
     <span class='ocr_line' id='line_1_40' title="bbox 173 2693 1882 2760; baseline -0.004 -15"><span class='ocrx_word' id='word_1_376' title='bbox 173 2698 355 2752; x_wconf 72' lang='lat' dir='ltr'><strong>XXIII.</strong></span> <span class='ocrx_word' id='word_1_377' title='bbox 388 2697 480 2744; x_wconf 76' lang='lat' dir='ltr'><strong>Hae</strong></span> <span class='ocrx_word' id='word_1_378' title='bbox 501 2696 642 2743; x_wconf 77' lang='lat' dir='ltr'><strong>causa:</strong></span> <span class='ocrx_word' id='word_1_379' title='bbox 665 2712 926 2760; x_wconf 84' lang='lat' dir='ltr'><strong>quanquam</strong></span> <span class='ocrx_word' id='word_1_380' title='bbox 949 2696 1242 2746; x_wconf 86' lang='lat' dir='ltr'><strong>vehementer</strong></span> <span class='ocrx_word' id='word_1_381' title='bbox 1265 2695 1470 2760; x_wconf 86' lang='lat' dir='ltr'><strong>Anglum</strong></span> <span class='ocrx_word' id='word_1_382' title='bbox 1496 2693 1760 2748; x_wconf 88' lang='lat' dir='ltr'><strong>movebant,</strong></span> <span class='ocrx_word' id='word_1_383' title='bbox 1788 2709 1882 2739; x_wconf 84' lang='lat' dir='ltr'><strong>ma-</strong></span> 
     </span>
     <span class='ocr_line' id='line_1_41' title="bbox 107 2759 1917 2827; baseline -0.003 -19"><span class='ocrx_word' id='word_1_384' title='bbox 107 2761 179 2825; x_wconf 83' lang='lat' dir='ltr'><strong>gis</strong></span> <span class='ocrx_word' id='word_1_385' title='bbox 199 2774 350 2809; x_wconf 87' lang='lat' dir='ltr'><strong>tamen</strong></span> <span class='ocrx_word' id='word_1_386' title='bbox 371 2761 417 2809; x_wconf 89' lang='lat' dir='ltr'><strong>ei</strong></span> <span class='ocrx_word' id='word_1_387' title='bbox 438 2761 640 2808; x_wconf 81' lang='lat' dir='ltr'><strong>reditum</strong></span> <span class='ocrx_word' id='word_1_388' title='bbox 673 2761 899 2810; x_wconf 75' lang='lat' dir='ltr'><strong>festinavit</strong></span> <span class='ocrx_word' id='word_1_389' title='bbox 937 2763 1159 2827; x_wconf 84' lang='lat' dir='ltr'><strong>cogitatio</strong></span> <span class='ocrx_word' id='word_1_390' title='bbox 1181 2765 1238 2810; x_wconf 93' lang='lat' dir='ltr'><strong>de</strong></span> <span class='ocrx_word' id='word_1_391' title='bbox 1261 2763 1384 2809; x_wconf 83' lang='lat' dir='ltr'><strong>bello</strong></span> <span class='ocrx_word' id='word_1_392' title='bbox 1409 2759 1614 2812; x_wconf 72' lang='lat' dir='ltr'><strong>Gallico,</strong></span> <span class='ocrx_word' id='word_1_393' title='bbox 1639 2759 1764 2821; x_wconf 88' lang='lat' dir='ltr'><strong>quod</strong></span> <span class='ocrx_word' id='word_1_394' title='bbox 1787 2771 1885 2804; x_wconf 86' lang='lat' dir='ltr'><strong>tum</strong></span> <span class='ocrx_word' id='word_1_395' title='bbox 1916 2761 1917 2767; x_wconf 77' lang='grc'>’</span> 
     </span>
     <span class='ocr_line' id='line_1_42' title="bbox 111 2822 1887 2890; baseline -0.002 -18"><span class='ocrx_word' id='word_1_396' title='bbox 111 2826 311 2873; x_wconf 72' lang='lat' dir='ltr'><strong>maxime</strong></span> <span class='ocrx_word' id='word_1_397' title='bbox 347 2826 670 2873; x_wconf 88' lang='lat' dir='ltr'><strong>meditabatur.</strong></span> <span class='ocrx_word' id='word_1_398' title='bbox 739 2827 900 2888; x_wconf 86' lang='lat' dir='ltr'><strong>Itaque</strong></span> <span class='ocrx_word' id='word_1_399' title='bbox 923 2828 1050 2874; x_wconf 85' lang='lat' dir='ltr'><strong>velut</strong></span> <span class='ocrx_word' id='word_1_400' title='bbox 1083 2828 1220 2890; x_wconf 66' lang='lat' dir='ltr'><strong>plane</strong></span> <span class='ocrx_word' id='word_1_401' title='bbox 1254 2824 1463 2873; x_wconf 67' lang='lat' dir='ltr'><strong>confecto</strong></span> <span class='ocrx_word' id='word_1_402' title='bbox 1489 2822 1817 2881; x_wconf 69' lang='lat' dir='ltr'><strong>bello&#39;Scotico</strong></span> <span class='ocrx_word' id='word_1_403' title='bbox 1840 2839 1887 2868; x_wconf 90' lang='lat' dir='ltr'><strong>e-</strong></span> 
     </span>
     <span class='ocr_line' id='line_1_43' title="bbox 93 2885 1885 2950; baseline -0.002 -14"><span class='ocrx_word' id='word_1_404' title='bbox 93 2890 334 2950; x_wconf 68' lang='lat' dir='ltr'><strong>¹xercitum</strong></span> <span class='ocrx_word' id='word_1_405' title='bbox 359 2890 557 2944; x_wconf 85' lang='lat' dir='ltr'><strong>reduxit,</strong></span> <span class='ocrx_word' id='word_1_406' title='bbox 581 2907 634 2937; x_wconf 88' lang='lat' dir='ltr'><strong>ac</strong></span> <span class='ocrx_word' id='word_1_407' title='bbox 656 2890 921 2937; x_wconf 86' lang='lat' dir='ltr'><strong>Eduardum</strong></span> <span class='ocrx_word' id='word_1_408' title='bbox 947 2892 1192 2939; x_wconf 84' lang='lat' dir='ltr'><strong>Balliolum</strong></span> <span class='ocrx_word' id='word_1_409' title='bbox 1216 2891 1363 2938; x_wconf 87' lang='lat' dir='ltr'><strong>secum</strong></span> <span class='ocrx_word' id='word_1_410' title='bbox 1397 2886 1605 2935; x_wconf 84' lang='lat' dir='ltr'><strong>abduxit.</strong></span> <span class='ocrx_word' id='word_1_411' title='bbox 1675 2885 1885 2934; x_wconf 88' lang='lat' dir='ltr'><strong>Cumini-</strong></span> 
     </span>
     <span class='ocr_line' id='line_1_44' title="bbox 111 2949 1886 3019; baseline -0.002 -19"><span class='ocrx_word' id='word_1_412' title='bbox 111 2949 187 3000; x_wconf 83' lang='lat' dir='ltr'><strong>um</strong></span> <span class='ocrx_word' id='word_1_413' title='bbox 212 2955 264 3001; x_wconf 86' lang='lat' dir='ltr'><strong>ad</strong></span> <span class='ocrx_word' id='word_1_414' title='bbox 290 2954 469 3018; x_wconf 89' lang='lat' dir='ltr'><strong>reliqua</strong></span> <span class='ocrx_word' id='word_1_415' title='bbox 493 2955 770 3016; x_wconf 74' lang='lat' dir='ltr'><strong>perficienda</strong></span> <span class='ocrx_word' id='word_1_416' title='bbox 787 2956 1030 3019; x_wconf 74' lang='lat' dir='ltr'><strong>Protegem</strong></span> <span class='ocrx_word' id='word_1_417' title='bbox 1055 2956 1257 3018; x_wconf 89' lang='lat' dir='ltr'><strong>reliquit.</strong></span> <span class='ocrx_word' id='word_1_418' title='bbox 1325 2954 1410 3001; x_wconf 90' lang='lat' dir='ltr'><strong>Ille</strong></span> <span class='ocrx_word' id='word_1_419' title='bbox 1434 2967 1484 3000; x_wconf 92' lang='lat' dir='ltr'><strong>ut</strong></span> <span class='ocrx_word' id='word_1_420' title='bbox 1505 2967 1708 3014; x_wconf 85' lang='lat' dir='ltr'><strong>operam,</strong></span> <span class='ocrx_word' id='word_1_421' title='bbox 1736 2955 1775 2997; x_wconf 64' lang='grc' dir='ltr'>ἃ</span> <span class='ocrx_word' id='word_1_422' title='bbox 1799 2952 1886 2997; x_wconf 83' lang='lat' dir='ltr'><strong>ssu-</strong></span> 
     </span>
     <span class='ocr_line' id='line_1_45' title="bbox 108 3015 1887 3083; baseline -0.003 -18"><span class='ocrx_word' id='word_1_423' title='bbox 108 3019 459 3079; x_wconf 71' lang='lat' dir='ltr'><strong>diumpartium</strong></span> <span class='ocrx_word' id='word_1_424' title='bbox 485 3020 691 3083; x_wconf 67' lang='lat' dir='ltr'><strong>Regibus</strong></span> <span class='ocrx_word' id='word_1_425' title='bbox 713 3019 943 3081; x_wconf 84' lang='lat' dir='ltr'><strong>probaret,</strong></span> <span class='ocrx_word' id='word_1_426' title='bbox 970 3026 1009 3067; x_wconf 72' lang='lat' dir='ltr'><strong>&lt;Sc</strong></span> <span class='ocrx_word' id='word_1_427' title='bbox 1034 3018 1177 3068; x_wconf 85' lang='lat' dir='ltr'><strong>hostes</strong></span> <span class='ocrx_word' id='word_1_428' title='bbox 1202 3017 1504 3072; x_wconf 87' lang='lat' dir='ltr'><strong>ulcisceretur,</strong></span> <span class='ocrx_word' id='word_1_429' title='bbox 1528 3015 1642 3063; x_wconf 85' lang='lat' dir='ltr'><strong>nihil</strong></span> <span class='ocrx_word' id='word_1_430' title='bbox 1679 3016 1736 3061; x_wconf 82' lang='lat' dir='ltr'><strong>ad</strong></span> <span class='ocrx_word' id='word_1_431' title='bbox 1766 3015 1887 3061; x_wconf 82' lang='lat' dir='ltr'><strong>sum-</strong></span> 
     </span>
     <span class='ocr_line' id='line_1_46' title="bbox 110 3079 1884 3148; baseline -0.004 -18"><span class='ocrx_word' id='word_1_432' title='bbox 110 3100 231 3130; x_wconf 85' lang='lat' dir='ltr'><strong>mam</strong></span> <span class='ocrx_word' id='word_1_433' title='bbox 251 3083 567 3130; x_wconf 76' lang='lat' dir='ltr'><strong>crudelitatem</strong></span> <span class='ocrx_word' id='word_1_434' title='bbox 594 3083 759 3145; x_wconf 86' lang='lat' dir='ltr'><strong>reliqui</strong></span> <span class='ocrx_word' id='word_1_435' title='bbox 783 3084 863 3129; x_wconf 84' lang='lat' dir='ltr'><strong>fibi</strong></span> <span class='ocrx_word' id='word_1_436' title='bbox 884 3083 1013 3139; x_wconf 75' lang='lat' dir='ltr'><strong>fecit,</strong></span> <span class='ocrx_word' id='word_1_437' title='bbox 1037 3102 1140 3148; x_wconf 85' lang='lat' dir='ltr'><strong>quae</strong></span> <span class='ocrx_word' id='word_1_438' title='bbox 1162 3083 1382 3130; x_wconf 86' lang='lat' dir='ltr'><strong>acerbitas</strong></span> <span class='ocrx_word' id='word_1_439' title='bbox 1405 3083 1458 3129; x_wconf 77' lang='lat' dir='ltr'><strong>eo</strong></span> <span class='ocrx_word' id='word_1_440' title='bbox 1480 3080 1571 3127; x_wconf 87' lang='lat' dir='ltr'><strong>visa</strong></span> <span class='ocrx_word' id='word_1_441' title='bbox 1599 3081 1660 3125; x_wconf 87' lang='lat' dir='ltr'><strong>est</strong></span> <span class='ocrx_word' id='word_1_442' title='bbox 1681 3079 1884 3142; x_wconf 82' lang='lat' dir='ltr'><strong>indigni-</strong></span> 
     </span>
     <span class='ocr_line' id='line_1_47' title="bbox 108 3144 1885 3209; baseline -0.002 -17"><span class='ocrx_word' id='word_1_443' title='bbox 108 3165 177 3203; x_wconf 77' lang='lat' dir='ltr'><strong>or,</strong></span> <span class='ocrx_word' id='word_1_444' title='bbox 203 3147 330 3209; x_wconf 59' lang='lat' dir='ltr'><strong>quud</strong></span> <span class='ocrx_word' id='word_1_445' title='bbox 354 3147 423 3193; x_wconf 88' lang='lat' dir='ltr'><strong>illi</strong></span> <span class='ocrx_word' id='word_1_446' title='bbox 462 3161 565 3193; x_wconf 87' lang='lat' dir='ltr'><strong>ante</strong></span> <span class='ocrx_word' id='word_1_447' title='bbox 588 3163 758 3209; x_wconf 82' lang='lat' dir='ltr'><strong>paucos</strong></span> <span class='ocrx_word' id='word_1_448' title='bbox 782 3148 952 3195; x_wconf 84' lang='lat' dir='ltr'><strong>menses</strong></span> <span class='ocrx_word' id='word_1_449' title='bbox 989 3150 1046 3194; x_wconf 89' lang='lat' dir='ltr'><strong>ad</strong></span> <span class='ocrx_word' id='word_1_450' title='bbox 1070 3163 1320 3209; x_wconf 80' lang='lat' dir='ltr'><strong>extremam</strong></span> <span class='ocrx_word' id='word_1_451' title='bbox 1348 3145 1552 3208; x_wconf 87' lang='lat' dir='ltr'><strong>inopiam</strong></span> <span class='ocrx_word' id='word_1_452' title='bbox 1579 3144 1759 3190; x_wconf 65' lang='lat' dir='ltr'><strong>redacto</strong></span> <span class='ocrx_word' id='word_1_453' title='bbox 1792 3157 1885 3189; x_wconf 87' lang='lat' dir='ltr'><strong>tam</strong></span> 
     </span>
     <span class='ocr_line' id='line_1_48' title="bbox 108 3207 1885 3274; baseline -0.005 -14"><span class='ocrx_word' id='word_1_454' title='bbox 108 3207 256 3273; x_wconf 58' lang='lat' dir='ltr'><strong>facilis</strong></span> <span class='ocrx_word' id='word_1_455' title='bbox 278 3211 335 3256; x_wconf 87' lang='lat' dir='ltr'><strong>ad</strong></span> <span class='ocrx_word' id='word_1_456' title='bbox 359 3209 540 3258; x_wconf 86' lang='lat' dir='ltr'><strong>veniam</strong></span> <span class='ocrx_word' id='word_1_457' title='bbox 564 3223 722 3274; x_wconf 78' lang='lat' dir='ltr'><strong>portus</strong></span> <span class='ocrx_word' id='word_1_458' title='bbox 741 3210 902 3259; x_wconf 86' lang='lat' dir='ltr'><strong>fuerat.</strong></span> <span class='ocrx_word' id='word_1_459' title='bbox 971 3213 1090 3260; x_wconf 89' lang='lat' dir='ltr'><strong>Tres</strong></span> <span class='ocrx_word' id='word_1_460' title='bbox 1114 3213 1208 3260; x_wconf 87' lang='lat' dir='ltr'><strong>fere</strong></span> <span class='ocrx_word' id='word_1_461' title='bbox 1230 3228 1286 3258; x_wconf 84' lang='lat' dir='ltr'><strong>ex</strong></span> <span class='ocrx_word' id='word_1_462' title='bbox 1309 3209 1437 3258; x_wconf 90' lang='lat' dir='ltr'><strong>omni</strong></span> <span class='ocrx_word' id='word_1_463' title='bbox 1459 3224 1700 3273; x_wconf 86' lang='lat' dir='ltr'><strong>procerum</strong></span> <span class='ocrx_word' id='word_1_464' title='bbox 1725 3209 1885 3254; x_wconf 85' lang='lat' dir='ltr'><strong>Scoto-</strong></span> 
     </span>
     <span class='ocr_line' id='line_1_49' title="bbox 107 3273 1886 3341; baseline -0.003 -19"><span class='ocrx_word' id='word_1_465' title='bbox 107 3293 207 3324; x_wconf 82' lang='lat' dir='ltr'><strong>rum</strong></span> <span class='ocrx_word' id='word_1_466' title='bbox 222 3291 425 3324; x_wconf 80' lang='lat' dir='ltr'><strong>,numero</strong></span> <span class='ocrx_word' id='word_1_467' title='bbox 445 3274 722 3338; x_wconf 48' lang='lat' dir='ltr'><strong>supersunt,</strong></span> <span class='ocrx_word' id='word_1_468' title='bbox 746 3276 827 3340; x_wconf 88' lang='lat' dir='ltr'><strong>qui</strong></span> <span class='ocrx_word' id='word_1_469' title='bbox 851 3275 987 3328; x_wconf 87' lang='lat' dir='ltr'><strong>nullis</strong></span> <span class='ocrx_word' id='word_1_470' title='bbox 1008 3295 1157 3341; x_wconf 88' lang='lat' dir='ltr'><strong>neque</strong></span> <span class='ocrx_word' id='word_1_471' title='bbox 1177 3273 1612 3341; x_wconf 73' lang='lat' dir='ltr'><strong>pollicitationibu5‚</strong></span> <span class='ocrx_word' id='word_1_472' title='bbox 1633 3288 1782 3335; x_wconf 88' lang='lat' dir='ltr'><strong>neque</strong></span> <span class='ocrx_word' id='word_1_473' title='bbox 1804 3289 1886 3335; x_wconf 88' lang='lat' dir='ltr'><strong>pe·</strong></span> 
     </span>
    </p>
   </div>
   <div class='ocr_carea' id='block_1_2' title="bbox 160 3400 1900 3618">
    <p class='ocr_par' dir='ltr' id='par_1_4' title="bbox 160 3400 1900 3562">
     <span class='ocr_line' id='line_1_50' title="bbox 160 3400 1862 3459; baseline -0.002 -16"><span class='ocrx_word' id='word_1_474' title='bbox 160 3405 220 3454; x_wconf 87' lang='lat'><strong>(1)</strong></span> <span class='ocrx_word' id='word_1_475' title='bbox 254 3407 326 3443; x_wconf 84' lang='lat' dir='ltr'><strong>zdo</strong></span> <span class='ocrx_word' id='word_1_476' title='bbox 343 3417 458 3444; x_wconf 80' lang='lat' dir='ltr'><strong>nonas</strong></span> <span class='ocrx_word' id='word_1_477' title='bbox 484 3403 619 3456; x_wconf 72' lang='lat' dir='ltr'><strong>JuliaS.</strong></span> <span class='ocrx_word' id='word_1_478' title='bbox 704 3400 707 3404; x_wconf 79' lang='grc'><strong>’</strong></span> <span class='ocrx_word' id='word_1_479' title='bbox 1023 3420 1149 3452; x_wconf 75' lang='lat' dir='ltr'><strong>name,</strong></span> <span class='ocrx_word' id='word_1_480' title='bbox 1170 3405 1262 3454; x_wconf 83' lang='lat' dir='ltr'><strong>king</strong></span> <span class='ocrx_word' id='word_1_481' title='bbox 1281 3405 1325 3443; x_wconf 93' lang='lat' dir='ltr'><strong>of</strong></span> <span class='ocrx_word' id='word_1_482' title='bbox 1335 3405 1487 3442; x_wconf 86' lang='lat' dir='ltr'><strong>France.</strong></span> <span class='ocrx_word' id='word_1_483' title='bbox 1840 3451 1862 3459; x_wconf 42' lang='grc' dir='ltr'>υ</span> 
     </span>
     <span class='ocr_line' id='line_1_51' title="bbox 160 3452 1900 3512; baseline -0.005 -15"><span class='ocrx_word' id='word_1_484' title='bbox 160 3461 220 3507; x_wconf 81' lang='lat' dir='ltr'><strong>(zl</strong></span> <span class='ocrx_word' id='word_1_485' title='bbox 249 3460 345 3496; x_wconf 81' lang='lat' dir='ltr'><strong>Lord</strong></span> <span class='ocrx_word' id='word_1_486' title='bbox 363 3459 404 3496; x_wconf 82' lang='lat'><strong>01&#39;</strong></span> <span class='ocrx_word' id='word_1_487' title='bbox 420 3457 634 3496; x_wconf 85' lang='lat' dir='ltr'><strong>Dalhou‘fie.</strong></span> <span class='ocrx_word' id='word_1_488' title='bbox 881 3477 884 3479; x_wconf 94' lang='lat'>·</span> <span class='ocrx_word' id='word_1_489' title='bbox 1076 3461 1140 3512; x_wconf 80' lang='lat'><strong>(5)</strong></span> <span class='ocrx_word' id='word_1_490' title='bbox 1168 3459 1397 3498; x_wconf 81' lang='lat' dir='ltr'><strong>Hominibus</strong></span> <span class='ocrx_word' id='word_1_491' title='bbox 1413 3456 1628 3497; x_wconf 77' lang='lat' dir='ltr'><strong>understood</strong></span> <span class='ocrx_word' id='word_1_492' title='bbox 1647 3469 1659 3504; x_wconf 82' lang='lat'><em>3</em></span> <span class='ocrx_word' id='word_1_493' title='bbox 1688 3467 1730 3492; x_wconf 90' lang='lat' dir='ltr'><strong>or</strong></span> <span class='ocrx_word' id='word_1_494' title='bbox 1746 3452 1900 3495; x_wconf 57' lang='lat' dir='ltr'><strong>infidus</strong></span> 
     </span>
     <span class='ocr_line' id='line_1_52' title="bbox 163 3510 1722 3562; baseline -0.002 -13"><span class='ocrx_word' id='word_1_495' title='bbox 163 3513 226 3561; x_wconf 80' lang='lat'><strong>(3)</strong></span> <span class='ocrx_word' id='word_1_496' title='bbox 260 3525 278 3561; x_wconf 86' lang='lat'>3</span> <span class='ocrx_word' id='word_1_497' title='bbox 303 3514 393 3549; x_wconf 75' lang='lat' dir='ltr'><strong>Kal.</strong></span> <span class='ocrx_word' id='word_1_498' title='bbox 424 3510 597 3558; x_wconf 82' lang='lat' dir='ltr'><strong>Augusti.</strong></span> <span class='ocrx_word' id='word_1_499' title='bbox 1022 3521 1089 3562; x_wconf 78' lang='lat' dir='ltr'><strong>put</strong></span> <span class='ocrx_word' id='word_1_500' title='bbox 1109 3513 1167 3550; x_wconf 90' lang='lat' dir='ltr'><strong>for</strong></span> <span class='ocrx_word' id='word_1_501' title='bbox 1186 3511 1470 3562; x_wconf 61' lang='lat' dir='ltr'><strong>infidiatoribns,</strong></span> <span class='ocrx_word' id='word_1_502' title='bbox 1719 3526 1722 3533; x_wconf 95' lang='lat'>·</span> 
     </span>
    </p>

    <p class='ocr_par' dir='ltr' id='par_1_5' title="bbox 161 3557 1877 3618">
     <span class='ocr_line' id='line_1_53' title="bbox 161 3557 1877 3618; baseline -0.003 -17"><span class='ocrx_word' id='word_1_503' title='bbox 161 3566 223 3613; x_wconf 81' lang='lat'><strong>(4)</strong></span> <span class='ocrx_word' id='word_1_504' title='bbox 255 3564 382 3615; x_wconf 68' lang='lat' dir='ltr'><strong>Philip</strong></span> <span class='ocrx_word' id='word_1_505' title='bbox 401 3566 442 3602; x_wconf 64' lang='lat' dir='ltr'><strong>dt·</strong></span> <span class='ocrx_word' id='word_1_506' title='bbox 462 3564 612 3611; x_wconf 74' lang='lat' dir='ltr'><strong>valois,</strong></span> <span class='ocrx_word' id='word_1_507' title='bbox 640 3563 715 3602; x_wconf 87' lang='lat' dir='ltr'><strong>first</strong></span> <span class='ocrx_word' id='word_1_508' title='bbox 740 3562 786 3603; x_wconf 85' lang='lat' dir='ltr'><strong>of</strong></span> <span class='ocrx_word' id='word_1_509' title='bbox 800 3562 882 3601; x_wconf 86' lang='lat' dir='ltr'><strong>that</strong></span> <span class='ocrx_word' id='word_1_510' title='bbox 901 3564 966 3603; x_wconf 77' lang='lat' dir='ltr'><strong>sir·</strong></span> <span class='ocrx_word' id='word_1_511' title='bbox 1075 3565 1137 3616; x_wconf 88' lang='lat'><strong>(6)</strong></span> <span class='ocrx_word' id='word_1_512' title='bbox 1166 3564 1271 3604; x_wconf 86' lang='lat' dir='ltr'><strong>Gifts</strong></span> <span class='ocrx_word' id='word_1_513' title='bbox 1293 3557 1590 3618; x_wconf 58' lang='lat' dir='ltr'><strong>for&#39;sa&#39;tisfastien</strong></span> <span class='ocrx_word' id='word_1_514' title='bbox 1602 3560 1719 3600; x_wconf 76' lang='lat' dir='ltr'><strong>ofrhe</strong></span> <span class='ocrx_word' id='word_1_515' title='bbox 1737 3571 1877 3605; x_wconf 78' lang='lat' dir='ltr'><strong>wrong.</strong></span> 
     </span>
    </p>
   </div>
   <div class='ocr_carea' id='block_1_3' title="bbox 1725 3643 1909 3709">
    <p class='ocr_par' dir='ltr' id='par_1_6' title="bbox 1725 3643 1909 3709">
     <span class='ocr_line' id='line_1_54' title="bbox 1725 3643 1909 3709; baseline -0.016 -16"><span class='ocrx_word' id='word_1_516' title='bbox 1725 3643 1909 3709; x_wconf 47' lang='lat' dir='ltr'><strong>riculis.N</strong></span> 
     </span>
    </p>
   </div>
  </div>
 </body>
</html>
