2010 3851
353 178 640 243 LinER
734 163 1501 237 Dammus‘nonus.
1665 184 1805 257 559

40 278 280 347 equfflbus
301 275 388 323 suae
409 270 568 335 partis,
591 266 677 332 qui
695 265 864 331 integri
887 281 943 313 ex
966 263 1064 312 acie
1085 262 1313 310 redierant
1334 264 1555 329 Angliam
1584 270 1734 319 versus
1770 274 1817 324 i·

47 359 117 396 ter
139 340 353 393 intendit.
420 333 610 388 Caeteri,
644 332 747 395 qua
768 330 936 394 cuique
959 329 1016 376 ad
1037 328 1136 376 suos
1160 328 1333 375 reditus
1355 333 1744 383 commodiffimus
1764 356 1819 386 e-

47 423 135 459 rat.
205 402 486 454 Ceciderunt
506 398 554 444 in
576 398 672 444 acie
695 395 829 458 pauci
851 412 863 442 :
900 395 1051 457 plures
1075 409 1155 455 per
1176 407 1309 455 agros
1330 393 1602 452 lassitudine,
1638 406 1679 445 gc
1713 404 1820 450 vul-

49 473 234 522 neribus
256 464 454 516 confecti
473 463 626 525 passim
643 461 845 521 jacentes
867 458 1064 505 inventi.
1115 456 1350 504 Numerus
1368 459 1576 506 omniurn
1600 464 1816 513 caesorum

47 537 230 588 circiter
252 528 460 582 trecenti,
484 528 773 589 captivorum
796 523 958 583 major.
1025 523 1063 568 E
1082 521 1250 585 'Regiis
1273 521 1418 584 copiis
1438 540 1530 572 non
1554 526 1668 572 adeo
1689 531 1825 580 multi

52 596 292 650 vulnerati.
361 596 415 641 In
449 592 506 639 iis
533 589 668 651 primi
691 587 865 638 ordinis
890 586 1153 651 Alexander
1176 585 1394 639 Humius,
1422 593 1462 634 δε
1488 589 1692 638 Andreas
1719 595 1828 643 Stu.

46 679 189 714 artus.
257 661 394 708 Unus
417 657 557 703 modo
577 654 713 701 caesus
741 671 752 699 :
783 651 988 713 reliquus
1011 651 1253 705 exercitus,
1289 664 1457 713 <praeter
1477 654 1687 715 equitum
1711 674 1830 720 pau.

47 746 147 784 cos,
173 726 253 791 qui
277 716 506 788 fugientes
536 718 720 779 longius
742 715 931 762 insecuti
952 728 1095 768 erant,
1129 715 1225 762 laeti
1258 715 1307 762 in
1329 716 1556 777 oppidum
1580 719 1622 766 se
1643 738 1828 785 recepe-

49 805 175 842 runt.
244 792 316 836 Ac
340 786 421 834 ubi
443 784 611 848 gratias
633 783 738 829 Deo
760 781 966 843 egiffent,
993 779 1073 842 qui
1096 780 1340 827 secundum
1364 779 1449 836 fa5‚
1474 787 1514 830 δε
1538 800 1730 847 aequum
1745 787 1829 836 ad.

53 858 204 907 versus
228 866 356 901 tanto
376 851 569 911 majores
592 847 781 894 fortium
813 843 1014 891 virorum
1040 844 1143 908 copi
1161 862 1195 890 ,ε
1216 843 1452 893 victoriam
1475 864 1593 907 pene
1614 850 1832 900 incruen-

50 928 150 970 tam
172 918 377 971 dedisset,
402 914 482 962 alii
505 912 605 960 aliis
628 911 910 977 gratulantes
929 910 985 955 ad
1012 909 1328 970 prandendum
1348 910 1649 962 discesserunt.
1705 917 1831 979 Pug-

53 999 214 1036 natum
238 983 298 1030 est
320 979 503 1029 decimo
522 977 657 1026 tertio
678 976 754 1023 die
775 974 913 1029 Maii,
939 973 1185 1020 undecimo
1205 973 1346 1037 quam
1371 992 1395 1021 e
1428 978 1630 1026 custodia
1652 980 1838 1046 Regina

51 1065 154 1099 erat
174 1047 340 1110 elapsa.
409 1046 612 1107 Legatus
636 1041 820 1093 Gallus,
844 1037 923 1101 qui
947 1049 1166 1085 eventurn
1189 1055 1359 1102 pugnae
1381 1045 1718 1104 expectaverat,
1762 1062 1836 1096 at-

54 1133 149 1178 que
172 1113 328 1160 animo
347 1122 518 1157 certam
542 1107 736 1170 Reginae
758 1102 1011 1167 spondebat
1031 1102 1286 1158 victoriam,
1311 1120 1364 1151 ea
1384 1104 1459 1168 spe
1482 1106 1714 1158 fraudatus
1729 1127 1839 1174 per.

55 1181 211 1230 sonam
234 1176 362 1224 exuit
386 1194 397 1222 ε
433 1190 485 1220 ac
506 1189 599 1218 non
621 1181 848 1218 convento
871 1169 1085 1231 Prorege,
1129 1166 1188 1214 ad
1211 1184 1350 1231 quem
1374 1170 1415 1216 se
1438 1171 1616 1220 miffum
1652 1175 1836 1224 fifnula·

57 1255 202 1296 verat,
228 1239 429 1302 acceptis
463 1237 612 1301 equis,
655 1250 708 1281 ac
745 1232 940 1279 ducibus
974 1249 1066 1295 qua
1088 1244 1265 1294 poterat
1288 1233 1497 1295 proxime
1531 1238 1588 1284 ad
1613 1239 1838 1301 Angliam

57 1306 315 1363 contendit.
368 1305 424 1351 In
445 1301 609 1349 itinere
630 1298 823 1361 spoliato
846 1313 872 1342 a
893 1295 1145 1343 latronibus
1169 1297 1362 1344 Iacobus
1378 1300 1638 1364 Duglaffius
1661 1299 1840 1355 Drum⁴

69 1371 235 1421 lanrici
258 1368 545 1421 comarchuS,
586 1365 664 1412 etsi
688 1379 795 1409 eum
822 1378 926 1408 curn
948 1360 1150 1407 inimicis
1173 1362 1280 1408 stare
1303 1361 1452 1420 sciret,
1490 1378 1642 1415 tamen
1660 1371 1841 1420 nomini-

61 1436 309 1500 iegationis
329 1434 453 1479 hunc
473 1430 636 1478 habuit
658 1429 898 1481 honorem,
924 1438 974 1472 ut
996 1425 1071 1471 sua
1094 1425 1138 1472 ei
1159 1427 1393 1474 reddenda
1411 1443 1603 1478 curaret.
1671 1435 1841 1484 Prorex

62 1503 293 1566 reliquum
314 1497 426 1551 diei,
451 1512 544 1559 quo
563 1505 818 1558 pugnatum
842 1492 919 1544 est,
937 1491 983 1537 in
1009 1489 1292 1537 recensendis
1314 1493 1509 1554 captivis
1547 1496 1839 1564 consumpsit.

65 1567 198 1615 Alios
220 1565 407 1616 liberOS,
432 1562 545 1609 alios
568 1558 686 1606 datis
707 1556 900 1603 vadibus
922 1554 1110 1602 dimifit.
1177 1555 1411 1616 Principes
1444 1561 1627 1616 retenti,
1662 1569 1704 1611 Sc
1727 1581 1844 1627 prae-

63 1632 202 1694 cipue
225 1630 308 1692 qui
330 1645 354 1674 e
377 1625 555 1674 familia
572 1635 700 1670 erant
723 1619 1033 1674 Hamfflonia,
1061 1623 1109 1667 Sc
1131 1618 1179 1665 in
1203 1621 1425 1669 custodias
1449 1624 1691 1674 distributi.
1737 1629 1846 1677 Pos-

67 1697 204 1744 tridie
243 1709 412 1756 gnarus
450 1701 626 1753 quanto
657 1703 710 1734 ea
732 1701 844 1749 gens
879 1685 1003 1747 apud
1033 1683 1210 1730 vicinos
1244 1685 1355 1732 odio
1384 1687 1630 1745 laboraret,
1670 1693 1848 1758 reliqua

65 1762 201 1808 turba
238 1757 364 1821 sequi
399 1754 544 1802 vetita
565 1748 829 1817 quingentis
868 1761 1050 1795 tantum
1071 1747 1303 1812 equitibus
1325 1752 1570 1801 comitatus
1609 1755 1657 1804 in
1681 1759 1848 1808 vallem

70 1823 364 1873 Glottianam
388 1819 618 1884 profectus
641 1815 798 1863 omnia
816 1814 953 1877 plena
971 1813 1090 1876 fugae
1110 1813 1328 1879 vestigiis,
1354 1821 1394 1864 &
1414 1819 1629 1866 vastitatis
1650 1821 1847 1881 invenit,

73 1888 220 1953 magis
244 1885 561 1950 reputantibus
584 1881 747 1929 incolis
765 1879 880 1942 quid
900 1876 1174 1932 meruissent,
1195 1895 1333 1942 quam
1351 1881 1400 1928 in
1420 1883 1631 1947 Proregis
1649 1888 1852 1937 clemen·

70 1955 138 2002 tia
159 1954 237 2001 etsi
260 1950 361 2004 satis
384 1949 488 2013 ipsis
512 1947 741 2013 perspecta
759 1945 881 2008 spem
904 1943 1256 1990 collocantibus.
1287 1945 1652 2005 Hamiltonium,
1673 1956 1714 1999 δε
1732 1954 1855 2001 Dte.

69 2019 233 2068 *fanum
258 2033 380 2064 arces
402 2026 615 2077 receptae,
640 2010 852 2058 omniurn
876 2025 1025 2054 rerum
1049 2023 1223 2063 vacuae,
1247 2008 1326 2055 nifi
1343 2013 1472 2073 quod
1494 2012 1543 2060 in
1557 2015 1853 2066 Hamiltonio

77 2084 102 2131 ἐ
126 2083 275 2148 Regia
313 2078 472 2128 Iacobi
504 2076 655 2142 quinti
688 2072 958 2137 supelleetili
994 2071 1206 2119 nonnihil
1228 2073 1487 2126 inventum.
1555 2079 1688 2127 Idem
1710 2094 1856 2131 ten-01·

76 2148 327 2213 Reginam,
357 2146 446 2192 five
468 2143 596 2207 quod
620 2140 800 2188 nullum
823 2140 978 2195 locum
1001 2137 1048 2183 in
1070 2136 1150 2183 illa
1173 2137 1341 2185 Scotiae
1364 2142 1554 2205 regione
1575 2144 1677 2192 satis
1700 2157 1855 2196 tutum

77 2214 161 2261 fibi
184 2223 378 2275 putaret,
404 2209 493 2256 sive
515 2207 644 2269 quod
667 2201 848 2251 loannis
867 2200 1115 2250 Maxuallii
1133 2202 1376 2252 Herefiani
1391 2206 1504 2255 ,fidei
1516 2223 1679 2271 parum
1698 2213 1858 2262 crede-

78 2291 166 2333 ret,
191 2275 374 2322 transire
397 2273 446 2319 in
472 2270 693 2335 Angliam
715 2267 889 2331 coegit.
1308 2296 1310 2298 ψ

145 2342 280 2389 XIII.
316 2336 508 2386 Caeteris‘
547 2353 574 2382 a
595 2337 794 2397 Prorege
827 2332 958 2379 domi
981 2347 1063 2395 pro
1091 2344 1303 2396 tem-pore
1335 2336 1470 2384 rebus
1509 2341 1772 2402 compositis
1805 2341 1857 2392 in

79 2406 280 2455 mensem
670 2410 924 2447 conventus
948 2396 1158 2445 omnium
1196 2398 1414 2448 ordinum
1436 2403 1775 2469 Edirnburgum
1798 2409 1861 2457 est

4 2486 8 2489 ’
80 2471 298 2520 indictus.
368 2468 444 2515 Ad
466 2483 571 2514 eum
595 2462 948 2527 impediendum
970 2463 1117 2508 multa
1138 2462 1196 2508 ab
1219 2465 1403 2512 adversa
1436 2466 1636 2516 factione
1658 2471 1757 2519 sunt
1777 2490 1862 2520 ex-

81 2535 302 2599 cogitata.
343 2534 573 2580 Rumores
596 2531 748 2593 passim
773 2526 901 2591 sparsi
924 2527 982 2573 de
1003 2525 1280 2575 auxiliorum
1305 2530 1595 2580 Gallicorum
1619 2536 1818 2587 adventu
1843 2554 1859 2586 ε

85 2617 171 2648 nec
194 2612 347 2647 tamen
368 2597 418 2644 in
441 2609 591 2644 totum
615 2593 735 2641 vani.
803 2593 930 2639 Nam
954 2591 1165 2638 cohortes
1191 2593 1378 2658 aliquot<
1392 2596 1449 2643 ad
1473 2614 1596 2645 mare
1618 2600 1866 2650 descende.

81 2676 188 2715 rant
210 2664 327 2712 duce
348 2660 575 2725 Martigio
596 2658 783 2707 homine
806 2656 1008 2720 impigro
1047 2654 1086 2728 e·
1111 2655 1288 2706 familia
1307 2660 1679 2726 Lucemburgica
1697 2683 1864 2728 quam.

86 2729 292 2794 primum
314 2726 362 2774 in
385 2727 586 2774 Scotiam
607 2725 877 2787 trajecturae.
945 2722 1004 2767 Et
1042 2721 1124 2767 mfi
1154 2722 1330 2772 bellum
1364 2726 1413 2773 in
1437 2727 1595 2774 Gallia
1616 2729 1753 2777 civile
1791 2749 1866 2781 re.

83 2805 228 2858 *pente
251 2790 400 2838 fuisset
429 2801 660 2847 exortum,
684 2788 947 2836 tranfiss'ent.
1018 2784 1109 2832 Sed
1129 2803 1183 2834 ea
1207 2805 1275 2837 res
1300 2805 1391 2838 non
1426 2804 1520 2839 tarn
1556 2794 1742 2858 Prot-egi
1766 2808 1865 2845 erat

89 2858 245 2906 futura
262 2854 572 2910 formidolosa,
588 2871 730 2918 quam
743 2850 924 2900 inimici
936 2848 1183 2900 rebantur:
1204 2854 1378 2919 quippe
1390 2872 1494 2918 quae
1505 2857 1565 2904 ab
1582 2857 1676 2906 illis
1694 2861 1867 2921 aliena-

85 2934 194 2971 tura
214 2922 336 2976 estet,
362 2925 402 2967 &
422 2918 507 2983 ipfi
528 2919 829 2981 conjunctura
850 2913 1086 2963 araiffime
1107 2916 1225 2965 vires
1248 2920 1510 2984 Anglorum
1521 2923 1646 2971 effer.
1713 2926 1868 2990 Arga-

88 2985 260 3035 xhelius
278 3001 463 3048 quoque
485 3000 590 3032 cum
611 2982 832 3031 sexcentis
855 2981 949 3029 fere
971 2979 1263 3047 propinquis,
1283 2988 1333 3035 δε
1351 2985 1599 3034 clientibus
1618 2987 1866 3038 Glascuam

91 3052 234 3098 venit-
302 3048 377 3096 Ibi
397 3065 504 3096 cum
528 3046 856 3102 Hamiltoniis,
890 3049 940 3095 δε
972 3044 1074 3092 aliis
1095 3048 1365 3110 quibusdam
1399 3049 1611 3099 factionis
1642 3052 1866 3117 principi·

91 3115 179 3163 bus
200 3112 458 3161 collocutus
480 3112 538 3159 de
573 3112 772 3161 comitiis
804 3109 1133 3174 impediendis,
1168 3114 1276 3161 eum
1314 3115 1442 3161 nulla
1478 3116 1596 3164 ratio
1617 3131 1741 3165 certa
1770 3120 1870 3181 ejus

86 3177 272 3232 confilii
294 3177 402 3224 iniri
424 3177 582 3240 posset,
605 3177 768 3225 diversi
787 3177 983 3224 domum
1004 3173 1197 3240 quisque
1220 3177 1342 3226 suam
1364 3179 1594 3230 abierunt.
1648 3183 1709 3230 Et
1731 3183 1871 3230 Hun-

94 3243 247 3292 tilaeus
268 3242 436 3289 coac‘tis
457 3240 641 3289 circiter
663 3241 789 3288 mille
809 3239 1066 3304 peditibus,
1094 3253 1152 3289 -ut
1180 3241 1305 3290 diem
1340 3244 1637 3294 comitiorum
1660 3247 1874 3294 observa.

93 3319 182 3363 ret,
207 3307 426 3354 Perthum
450 3305 591 3367 usque
620 3306 841 3368 processit.
910 3303 1016 3352 Illic
1035 3291 1164 3355 vadis
1187 3307 1281 3355 Tai
1301 3307 1507 3358 fluminis
1529 3326 1556 3356 a
1590 3313 1663 3372 (1)
1686 3311 1873 3358 Guliel—

91 3387 175 3421 mo
195 3373 411 3427 Ruveno,
455 3375 495 3417 &
518 3369 762 3418 nobilitate
792 3369 963 3426 vicina,
1002 3385 1106 3433 quae
1139 3371 1188 3421 in
1220 3372 1311 3421 fide
1336 3374 1661 3437 permanserat,
1695 3375 1874 3423 obsessis

152 3501 217 3553 (ι)
244 3500 423 3540 William
458 3501 556 3538 Lord
584 3497 795 3547 Ruthwen,
832 3500 895 3539 son
921 3511 960 3539 to
1016 3503 1087 3539 and
1099 3500 1492 3556 firstearlofssowrie,
1508 3513 1660 3545 execute
1677 3514 1713 3544 at
1732 3504 1881 3544 Sttive-

95 3556 268 3606 Patrick,
288 3555 503 3597 afterwards
528 3553 715 3595 thesaurer
729 3553 774 3594 of
784 3555 959 3595 Scotland
1014 3556 1098 3606 ling
1118 3557 1233 3610 1584.
1856 3576 1861 3581 1

1776 3664 1881 3712 nul,-
