2076 3862
466 157 896 224 ³·Lr1311212·r
943 156 1458 245 QUARTUQ
1588 178 1589 181 ’
1775 181 1894 243 103

123 277 195 313 rsa·
247 259 518 309 uae'rendam.
586 258 704 304 Haec
726 256 947 304 sententia
968 270 1072 303 cum
1097 255 1145 303 in
1168 256 1358 302 consilio
1377 256 1564 311 vicisset,
1587 255 1683 306 laeti
1701 259 1758 306 ad
1781 277 1897 323 pra>-

123 331 220 376 ‹ias›¹
255 323 507 371 ffcurrunt:
559 338 612 368 ac
634 323 745 368 dum
784 321 832 369 in
871 322 994 383 spem
1020 321 1175 368 amifl‘a
1197 321 1497 383 recuperandi
1523 324 1736 371 audacius
1759 341 1900 387 quam

121 388 388 457 prudentius
411 387 499 434 suae
521 386 767 450 cupiditati
785 387 1049 496 indulpent,
1076 386 1325 448 majoribus
1344 399 1532 448 repente
1550 387 1695 448 copiis
1716 390 1900 453 oppres-

123 458 154 503 Η
175 453 393 512 majorem
418 452 597 499 suorum
623 466 799 515 partem
822 452 912 498 ami
933 463 1081 498 erunt.

130 540 135 558 τ
181 518 309 565 LIII.
349 519 469 564 Haec
491 517 643 564 clades
664 517 711 563 in
731 516 1007 563 Hiberniam
1030 516 1298 563 renunciata
1313 513 1459 562 Scotis
1478 531 1665 576 omnem
1684 516 1806 578 spem
1832 536 1901 565 rea-

116 583 238 631 ditus
261 582 491 644 praecidit‚
514 582 554 629 86
578 581 812 630 Hibernos
833 581 889 627 de
911 581 987 627 sua
1010 581 1219 627 libertate
1241 580 1482 628 retinenda
1503 580 1721 626 sollicitos
1746 583 1898 629 reddi-

110 648 201 695 dit.
273 646 438 693 Multis
461 646 606 710 igitur
636 645 833 692 consiliis
866 644 1049 691 tentatis
1072 661 1178 691 cum
1203 645 1319 692 alius
1341 644 1501 692 exitus'
1525 661 1615 692 non
1641 660 1895 708 appareret,

115 712 259 760 visum
283 713 343 758 est
367 712 514 758 Scotis
539 711 904 757 Hibernenfibus
944 711 1120 773 legatos
1142 710 1191 756 in
1215 709 1498 757 Britanniam
1520 710 1605 756 effe
1628 710 1895 767 mittendos,

113 793 167 824 ac
190 793 348 840 pacem
372 793 512 838 quam
537 775 734 822 maxime
757 776 1014 822 commodis
1037 774 1212 837 possent
1229 774 1575 822 conditionibus
1600 791 1706 821 cum
1727 777 1899 822 Roma<

115 848 183 890 nis
209 841 483 888 faciendam.
556 841 643 887 Eos
667 841 903 886 Maximus
927 839 1133 903 primum
1149 840 1348 903 graviter
1369 840 1592 901 increpat,
1613 840 1740 903 quod
1760 842 1900 887 nullis

112 906 354 970 provocati
376 906 553 968 injuriis
580 907 698 952 ultro
721 923 846 952 arma
863 907 1075 951 Romana
1097 904 1369 952 lacessi-ssent.
1438 905 1624 966 Legatis
1647 904 1900 951 excusanti-

116 972 218 1026 bus,
246 977 292 1020 &
316 971 500 1033 culpam
528 971 574 1017 in
598 970 861 1034 imperitam
890 968 1235 1016 multitudinem
1259 969 1602 1017 conferentibus
1625 970 1732 1016 data
1748 970 1897 1016 venia.

116 1038 211 1083 Pax
232 1036 287 1082 iis
311 1035 491 1098 legibus
514 1036 648 1089 facta,
690 1053 746 1082 ne
783 1036 927 1082 hosses
961 1035 1279 1081 Romanorum
1302 1037 1399 1095 post
1420 1050 1528 1080 eum
1550 1036 1673 1081 diem
1699 1033 1900 1082 Hiberni

116 1101 389 1163 reciperent,
405 1100 460 1145 ab
474 1117 727 1162 eorumque
746 1099 1079 1146 fiacib01nnem
1091 1100 1188 1144 vim
1207 1100 1699 1154 abstinerent,comitei·
1712 1099 1901 1162 imperii

117 1166 392 1225 majestatem
415 1167 636 1211 colerent.
705 1165 908 1210 Hiberni
931 1163 1153 1225 aequiores
1177 1179 1317 1225 quam
1351 1164 1580 1226 sperarant
1610 1164 1900 1221 conditiones

116 1230 212 1277 iaeti
251 1230 442 1276 domum
475 1230 742 1276 retulerunt.
799 1229 1059 1275 Maximum
1084 1241 1236 1274 autem
1259 1228 1314 1274 ad
1335 1228 1667 1291 pacificandum
1688 1246 1778 1276 non
1803 1246 1899 1275 me-

117 1307 189 1341 tus
212 1295 269 1341 ab
293 1295 515 1342 Hibernis
557 1298 628 1356 (ut
649 1294 731 1355 qui
754 1309 845 1339 non
870 1310 1089 1355 magnum
1112 1293 1161 1339 in
1192 1309 1351 1339 eorum
1383 1295 1585 1340 motibus
1610 1308 1897 1341 momentum

116 1362 327 1422 poneret)
354 1360 481 1406 flexit
506 1378 515 1406 :
561 1360 634 1405 sed
660 1359 788 1420 quod
810 1359 855 1404 in
881 1359 1109 1418 majorum
1132 1373 1282 1403 rerum
1307 1357 1430 1420 spem
1454 1358 1656 1406 intentus
1682 1376 1773 1406 non
1797 1377 1898 1406 mo-

118 1425 178 1470 do
201 1424 424 1486 quietam,
450 1424 524 1471 sed
545 1424 684 1470 etiam
712 1424 981 1469 benevolam
1002 1423 1084 1468 fibi
1104 1423 1292 1469 volebat
1313 1423 1571 1486 relinquere
1596 1424 1895 1472 Britanniam.

118 1490 242 1535 Nam
266 1491 371 1537 cum
396 1502 465 1536 tot
488 1488 610 1535 caefis
632 1486 909 1534 exercitibus
931 1486 1117 1550 imperii
1136 1487 1337 1534 Romani
1360 1488 1476 1535 vires
1501 1489 1725 1543 bellorum
1747 1489 1898 1536 civili-

118 1555 196 1600 u'm
223 1553 564 1616 tempestatibus
593 1551 855 1600 deificatas
876 1553 1070 1615 videret,
1109 1552 1502 1617 imperatoresque
1539 1571 1629 1600 non
1667 1571 1692 1599 a
1721 1554 1895 1614 senatu,
1928 1601 1931 1604 ,

116 1618 350 1681 populove
388 1618 501 1682 legi,
526 1617 600 1665 sed
626 1618 811 1665 militari
836 1617 992 1664 favore
1030 1617 1207 1672 assumi,
1241 1633 1440 1681 cumque
1463 1617 1722 1681 perdomita
1749 1621 1899 1682 (quod

116 1682 234 1729 nulli
256 1683 386 1730 alteri
409 1683 687 1748 contigiffet>
712 1682 948 1729 Britannia
970 1698 1188 1746 magnum
1212 1681 1259 1728 in
1279 1700 1327 1730 re
1349 1682 1538 1730 militari
1560 1701 1746 1738 nornen,
1769 1701 1899 1732 exer-

113 1748 356 1811 citumque
381 1765 463 1811 pro
487 1748 784 1794 multitudine
806 1748 908 1795 satis
933 1748 1115 1794 firmum
1136 1747 1340 1802 haberet,
1364 1748 1411 1795 in
1432 1766 1490 1795 eo
1511 1765 1658 1795 rerum
1682 1751 1793 1796 statu
1817 1751 1901 1798 de·-

116 1827 336 1867 creverat,
363 1815 394 1860 fi
417 1813 457 1859 se
480 1813 654 1860 occasio
680 1813 863 1875 imperii
883 1812 1143 1875 occupandi
1165 1813 1364 1864 offerret,
1402 1813 1597 1861 fortunae
1621 1831 1712 1861 non
1733 1815 1896 1864 deesse.

117 1879 171 1924 In
196 1879 313 1925 hanc
336 1878 458 1940 spem
482 1895 651 1941 pronus
667 1877 838 1925 milites
857 1877 1060 1940 plurima
1076 1877 1311 1934 comitate,
1334 1884 1374 1926 δε
1397 1878 1793 1942 omnilargitionis
1815 1898 1898 1944 ge-

117 1960 225 1989 nere
247 1944 654 2006 complec'tebatur.
707 1944 798 1990 rDe
815 1945 950 1989 rebus
968 1942 1237 2008 graviffimis
1271 1959 1377 1991 cum
1404 1943 1730 1992 Britannorum
1753 1946 1898 2007 majo-

116 2006 244 2053 ribus
265 2008 550 2055 consultabat
575 2027 591 2055 :1
624 2009 855 2055 Pictorum
872 2008 1116 2070 juventute
1139 2008 1391 2056 exercitum
1416 2008 1655 2072 supplebat
1680 2029 1691 2056 :
1744 2010 1900 2074 eisque

118 2072 326 2132 praefidia
347 2073 553 2134 pluribus
575 2073 624 2119 in
648 2074 759 2120 locis
782 2073 1031 2136 provinciae
1054 2073 1375 2120 cammittebat
1392 2074 1684 2122 custodienda
1709 2094 1720 2122 :
1752 2075 1900 2124 diviso

118 2137 238 2182 inter
261 2153 353 2192 eos,
376 2143 414 2183 Sc
434 2133 661 2184 Brittones
682 2141 924 2185 Scotorum
949 2154 1060 2201 agro
1083 2138 1219 2185 Pictis
1242 2139 1431 2200 quidem
1451 2152 1650 2187 veterem
1672 2140 1900 2190 ditionem

116 2200 308 2247 liberam
333 2200 522 2264 reliquit
548 2221 558 2249 ε
596 2202 669 2250 sed
691 2203 936 2265 vectigalia
958 2203 1141 2250 modica
1165 2220 1221 2249 ex
1243 2204 1465 2251 attributo
1490 2205 1553 2251 eis
1577 2203 1745 2253 ultimo
1766 2206 1901 2269 regui

119 2268 363 2313 Scotorum
388 2269 560 2330 angulo
582 2266 755 2331 exegit.
824 2268 1057 2314 Indicium
1076 2268 1284 2331 quidem,
1311 2282 1361 2314 ut
1382 2269 1474 2332 ipse
1497 2270 1902 2332 praedicabatBri-

118 2332 323 2386 tar-niam
351 2331 600 2394 universam
624 2333 793 2394 partim
812 2349 838 2378 a
859 2333 899 2378 se
922 2333 1250 2395 perdomitam,
1271 2334 1438 2396 partim
1462 2349 1687 2397 pacatam.
1734 2339 1902 2400 Atque

115 2394 189 2442 his
213 2396 400 2458 quidem
426 2397 599 2443 artibus
622 2398 787 2461 vulgus
813 2397 979 2444 mirum
1002 2399 1050 2443 in
1075 2399 1265 2445 modum
1290 2398 1372 2444 fibi
1395 2399 1686 2448 conciliabat.
1738 2402 1902 2466 Itaque

106 2461 331 2523 ompibus
351 2462 408 2508 ad
427 2461 551 2524 spem
568 2476 839 2525 conceptam
851 2462 1023 2530 paratis
1037 2464 1166 2510 velut
1184 2481 1210 2510 a
1229 2462 1457 2514 militibus
1478 2468 1677 2522 coactus,
1702 2469 1774 2529 (1)
1790 2486 1901 2531 pur-

94 2541 286 2589 ”puram
299 2525 499 2590 sumpsit.
814 2526 818 2529 ’
1057 2537 1061 2541 ’

181 2591 310 2637 LIV.
345 2594 445 2639 Post
467 2609 573 2639 eum
594 2592 919 2653 Constantinus
937 2610 993 2640 ex
1016 2593 1177 2640 infimo
1197 2594 1380 2651 militiae
1403 2596 1565 2644 ordine
1589 2596 1680 2644 sola
1698 2596 1900 2645 nominis

114 2656 517 2705 commendatione
538 2675 566 2704 a
588 2657 871 2705 Brittonibus
896 2659 993 2705 dux
1024 2661 1084 2705 est
1111 2660 1280 2706 electus
1307 2678 1317 2706 ε
1344 2674 1483 2724 atque
1505 2679 1562 2708 eo
1583 2661 1731 2710 rursus
1759 2662 1904 2710 inter·

116 2733 274 2782 empto
300 2721 551 2770 Gratianus
573 2723 715 2783 homo
747 2723 995 2783 Britannici
1020 2723 1437 2788 fiqnguinis'insulae
1454 2727 1702 2789 imperium
1723 2726 1902 2774 invafit.

103 2783 163 2828 JV
166 2801 293 2832 erum
317 2787 530 2834 Maximo
551 2787 600 2834 in
621 2787 772 2844 Italia,
796 2788 1023 2848 Gratiano
1046 2790 1092 2837 in
1115 2789 1350 2837 Britannia
1366 2791 1481 2837 caeso
1501 2792 1652 2839 missus
1673 2793 1734 2839 est
1751 2793 1906 2840 Roma

104 2849 401 2902 Victorinus,
427 2853 506 2915 qui
532 2852 674 2918 legati
692 2853 878 2900 nomine
902 2853 1185 2901 Britanniam
1206 2868 1400 2918 regeret.
1469 2858 1513 2903 Is
1534 2858 1640 2904 cum
1663 2856 1739 2904 sua
1764 2875 1908 2920 opera

104 2913 362 2976 imperium
385 2916 533 2964 videri
560 2918 701 2965 vellet
729 2920 932 2974 auctum,
960 2918 1095 2965 Piens
1118 2919 1165 2965 in
1188 2919 1441 2983 provinciae
1472 2921 1670 2969 formam
1692 2922 1906 2977 redaffls.

107 2978 298 3042 :iegibus
331 2981 554 3030 Romanis
576 2999 653 3029 eos
678 2983 746 3029 uti
775 2984 915 3045 juffit,
939 2984 1069 3048 gravi
1097 3001 1235 3048 poena
1269 2985 1319 3032 ni
1341 3000 1557 3048 pareatur
1593 2985 1768 3035 indiaa
1809 3007 1822 3035 :
1854 2981 1907 3036 ac

120 3043 350 3106 Hergusto
367 3063 525 3094 eorum
549 3064 658 3112 rege
675 3048 794 3095 inter
812 3050 912 3095 haec
934 3061 1135 3105 mortuO,
1158 3048 1304 3097 vetuit
1322 3067 1379 3097 ne
1398 3065 1569 3098 novum
1593 3065 1909 3108 crearent,ne-

118 3123 175 3153 ve
199 3109 507 3172 magistratum
532 3113 674 3160 alium
699 3113 779 3160 nifi
800 3131 825 3159 a
845 3114 1022 3177 populo
1037 3115 1259 3162 ‘Romano
1278 3115 1438 3162 datum
1459 3116 1696 3165 haberent.
1730 3118 1781 3164 Id
1802 3134 1911 3166 vero

99 3171 258 3244 *Pictis
282 3189 406 3221 mera
428 3176 616 3225 servitus
639 3178 785 3226 videri
812 3197 823 3225 ε
850 3195 904 3225 ac
921 3180 1019 3241 jam
1039 3179 1154 3234 sero,
1181 3183 1230 3229 ὅτ
1253 3178 1412 3227 frustra
1433 3176 1568 3244 queri
1588 3194 1775 3246 gentem
1799 3188 1842 3230 δε
1863 3201 1912 3230 a·

98 3252 311 3292 wmcam,
332 3243 382 3288 &c
397 3255 674 3305 cognatam,
692 3260 744 3292 ac
778 3242 888 3303 licet
908 3243 1094 3292 interim
1121 3245 1373 3301 molestam,
1399 3257 1554 3294 tamen
1573 3248 1810 3294 adversum
1832 3265 1913 3295 ex-

41 3367 44 3369 *
120 3312 300 3349 ternum
327 3302 733 3367 hostemomnium
764 3307 1075 3372 periculorum
1112 3309 1280 3356 sociam
1311 3326 1337 3356 a
1371 3308 1414 3358 se
1443 3312 1569 3359 foede
1594 3317 1633 3358 &a
1667 3312 1915 3360 crudeliter

98 3366 370 3440 proditam.
432 3371 508 3416 Ὲο
526 3371 568 3418 se
593 3373 694 3418 haec
710 3373 815 3435 jure
834 3373 948 3437 pati,
965 3374 1047 3437 qui
1067 3390 1160 3421 non
1184 3374 1358 3422 auxilio
1380 3374 1545 3433 solum,
1563 3377 1638 3423 sed
1662 3377 1916 3424 misericor-

95 3430 198 3478 ·dia
219 3429 261 3478 se
278 3433 520 3495 priva-rint.
562 3452 565 3459 ’
591 3437 710 3501 Qis
734 3439 859 3488 enim
883 3455 1041 3488 eorum
1069 3438 1408 3490 calamitatibus
1433 3440 1640 3491 indolere
1658 3443 1818 3506 poss'et,
1835 3443 1922 3506 qui

174 3569 238 3620 (Ι)
270 3573 337 3613 See
366 3587 444 3626 cap.
466 3588 532 3627 45.

1825 3713 1920 3745 me·
