2025 3831
364 143 656 211 Liar-:R
717 139 1538 209 DECIMUssExTUs.
1701 165 1831 233 479

60 242 497 306 interitumjegum,
521 241 806 290 &libertatis
842 241 1050 290 omnium
1091 240 1316 305 capitibus
1360 241 1568 304 imponat
1594 261 1603 290 :
1642 244 1682 290 se
1705 264 1840 311 mag..

1 324 7 338 ¹
63 318 234 374 ffopere
276 325 420 362 orare,
457 320 509 354 ‘ut
553 307 610 352 ab
643 308 732 353 hoc
783 322 874 354 tam
922 309 1179 371 pernicioso
1219 306 1408 352 consilio
1445 308 1654 354 adversus
1698 312 1837 360 fidem

62 376 397 440 promissorum,
423 371 656 434 publicam
682 373 945 425 utilitatem,
971 375 1112 436 leges,
1135 372 1442 419 &libertatem
1469 384 1636 418 temere
1659 375 1837 440 suscep·

64 451 112 488 to
135 441 308 487 desistat
333 459 343 486 :
378 453 491 499 neve
514 452 611 481 earn
638 436 937 483 necessitatem
963 437 1028 483 eis
1049 436 1274 499 imponat,
1301 447 1349 482 ut
1388 435 1580 482 universi
1604 443 1761 502 populi
1786 444 1837 488 fi„

63 506 170 552 dem
193 502 438 567 implorare
472 513 713 563 cogantur.
782 503 836 547 In
871 504 1063 548 eandem
1105 500 1199 548 fere
1222 499 1489 546 sententiam
1520 504 1617 563 post
1641 507 1840 554 mensem

61 567 339 631 Ed'imburgi
359 565 538 614 collecti
562 565 877 626 rescripserunt
905 585 914 611 ;
943 583 994 612 ac
1018 562 1320 628 superioribus
1337 566 1453 611 hanc
1468 563 1741 627 petitionem
1759 573 1840 618 ad..

53 634 284 696 jecerunt,
311 646 360 679 ut
383 627 703 678 molitionibus
726 631 856 676 novis
891 631 1051 677 eversis
1076 629 1358 694 peregrinos,
1382 629 1584 693 aliosque
1609 636 1841 682 mercena·

56 697 152 746 rios
174 697 400 760 quossibet
421 693 596 757 oppido
619 694 843 756 em3grare
860 695 1038 756 jubeat,
1074 708 1120 741 ut
1145 696 1343 742 liberum
1363 694 1428 741 ibi
1447 694 1663 742 omnibus
1685 715 1742 744 ex
1781 716 1844 745 ae·

96 778 155 809 uo
188 763 294 809 esset
312 759 563 825 negociari,
605 763 643 805 &
690 771 851 805 mutua
872 777 1080 806 exercere
1102 760 1396 806 commercia.
1464 760 1518 806 Id
1541 761 1572 806 si
1602 761 1842 818 recusaret,

8 840 27 887 g
58 777 209 889 sepro
231 840 356 875 certo
379 824 555 872 indicio
597 836 862 886 accepturos
901 842 1002 871 eam
1043 841 1234 887 regnum
1260 825 1348 870 hoc
1369 824 1417 871 in
1441 825 1702 872 servitutem
1728 830 1845 876 velle

0 910 2 916 ·
34 890 270 955 'redigere
297 910 310 940 z
344 891 418 938 cui
444 891 564 935 malo
587 887 646 944 se,
672 903 947 952 quacunque
970 889 1145 936 ratione
1169 891 1359 953 poss'ent,
1400 891 1655 938 remedium
1679 897 1846 956 quaesi-

59 959 239 1003 turOS.”

124 1022 303 1077 XLIII,
342 1022 416 1067 Ad
435 1021 533 1066 haec
547 1017 628 1080 qui
650 1019 957 1081 responderet,
983 1020 1167 1082 Regens
1185 1017 1341 1065 triduo
1363 1019 1579 1082 proximo
1602 1021 1724 1070 rnifit
1747 1025 1847 1071 Ro.

58 1086 241 1133 bertum
255 1089 447 1133 Forman
460 1102 533 1131 um
559 1082 810 1146 principem
829 1083 1056 1130 foecialem
1080 1085 1267 1145 (vulgus
1291 1085 1467 1148 Regem
1491 1103 1722 1136 armorum
1762 1107 1847 1136 vo·

58 1152 154 1210 cat)
176 1167 280 1197 cum
294 1152 362 1197 his
390 1146 631 1196 mandatis.
665 1157 699 1177 “
719 1148 923 1195 Primum
945 1148 1151 1194 omniurn
1171 1149 1392 1203 ostendes,
1414 1150 1674 1198 nihilnobis
1698 1155 1846 1218 magis

56 1228 228 1281 praeter
246 1215 513 1279 opinionem
541 1213 746 1260 accidere
771 1212 980 1276 potuisse,
1001 1230 1140 1275 quam
1163 1212 1305 1259 alium
1346 1215 1429 1260 effe
1453 1217 1736 1279 quempiam,
1763 1220 1846 1282 qui

59 1282 327 1343 potestatem
353 1281 427 1334 hic
450 1280 631 1335 habeat,
649 1295 787 1342 quam
840 1281 910 1339 (1)
937 1295 1094 1341 gener,
1122 1283 1161 1324 δε
1181 1278 1273 1323 filia
1297 1294 1414 1333 mea,
1430 1282 1550 1326 unde
1572 1282 1721 1328 omnis
1745 1284 1848 1330 nos-

59 1357 130 1392 tra
153 1347 324 1409 pendet
346 1340 603 1393 anbioritas.
640 1343 882 1406 Superiora
905 1358 1145 1404 procerum
1161 1345 1272 1406 aaa,
1300 1348 1340 1389 ἅς
1356 1343 1454 1390 haec
1476 1346 1668 1406 praesens
1690 1350 1843 1409 postu-

14 1469 18 1475 4
58 1411 192 1465 latio,
215 1410 463 1473 {euporius
487 1409 734 1470 imperium
759 1408 860 1454 satis
884 1407 1134 1462 declarant,
1168 1423 1244 1453 eos
1269 1408 1442 1457 nullam
1465 1409 1740 1472 superiorem
1766 1430 1848 1476 ag-

12 1497 15 1519 ι
61 1476 248 1523 noscere
267 1474 600 1522 auctoritatem.
668 1474 772 1521 Nec
795 1489 954 1522 eorum
979 1472 1159 1535 petiti0,
1183 1484 1260 1519 aut
1279 1472 1431 1534 potius
1458 1475 1593 1520 minae
1615 1490 1873 1540 utcunque-

59 1540 310 1587 verborum
334 1539 567 1587 coloribus
590 1553 765 1602 opertae
787 1537 1033 1595 nobis·jam
1057 1553 1190 1584 novae
1212 1534 1357 1583 videri
1381 1540 1576 1600 possunt.
1644 1542 1846 1589 Postula-

61 1603 134 1651 bis
157 1623 182 1652 a
201 1606 318 1652 duce
341 1605 663 1658 Castellerotii,
690 1603 803 1652 utin
818 1602 1088 1648 memoriam
1109 1614 1306 1655 revocet,
1329 1618 1433 1664 quae
1456 1604 1589 1651 nobis
1611 1606 1778 1661 verbis,
1804 1603 1856 1654 δὲ

63 1670 187 1734 Regi
208 1688 287 1733 per
309 1670 461 1716 literas
485 1668 536 1715 fit
558 1669 921 1732 pollicitus,non
944 1668 985 1715 se
1009 1669 1149 1714 modo
1162 1666 1416 1730 Regidicto
1441 1669 1702 1717 audientem
1722 1671 1846 1720 fore:

16 1761 34 1774 .-
63 1733 140 1782 sed
164 1735 407 1790 faciurum,
433 1751 490 1780 ne
509 1733 627 1781 filius
650 1734 747 1795 ejus
765 1732 947 1779 Araniae
966 1729 1136 1778 Comes
1155 1733 1315 1795 patriae
1334 1734 1609 1780 tumultibus
1633 1736 1673 1782 se
1696 1738 1851 1783 omni-

0 1840 10 1847 „
63 1814 127 1846 no
144 1799 420 1862 implicaret.
494 1801 609 1846 Item
645 1799 833 1861 ecquid,
873 1813 978 1860 quae
1001 1813 1122 1843 nunc
1160 1809 1398 1861 geruntur,
1434 1798 1525 1845 illis
1548 1800 1852 1862 respondeant

63 1865 305 1927 promissis.
374 1864 450 1911 Ad
474 1864 628 1911 literas
647 1878 805 1915 autem
822 1862 1133 1924 respondebis,
1167 1878 1248 1908 nos
1268 1861 1486 1923 *publicae
1505 1866 1851 1927 tranquillitatis

5 1963 13 1973 .
64 1930 196 1977 causa
208 1930 445 1978 ostendisse
467 1928 680 1984 faetores,
702 1926 755 1973 ac
777 1943 898 1974 nunc
919 1927 1057 1973 etiam
1076 1925 1304 1990 polliceri,
1329 1925 1554 1990 quicquid
1575 1946 1679 1976 cum
1702 1931 1857 1993 pieta-

65 2007 111 2040 te
131 1996 178 2042 in
202 1996 378 2048 Deum,
401 2009 454 2040 ac
488 1994 776 2041 observantia
797 2010 907 2056 erga
950 1994 1103 2053 Reges
1134 2008 1227 2038 non
1267 2005 1444 2055 pugnet
1472 2011 1483 2039 :
1522 2010 1671 2057 neque
1709 1996 1767 2042 de
1789 1997 1871 2048 ii·x

66 2058 274 2114 bertatis,
300 2066 339 2106 &
362 2059 517 2123 legum
536 2060 767 2106 eversione
785 2074 988 2120 unquam
1012 2056 1242 2119 cogitasse.
1277 2057 1351 2102 De
1369 2074 1513 2120 regno
1531 2075 1640 2105 vero
1659 2076 1738 2122 per
1755 2061 1852 2108 vim

66 2126 350 2187 acquirendo
374 2125 522 2170 multo
545 2124 712 2171 minuS.
783 2123 875 2169 Cui
900 2121 1023 2168 enim
1047 2121 1166 2168 illud
1204 2138 1476 2184 quaererem,
1497 2124 1730 2186 quodjam
1757 2126 1855 2174 filia

66 2189 476 2250 haereditariojure
498 2190 589 2236 sine
612 2189 915 2235 controversia
940 2199 1091 2234 teneat
1116 2190 1133 2233 ?
1169 2186 1307 2249 Qod
1330 2187 1387 2234 ad
1428 2188 1731 2235 munitionem
1756 2191 1849 2238 Le-

70 2254 161 2301 thae
181 2256 360 2308 attinet,
401 2253 519 2300 illud
546 2254 729 2317 rogabis
755 2271 767 2299 ε
802 2251 960 2299 Nosne
985 2268 1185 2313 unquam
1212 2251 1389 2313 aliquid
1422 2251 1469 2297 in
1494 2270 1548 2299 eo
1586 2271 1753 2316 genere
1784 2270 1854 2302 at·

69 2320 367 2372 tentavimus,
392 2317 656 2381 priusquam
688 2317 757 2364 illi
782 2318 935 2363 multis
958 2315 1361 2370 conventionibus,
1387 2329 1452 2362 ac'
1480 2319 1663 2364 demum
1690 2320 1853 2380 coniu-

70 2384 247 2431 ratione
269 2383 388 2430 inter
406 2383 448 2430 se
467 2383 584 2430 facia
607 2383 757 2446 palam
796 2383 1101 2436 ostenderent,
1127 2381 1370 2447 imperium
1402 2383 1663 2445 legitimum
1685 2385 1727 2430 se
1748 2385 1858 2447 reji-

30 2448 41 2506 J,
65 2463 191 2503 cere,
216 2464 269 2494 ac
288 2448 568 2511 nobis,'quae
590 2447 787 2510 supremi
813 2448 1095 2510 magistratus
1115 2446 1450 2499 austoritatem,
1489 2446 1702 2495 &locum
1728 2462 1859 2496 tene·

71 2529 195 2568 mus,
219 2512 487 2560 inconsultis
511 2515 680 2560 statum'
697 2512 938 2576 publicum
962 2529 1046 2575 pro
1069 2512 1144 2558 suo
1167 2510 1358 2557 arbitrio
1381 2513 1708 2574 perturbassent
1731 2518 1750 2561 ?
1783 2515 1858 2560 su-

21 2580 26 2603 ῗ
68 2578 381 2641 asquepartes
403 2577 548 2643 captis
569 2578 758 2624 urbibus
781 2575 1115 2623 confirmassent
1138 2579 1156 2623 ?
1190 2581 1230 2622 δι
1262 2592 1369 2622 cum
1406 2576 1634 2625 veteribus
1657 2579 1860 2626 inimicis

29 2684 34 2689 .
71 2644 131 2690 de
153 2642 327 2690 foedeoe
350 2643 591 2691 sanciendo
613 2643 866 2689 trafitassent
891 2662 900 2690 :
928 2658 991 2688 ac
1014 2657 1135 2689 nune
1170 2641 1371 2688 maxime
1400 2643 1659 2702 complures
1697 2660 1858 2691 eorum

8 2704 10 2706 ¹
41 2740 46 2744 ·
71 2708 255 2772 Anglos
279 2706 407 2753 domi
423 2708 510 2754 suae
528 2708 763 2764 habeant?
789 2714 849 2762 &,
877 2721 925 2755 ut
948 2706 1036 2753 alia
1057 2707 1289 2761 omittam,
1310 2723 1447 2768 quam
1473 2707 1657 2754 tandem
1676 2709 1858 2756 causam

40 2818 43 2822 .
71 2773 277 2836 Proferre
300 2785 533 2834 poterunt,
561 2788 642 2819 cur
660 2773 751 2819 illis
774 2772 911 2819 liceat
932 2771 1184 2819 exercitum
1226 2784 1379 2817 tenere
1401 2771 1676 2836 Edimburgi
1707 2774 1764 2820 ad
1787 2791 1867 2821 re⁴

0 2839 38 2895 Ὗς
71 2853 176 2884 rum
199 2838 409 2900 praefides
440 2837 724 2885 invadendos
751 2841 768 2884 ἓ
802 2835 934 2884 nobis
969 2851 1121 2884 autem
1162 2852 1255 2882 non
1280 2835 1417 2882 liceat
1438 2836 1599 2882 Lethae
1622 2838 1680 2884 ad
1703 2834 1871 2886 salutis

69 2903 234 2949 nostrae
256 2902 516 2964 praesidium
540 2902 721 2966 aliquid
743 2903 982 2965 copiarum
998 2901 1119 2961 circa
1141 2917 1222 2947 nos
1244 2900 1410 2946 habere
1435 2904 1452 2947 ?
1491 2901 1616 2948 Illud
1639 2900 1861 2951 nimirum

38 3010 41 3017 ,
69 2969 285 3029 cupiunt,
301 2981 353 3014 ut
372 2967 646 3029 quotidiana
665 2966 921 3014 mutatione
956 2967 1163 3013 locorum
1207 2965 1409 3012 furorem
1431 2982 1592 3011 eorum
1632 2969 1780 3029 (quod
1803 2968 1861 3015 ad

25 3027 27 3030 ’
70 3030 198 3078 hunc
219 3033 344 3078 diem
366 3033 582 3093 fecimus)
606 3031 751 3079 vitare
767 3049 1003 3078 conemur.
1073 3031 1245 3092 Ec'quae
1267 3029 1312 3075 in
1337 3046 1496 3077 eorum
1536 3030 1678 3078 literis
1703 3033 1759 3078 de
1779 3049 1861 3095 pa·

71 3095 706 3161 rendojustismagistratibus
717 3098 778 3146 est
792 3097 966 3143 mentio
980 3100 997 3143 ?
1011 3093 1293 3157 Ecquamad
1303 3094 1596 3141 concordiam
1612 3095 1862 3151 instauran-

50 3160 178 3216 ,dam
192 3162 313 3208 viam
333 3163 570 3223 pandunt?
598 3161 951 3223 Ecq'uoju'dicio
971 3160 1301 3213 monstratio-se
1325 3159 1406 3205 hos
1429 3174 1580 3207 motus
1597 3163 1713 3208 velle
1731 3161 1860 3207 seda-

39 3262 50 3268 -
73 3226 163 3278 t'os,
189 3231 230 3272 δε
250 3226 550 3288 inpristinum
570 3227 729 3289 statum
743 3226 1028 3288 omniavelle
1043 3225 1228 3271 reducta
1249 3227 1264 3269 ?
1286 3224 1495 3288 operiant
1510 3225 1587 3271 ista
1599 3227 1765 3288 quibus
1785 3242 1860 3271 ve·

74 3289 162 3336 lint
173 3291 480 3337 emolumenti
503 3291 681 3353 publici
714 3290 970 3345 coloribus,
990 3292 1142 3354 palam
1164 3301 1319 3335 tamen
1342 3291 1403 3335 est
1421 3291 1547 3336 nulla
1568 3291 1624 3336 de
1643 3306 1691 3336 re
1710 3284 1877 3347 minus¹

38 3375 44 3385 ⁸
69 3358 150 3410 ἐορ-
170 3354 388 3418 cogitare.
410 3357 534 3402 Nam
548 3353 580 3400 fi
603 3353 652 3400 id
667 3365 808 3402 unum
824 3355 1120 3402 concordiam
1140 3355 1410 3406 moraretur,
1431 3355 1738 3416 sepenumero
1755 3369 1861 3418 qua:

73 3418 279 3479 duceret,
295 3420 354 3466 εδ
373 3420 491 3466 viam
511 3419 806 3465 ostendimus,
839 3420 942 3467 Nec
960 3420 1043 3484 ipsi
1066 3418 1300 3483 ignorant,
1324 3419 1491 3464 Gallos
1513 3418 1616 3464 istos
1638 3422 1859 3465 mandatu

28 3508 31 3511 -
75 3480 141 3528 sui
157 3479 300 3554 Regis
317 3479 620 3545 jamdudum,
645 3484 727 3531 nili
748 3483 838 3531 suis
875 3484 959 3548 ipsi
980 3485 1114 3533 fastis
1152 3484 1355 3533 inmora
1378 3482 1577 3537 fuissent,
1597 3494 1724 3530 extra
1747 3484 1882 3544 *Sco-t

30 3592 46 3619 ς’
110 3598 190 3677 ἶ(1)
211 3594 424 3679 ’,Βυρμεζείὶ
452 3627 519 3680 per
534 3611 698 3665 ellipsin.
716 3611 793 3655 vid.
826 3613 894 3655 nb,
918 3625 980 3655 12.
1001 3625 1080 3664 cap.
1101 3606 1169 3666 3t.

149 3690 166 3711 ³
764 3707 766 3709 >
796 3690 798 3692 ’
1750 3681 1863 3732 tiam
