2045 3857
549 179 879 249 Lrssssa
973 176 1375 256 SEXTUS.
1724 196 1840 260 151

77 292 166 348 vit,
189 291 242 342 ὃς
256 280 434 350 quoties
454 279 515 329 de
534 296 590 326 eo
607 279 751 328 sermo
770 273 1310 332 incidebat,-memoriam
1328 274 1424 334 ejus
1447 273 1698 330 honorifica
1719 293 1849 323 men-

72 359 208 405 tione
230 346 598 415 prosequebatur,
619 349 660 393 δι
684 344 818 391 funus
837 357 1005 406 magna
1025 340 1278 393 ambitione
1297 339 1621 396 celebrandum
1643 342 1847 397 curavit:

85 419 236 470 nullis,
261 403 444 476 quaekad
477 409 799 457 defunftorum
830 410 1052 455 honorem
1074 403 1326 468 excogitari
1348 416 1559 465 POteYasst
1581 406 1850 464 ceremoniis

84 481 260 534 omissi&
330 476 418 522 Sed
440 474 585 522 nimia
606 474 686 521 illa
710 473 851 537 Regis
874 469 1132 536 diligentia,
1172 486 1311 531 quam
1341 467 1420 515 ille
1439 468 1701 531 suspicionis
1724 488 1851 518 arno-

84 546 244 596 liendae
266 541 397 588 causa
418 539 683 593 adhibebat,
709 537 987 584 cautioribus
1010 537 1093 585 effe
1117 536 1314 597 suspersta
1333 533 1476 596 coepit
1502 552 1513 580 :
1549 549 1709 579 verum
1733 536 1853 583 intra

82 611 338 659 libertatem
376 603 597 668 loquendi
620 604 680 649 ob
716 603 937 650 summam
960 600 1169 651 omnium
1192 599 1248 647 de
1270 597 1502 651 sanctitate
1536 597 1634 658 ejus
1669 600 1850 661 opinio-

81 690 202 722 nem.
241 674 304 718 At
325 687 430 716 cum
453 671 556 715 Rex
577 684 658 730 per
680 684 757 714 eos
781 666 876 715 dies
895 665 1125 728 spargeret
1146 664 1390 717 sermoneS,
1415 662 1678 726 animosque
1700 665 1851 711 homi-

79 755 191 787 num
211 748 419 789 tentaret,
439 750 532 796 quo
548 734 679 793 pasto
699 731 834 778 laturi
852 731 989 776 essent
1002 728 1165 775 veteris
1184 727 1300 790 legis
1322 728 1687 790 abrogationem,
1714 733 1754 774 &
1770 746 1853 775 no-

38 811 41 814 '
79 820 147 850 vae
165 803 222 848 de
241 803 370 864 Rege
391 799 587 845 creando
606 796 910 859 rogationem,
928 809 977 840 ut
998 792 1216 839 videlicet
1232 792 1531 853 plurimarum
1556 793 1766 854 gentium
1782 793 1853 839 ἰη-

79 867 232 914 stituto
255 865 470 929 Regibus·
488 873 634 909 morte
648 860 838 907 sublatis
858 858 990 907 liberi
1010 858 1318 910 succederent,
1339 856 1684 919 immaturisque
1704 859 1853 904 adhuc

27 937 36 943 '
79 931 139 978 ad
168 933 422 994 regendum
449 937 619 978 tutore:v
654 926 886 979 darentur,
905 925 985 978 ita,
1009 935 1057 969 ut
1074 939 1213 985 penes
1232 938 1395 985 pueros
1415 938 1602 976 nomen,
1624 939 1761 984 penes
1781 936 1853 969 tu·-

80 997 306 1057 toreSJus,
325 1001 363 1041 Sc
388 994 454 1039 vis
474 991 658 1053 imperii
680 991 799 1037 esset.
869 991 1146 1051 Qanquam
1171 1003 1272 1049 pars
1293 1002 1475 1049 magna,
1501 999 1553 1033 ut
1573 986 1694 1049 Regi
1711 988 1853 1051 grati-

81 1061 322 1116 ficat-entur
346 1060 444 1104 haec
460 1057 714 1110 laudarent,
736 1071 887 1101 tamen
905 1052 1096 1116 suspicio
1114 1052 1170 1098 de
1194 1063 1339 1098 morte
1355 1050 1653 1102 Milcolumbi
1672 1054 1727 1099 ad
1749 1054 1853 1115 plu-

81 1115 168 1179 res,
197 1137 342 1170 metus
365 1140 390 1168 a
412 1125 541 1185 Rege
564 1121 621 1167 ad
644 1119 951 1173 nobilitatem,
987 1133 1040 1164 ac
1062 1114 1422 1179 maximessRegii
1442 1117 1622 1180 generis
1644 1117 1853 1165 homines

81 1187 323 1252 pervenit,.‘
1169 1213 1171 1215 ·

149 1253 424 1300 XXXVIII.
462 1248 643 1296 Animis
659 1248 722 1294 ita
735 1247 924 1298 affec‘tis‚
949 1244 1302 1308 supervenerunt
1317 1244 1373 1290 ab
1394 1244 1569 1309 Anglia
1589 1245 1730 1311 legati
1744 1263 1854 1295 con-

81 1317 266 1365 solaturi
286 1319 465 1380 Regem
486 1316 543 1361 de
566 1325 713 1361 morte
730 1309 998 1374 propinqui,
1018 1311 1148 1356 simul
1170 1309 1373 1373 petituri,
1393 1323 1439 1356 ut
1462 1311 1510 1357 in
1533 1312 1855 1376 subrogatione

82 1383 285 1445 praefeEti
308 1381 621 1429 Cumbrorum
640 1374 902 1424 meminerit
923 1392 1027 1420 eum
1050 1375 1361 1437 magistratum
1380 1375 1463 1421 effe
1483 1376 1607 1438 pacis
1630 1377 1855 1439 interpre-

83 1460 196 1503 tem,
218 1452 264 1496 s:
288 1444 544 1493 concordiae
562 1443 802 1492 vinculum
822 1442 943 1488 inter
963 1439 1114 1487 vicina
1134 1456 1291 1503 regna.
1362 1438 1528 1487 Talem
1570 1442 1714 1505 igitur
1735 1443 1853 1490 suffi-

84 1525 222 1566 ceret,
247 1510 402 1575 quiex
425 1508 655 1571 utriusque
677 1506 827 1570 gentis
850 1507 1096 1552 commodo
1115 1507 1351 1566 antiquam
1374 1505 1623 1553 amicitiam
1646 1507 1856 1557 contine-

50 1604 53 1606 -
83 1587 168 1630 ret,
195 1581 235 1622 &
258 1591 415 1630 novas,
440 1575 471 1619 fi
493 1591 595 1635 quae
619 1577 861 1625 orirentur,
887 1569 1150 1631 suspitiones
1173 1568 1484 1632 restingueret.
1530 1572 1667 1619 Hanc
1690 1572 1854 1635 legati-

82 1656 220 1687 onem
243 1639 328 1685 suis
351 1638 603 1686 rationibus
626 1636 915 1683 commodam
941 1636 1041 1681 Rex
1063 1635 1274 1695 opinatus
1301 1647 1578 1682 conventum
1604 1637 1856 1685 nobilitatis

83 1705 280 1751 Sconam
299 1704 483 1751 indixit.
542 1706 593 1748 ln
614 1718 668 1748 eo
691 1703 794 1748 cum
820 1702 963 1747 multa
979 1698 1179 1762 graviter
1196 1698 1457 1746 differuiffet
1477 1701 1684 1760 adversus
1711 1703 1856 1749 comi-

79 1769 254 1816 tiorum
279 1769 532 1833 Regiorum
553 1780 754 1813 veterem
777 1764 1150 1812 consuetudinem
1170 1763 1366 1822 recitatis
1390 1765 1448 1810 ab
1469 1764 1604 1811 initio
1628 1766 1764 1829 usque
1791 1767 1856 1814 se-

85 1834 337 1882 ditionibus
361 1851 414 1880 ea
436 1834 493 1880 de
517 1833 648 1879 causa
672 1831 818 1885 fastis,
844 1841 1110 1891 quantoque
1134 1845 1239 1876 cum
1261 1828 1425 1875 scelere
1445 1829 1492 1876 in
1516 1831 1702 1894 Regum
1725 1832 1857 1896 supe-

84 1898 257 1946 riorum
278 1898 446 1945 liberos
480 1897 620 1944 fuerit
642 1914 668 1943 a
689 1893 960 1960 propinquis
982 1893 1206 1949 saevitum,
1228 1907 1343 1957 quot
1365 1893 1486 1941 bella
1507 1894 1616 1954 inde
1637 1908 1760 1952 nata,
1785 1915 1857 1944 ra-

80 1963 228 2027 ·pinae,
248 1963 411 2017 caedes,
435 1962 576 2009 exilia
598 1962 852 2009 consecuta.
932 1960 1002 2004 Ex
1024 1957 1207 2005 adverso
1229 1971 1402 2021 quanto
1422 1959 1573 2007 minus
1597 1962 1859 2011 turbulenta

81 2029 296 2092 gentium
321 2027 510 2074 aliarum
528 2028 666 2074 effent
686 2024 888 2079 comitia,
908 2035 1083 2086 quanto
1103 2022 1246 2083 major
1267 2024 1517 2086 propinqui
1532 2025 1770 2089 ,sanguinis
1786 2045 1859 2075 re-

84 2092 306 2145 verentia,
331 2093 434 2139 cum
458 2091 892 2139 citraambitionem
916 2087 1000 2134 filii
1023 2088 1287 2151 parentibus
1309 2088 1616 2137 succederent.
1659 2091 1780 2138 Cum
1805 2109 1859 2139 ea

82 2157 147 2203 de
171 2174 216 2202 re
238 2157 352 2219 quid
379 2158 622 2204 statuerent
657 2157 715 2202 ad
738 2153 989 2202 concilium
1009 2153 1245 2208 retulisset,
1277 2153 1613 2213 adjecitetiam
1636 2157 1860 2218 postulata

80 2221 231 2284 <Regis
256 2221 516 2284 Anglorum
542 2240 552 2268 :
599 2226 646 2270 ὃς
672 2232 724 2267 ut
745 2218 887 2266 animi
910 2216 1059 2264 civilis
1082 2218 1256 2279 majora
1275 2219 1403 2267 daret
1423 2218 1612 2269 indicia,
1652 2223 1780 2282 quod
1801 2222 1859 2269 de

78 2286 326 2332 -Cumbriae
348 2287 569 2348 praeseAEtO‘
583 2287 780 2331 creando
814 2284 902 2332 suae
924 2282 1155 2346 potestatis
1173 2283 1268 2344 jam
1291 2285 1442 2346 Reges
1457 2283 1682 2339 fecerant,
1698 2285 1860 2335 >suffra-

77 2351 178 2415 giis
208 2349 417 2397 omnium
441 2350 642 2412 permiiit
666 2367 676 2395 :
712 2349 839 2396 simul
865 2360 987 2394 ratus
1017 2347 1102 2394 hac
1128 2347 1444 2395 moderatione
1471 2349 1598 2411 quod
1637 2349 1694 2396 de
1716 2367 1860 2415 regno

87 2417 274 2479 petebat
291 2416 332 2461 se
354 2415 531 2461 facilius
553 2414 921 2475 impetraturum,
959 2412 1090 2459 simul
1125 2428 1182 2458 ne
1200 2412 1233 2460 fi
1255 2412 1401 2460 filium
1421 2414 1688 2476 praefectum
1711 2416 1861 2462 nomi-

88 2493 234 2535 naret,
259 2479 390 2526 alteri
410 2479 643 2543 rogationi
664 2478 771 2541 praej
781 2477 972 2525 udicass'e
991 2477 1221 2525 videretur
1246 2494 1258 2524 ε
1294 2477 1422 2541 quod
1445 2478 1515 2525 uti
1534 2477 1650 2535 dixi,
1671 2480 1861 2543 praefec-

15 2572 31 2579 -s
79 2556 191 2591 {ura
208 2544 446 2591 Cumbriae
466 2545 594 2590 velut
614 2543 756 2607 Regis
770 2541 925 2599 ,futuri
944 2542 1196 2605 designatio
1216 2541 1465 2592 videretur.
1660 2589 1663 2591 .

78 2633 83 2647 2
155 2610 378 2656 XXXIX.
423 2609 521 2674 Qi
560 2609 741 2671 utrique
775 2606 1007 2671 rogationi
1044 2607 1244 2655 maxime
1277 2607 1552 2656 videbantur
1587 2608 1864 2660 adversaturi

82 2673 417 2721 Constantinus
443 2673 611 2720 Culeni
633 2673 769 2728 filius,
806 2679 846 2720 δε
871 2672 1064 2719 Grimus
1093 2686 1152 2718 ex
1174 2672 1387 2737 Mogallo
1412 2673 1540 2720 Duffi
1562 2674 1704 2738 Regis
1726 2675 1865 2729 fratre

78 2751 225 2785 <natus
254 2738 421 2800 partim
452 2737 699 2785 formidine
722 2736 931 2801 periculi,
962 2736 1130 2801 partim
1154 2753 1211 2784 ne
1230 2737 1483 2786 nobilitatis
1505 2739 1669 2800 majori
1689 2740 1810 2803 parti
1837 2757 1865 2788 a

76 2803 223 2866 JRege
255 2816 574 2866 praecorruptae
606 2803 963 2858 adversarentur,
998 2801 1139 2866 primi
1171 2802 1380 2849 omnium
1414 2801 1682 2851 sententiam
1714 2805 1866 2868 rogati

73 2883 230 2930 penes
247 2868 543 2931 -Regemess'e
566 2868 798 2923 dixerunt,
841 2873 881 2914 8c
911 2867 1036 2932 leges
1061 2866 1247 2929 publice
1275 2866 1596 2916 incommodas
1615 2869 1863 2933 corrigere,

17 2946 22 2956 ‘
76 2936 136 2978 ··&
153 2932 411 2994 praefestos,
434 2949 554 2995 quos
576 2933 619 2980 ei
639 2932 783 2980 visum
807 2931 943 2989 foret,
977 2932 1266 2980 constituere.
1335 2933 1453 2980 Haec
1474 2932 1659 2997 reliqui,
1685 2936 1763 2982 etfi
1788 2950 1866 2982 eos

75 3011 264 3043 «nonex
285 2997 425 3044 animi
447 2995 668 3044 sententia
684 2999 860 3045 locutos
882 2996 1213 3060 intelligerent,
1236 3010 1389 3044 tamen
1413 3000 1742 3062 approbarunt.
1795 3000 1869 3046 Ita

76 3058 429 3109 Milcolumbus
446 3062 598 3126 Regis
607 3063 725 3110 filius
747 3063 994 3110 immatura
1014 3062 1165 3109 adhuc
1182 3062 1241 3109 ad
1257 3079 1408 3110 renum
1431 3063 1869 3111 administrationem

77 3127 286 3171 -aetatfissa
298 3126 534 3173 Cumbriae
549 3130 807 3190 praefeetus‚
826 3134 865 3174 &
881 3126 1094 3190 princeps
1108 3129 1352 3175 Scotorum
1368 3130 1429 3175 est
1443 3129 1697 3186 declaratus
1714 3145 1724 3174 ε
1742 3128 1870 3192 quod

73 3212 79 3221 ·-
96 3203 266 3235 nomen
288 3189 476 3251 perinde
509 3193 569 3238 est
602 3193 766 3246 Scotis‚
790 3203 928 3254 atque
952 3193 1023 3255 (ι)
1049 3192 1173 3254 apud
1193 3192 1604 3249 GallosDelfmus,
1629 3194 1754 3257 apud
1776 3194 1869 3257 pri-

75 3256 198 3299 -ores
222 3254 861 3321 Romanorum-Imperatores
885 3257 1202 3319 Caesar,.ap'ud
1222 3256 1488 3320 posteriores
1510 3259 1614 3305 Rex
1634 3260 1871 3306 Romano-

77 3331 216 3373 -rum,
240 3317 406 3381 quibus
428 3320 642 3397 omnibus
666 3323 883 3369 successor
903 3321 1125 3385 superiori
1144 3322 1424 3386 magistratui
1455 3323 1554 3370 dari
1574 3323 1870 3388 intelligitur.

153 3455 214 3506 (1)
244 3458 288 3494 In
309 3459 462 3505 France,
490 3460 556 3499 the
574 3459 698 3510 prince
714 3461 800 3500 who
818 3461 850 3500 is
868 3468 957 3500 next
1011 3462 1188 3511 Augusti,
1203 3466 1273 3501 and
1286 3462 1384 3502 their
1397 3473 1571 3514 apparent
1587 3463 1873 3514 successorsCJe-

95 3515 136 3546 to
149 3509 295 3548 succeed
308 3509 346 3548 to‘'
363 3512 429 3550 the
443 3525 567 3551 crown
583 3514 613 3550 is
627 3518 758 3552 named
773 3516 838 3552 the
852 3517 957 3553 Dau-
1012 3516 1105 3554 sares
1140 3531 1149 3553 ε
1198 3516 1264 3554 the
1299 3528 1484 3567 emperors
1516 3532 1601 3555 now
1632 3518 1800 3565 reigning
1836 3517 1875 3552 in

98 3562 190 3610 phin
215 3564 312 3600 from
327 3564 391 3602 the
406 3566 644 3616 principality
665 3569 708 3604 of
719 3569 956 3618 Dauphinie:
1014 3571 1208 3618 Germany
1239 3572 1310 3607 call
1341 3571 1440 3608 their
1463 3570 1659 3622 appearing
1687 3569 1876 3620 successore

95 3614 162 3684 the
182 3629 367 3668 emperors
387 3619 432 3658 of
444 3620 568 3660 Rome
586 3623 720 3660 named
739 3620 960 3663 themselves
1013 3622 1125 3674 kings
1143 3622 1187 3663 of
1197 3622 1263 3687 the
1285 3625 1470 3664 Romans.

1779 3727 1880 3775 Ad-
