2045 3857
510 88 834 153 LIBER
930 85 1436 152 Decimus.
1728 102 1852 168 271

92 194 278 241 *tensum
304 188 419 237 fuit·
452 202 599 233 arcem
625 200 714 231 non
735 183 835 231 sunt
855 184 1059 259 aggreffi,
1084 183 1225 247 quod
1234 183 1291 229 ab
1313 181 1527 229 omnibus
1546 183 1679 232 rebus
1702 185 1760 232 ad
1778 200 1863 248 op-

97 256 426 321 pugnationem
448 249 698 296 necessariis
726 250 940 312 imparati
963 259 1194 296 venerant.

163 319 344 367 XVIII.
354 315 508 360 Altero
528 329 637 360 vero
658 315 754 376 post
776 328 912 368 anno,
927 315 1004 377 qui
1024 311 1152 360 fuit
1134 329 1159 357 a
1179 311 1358 359 Christo
1378 326 1510 374 1411,
1527 312 1768 361 Donaldus
1786 313 1866 360 In·

99 385 275 430 sulanus
294 377 585 426 AEbudarum
603 377 817 425 dominus
841 394 947 424 cum
967 377 1161 424 Rolliam
1189 381 1231 438 (1
1217 375 1383 437 1)juris
1405 376 1637 422 calumnia
1660 395 1739 439 per
1758 379 1861 424 Gu-

95 449 378 514 bernatorem
403 441 484 487 fibi
508 444 723 497 ablatam,
739 443 864 497 velut
885 442 1122 505 proximus
1142 441 1284 487 haeres
1311 439 1400 502 (uti
1417 442 1532 500 erat)
1554 454 1793 512 repeteret,
1811 458 1862 487 ac

92 510 205 557 nihil
224 506 344 568 aequi
366 506 646 569 impetraret,
669 506 872 553 collectis
897 507 1202 553 insulanorum
1229 506 1387 551 decem
1412 504 1651 551 millibus
1638 521 1685 551 in
1709 506 1857 552 conti

88 583 272 619 nentem
293 571 546 619 descendit:
574 587 626 618 30
644 570 841 617 Roffiam
860 570 964 616 fac}¹
941 571 998 616 10
1021 568 1283 631 occupavit,
1304 569 1478 615 01106113
1502 568 1699 616 libenter
1717 570 1862 628 adju

90 637 141 683 sti
159 635 335 681 domini
347 636 593 696 imperium
615 652 660 681 re
640 636 927 680 adeuntibus.
956 635 1043 680 Sed
1062 651 1114 679 ea
1133 633 1443 679 Romanorum
1465 634 1651 696 parendi
1668 632 1860 679 facilitas

87 701 291 748 animum
319 700 484 764 praedae
510 699 700 746 avidum
729 698 784 746 ad
816 694 987 758 majora
1017 697 1227 744 audenda
1251 697 1453 760 impulit.
1522 699 1576 744 111
1604 696 1863 743 Moraviam

64 780 69 789 “
88 765 357 828 trangressus
379 781 478 810 earn
499 763 706 827 praefidio
725 763 853 809 desiit
859 775 981 808 utam
1002 760 1179 808 statim
1168 777 1214 807 in
1239 762 1359 807 suam
1379 763 1644 823 potestatem
1663 761 1839 824 redegit
1826 794 1868 811 t-

89 829 272 877 Deinde
284 828 475 892 Eogiam
493 829 832 892 praedabundus
851 827 1086 874 transivit:
1111 826 1251 886 &jam
1273 825 1552 872 Abredoniae
1570 826 1860 873 imminebat.

89 892 317 941 Adversus
352 896 474 939 hunc
501 892 717 947 subitum,
739 899 779 939 δι
806 894 1145 954 inexpectatum
1175 890 1345 937 hostem
1375 891 1670 939 Gubernator
1703 890 1860 953 copias

88 957 312 1022 parabat.
338 957 415 1004 sed
437 974 542 1004 cum
565 929 852 1020 magnitudo,
870 963 910 1004 &
930 955 1248 1027 propinquitas
1269 955 1463 1018 periculi
1485 956 1656 1002 auxilia
1674 956 1880 1019 longim,

90 1040 182 1086 qua
202 1025 439 1084 expeelare
465 1040 557 1068 non
590 1023 766 1075 sineret,
792 1021 1054 1076 Alexander
1076 1019 1260 1066 Marriae
1285 1022 1355 1066 Co
1362 1037 1453 1066 mes
1477 1037 1532 1066 ex
1557 1024 1628 1082 (2)
1656 1022 1860 1066 Alexan-

90 1090 174 1134 dro
211 1086 545 1133 Gubernatoris
576 1086 710 1132 fratre
723 1086 913 1157 ’genitus
936 1100 1042 1130 curn
1066 1097 1161 1131 tota
1183 1083 1326 1130 ferme
1350 1083 1590 1132 nobilitate
1615 1098 1734 1132 trans
1759 1085 1861 1130 Ta·—

83 1156 170 1198 ’11111
193 1147 251 1196 ad
274 1145 498 1197 Harlaum
516 1149 670 1196 vicum
695 1149 736 1196 ei
759 1151 800 1195 se
822 1149 1006 1209 objecit.
1064 1148 1137 1195 Fit
1160 1149 1369 1212 praelium
1391 1149 1510 1196 inter
1531 1166 1675 1212 pauca
1697 1166 1860 1196 cruen—

92 1230 208 1270 tum,
227 1221 266 1261 &
282 1213 606 1261 memorabile:
632 1213 859 1261 nobilium
880 1213 1120 1259 hominum
1145 1214 1312 1258 virtute
1335 1215 1416 1259 de
1408 1230 1534 1260 omni
1522 1216 1621 1261 bus
1644 1213 1856 1267 fortunis,

90 1279 241 1343 deque
261 1279 377 1352 glori
384 1295 407 1324 a
428 1279 515 1325 adt
518 1280 634 1325 ersus
657 1279 903 1325 immanem
924 1277 1151 1322 feritatem
1174 1278 1449 1324 decertante.
1506 1279 1617 1326 Nox
1639 1295 1715 1325 eos
1739 1278 1862 1324 dire-

80 1340 177 1391 ‘mit
199 1360 344 1416 magis
367 1343 616 1407 pugnando
637 1342 782 1398 lassos,
799 1341 939 1406 quam
962 1341 1011 1388 in
1031 1342 1216 1388 alteram
1237 1355 1411 1415 partem
1433 1361 1478 1389 re
1500 1343 1734 1399 inclinata,
1751 1344 1857 1390 ade·

92 1411 214 1471 6que
246 1424 387 1454 incer*
383 1425 442 1454 113
469 1408 553 1454 fuit
591 1409 685 1469 ejus
689 1425 832 1496 [pugn
826 1425 876 1452 1ae
908 1407 1073 1460 exitus,
1100 1420 1149 1462 ut
1169 1407 1353 1479 utrique
1384 1423 1490 1454 cum
1524 1409 1854 1461 recensuissent,

91 1487 217 1545 quos
228 1473 347 1519 viros
370 1472 622 1526 amisissent,
643 1471 729 1519 sese
751 1489 835 1536 pro
874 1470 1003 1519 vistis
1026 1470 1293 1534 gesserint.
1323 1473 1432 1519 Hoc
1464 1472 1587 1520 enirn
1610 1473 1768 1536 praelio
1790 1485 1859 1518 tot

91 1536 301 1584 homines
323 1554 432 1600 gen
420 1555 505 1591 re,
540 1538 751 1600 1361118110
776 1551 812 1583 c
821 1538 884 1584 ari
908 1536 1144 1583 desiderati
1171 1536 1285 1590 sunt,
1311 1549 1427 1598 quot
1456 1538 1534 1583 vix
1558 1539 1676 1584 ullus
1699 1539 1859 1583 adver-

93 1603 161 1650 sus
185 1615 361 1648 exteros
387 1602 624 1648 conflictus
650 1619 732 1664 per
753 1603 921 1648 multos
941 1615 1083 1648 annos
1101 1600 1383 1662 absumpsisse
1407 1604 1696 1649 memoratur.
1766 1603 1858 1648 Ita-

81 1671 182 1731 'que
213 1666 337 1713 110113
364 1681 467 1712 ante
489 1666 704 1713 obscurus
739 1683 794 1714 ex
817 1682 871 1713 eo
894 1667 951 1712 ad
986 1665 1290 1727 posteritatem
1315 1667 1582 1713 nobilitatus
1605 1668 1682 1713 est.
1751 1667 1859 1712 Hoc

87 1747 278 1795 quoque
301 1747 419 1777 anno
434 1733 503 1793 (3)
523 1731 718 1792 publicae
742 1731 904 1779 scholae
928 1731 984 1776 ad
1001 1732 1177 1787 Fanum
1194 1731 1390 1776 Andreae
1412 1731 1579 1793 aperiri
1600 1743 1856 1794 coepeiunt,

93 1797 243 1859 magis
265 1797 505 1843 hominum
528 1797 767 1843 dostorum
786 1795 998 1842 consensu
1017 1792 1074 1841 ad
1097 1781 1412 1856 professionem
1432 1796 1664 1844 literarum
1688 1796 1728 1843 se
1746 1797 1861 1843 offe-

89 1862 308 1916 rentium,
329 1859 467 1923 quam
494 1862 587 1907 ullo
610 1861 815 1923 publico,
837 1874 914 1906 aut
936 1860 1113 1921 privato
1147 1861 1391 1907 accedente
1414 1861 1602 1908 auxilio.

157 1927 286 1972 XIX.
324 1925 547 1972 Proximis
571 1927 730 1972 decem
750 1925 877 1971 annis
901 1925 1018 1971 nihil
1043 1924 1136 1970 fere
1160 1924 1380 1979 memoria
1397 1925 1590 1989 dignum
1612 1924 1731 1972 inter
1749 1926 1860 1971 Sco·
1893 1944 1896 1948 *

94 2003 182 2043 tos
209 1995 250 2036 δε
252 1989 448 2062 Anglos
470 1992 529 2036 est
552 1992 761 2054 gestum:
797 1991 883 2036 sive
901 1988 1132 2035 indutiae
1120 2005 1163 2035 11·-
1190 1989 1320 2035 causa
1341 1990 1529 2044 fuerint,
1553 1991 1680 2052 quod
1705 2003 1859 2036 tamen

94 2055 123 2100 a
145 2053 326 2100 nemine
357 2035 591 2116 proditum
622 2055 840 2101 invenio:
876 2055 964 2101 five
998 2054 1207 2100 Henrico
1240 2066 1404 2116 quarto
1434 2055 1488 2101 ad
1519 2071 1536 2102 1
1557 2072 1599 2102 2.
1630 2055 1858 2101 Calendas

95 2117 268 2181 Aprilis
294 2131 491 2172 mortuo,
512 2124 550 2164 ἀ
575 2118 670 2165 filio
694 2119 898 2166 Henrico
921 2117 1084 2181 quirto
1118 2118 1263 2164 statim
1286 2118 1541 2174 iubstituto‚
1572 2136 1655 2181 per
1672 2135 1858 2166 omnem

94 2186 318 2244 reliquam
343 2182 484 2229 vitam
504 2183 548 2229 in
584 2200 652 2229 res
673 2182 879 2230 Gallicas
898 2183 1094 2236 intento,
1122 2182 1271 2245 Angli
1286 2183 1345 2228 ab
1377 2183 1546 2243 injuria
1575 2183 1719 2230 Scotis
1741 2183 1862 2230 infe-

93 2248 236 2295 renda
256 2246 574 2307 abstinuerint:
602 2248 688 2294 five
711 2248 1007 2294 Gubernator
1027 2249 1268 2293 Scotorum
1292 2247 1407 2294 nihil
1431 2264 1613 2295 movere
1636 2249 1689 2294 fit
1710 2245 1859 2303 ausus,

37 2336 40 2338 v
94 2325 219 2359 metu
243 2328 298 2358 ne
324 2313 426 2358 Rex
455 2312 640 2375 Angliae
663 2329 818 2359 verum
851 2311 1019 2358 Scotici
1049 2310 1181 2375 regni
1203 2311 1431 2359 haeredem
1461 2313 1712 2361 remitteret
1741 2326 1751 2358 e
1786 2312 1863 2360 cui

95 2393 188 2424 non
211 2376 449 2423 dubitabat
471 2393 527 2422 ex
550 2376 940 2423 commiseratione
959 2375 1154 2422 fortunae
1175 2380 1371 2439 gratiam
1400 2378 1524 2440 apud
1544 2377 1645 2425 suos
1669 2390 1758 2424 non
1781 2377 1864 2423 de-

9 2490 13 2491 ⁷
94 2441 314 2487 futuram
381 2441 532 2503 Igitur
559 2441 589 2487 si
613 2459 715 2504 quae
747 2441 930 2487 fuerunt
951 2458 1005 2487 ea
1032 2442 1293 2502 tempestate
1315 2443 1597 2489 excursiones
1621 2442 1771 2497 saetae,
1794 2442 1865 2488 la-

19 2547 24 2551 .
93 2505 309 2559 11001010,
330 2523 471 2569 quam
495 2504 617 2552 bello
645 2506 878 2606 propiores
901 2517 1043 2552 erant.
1111 2505 1237 2551 Nam
1261 2510 1303 2554 &
1333 2507 1623 2554 Pennerum
1611 2524 1659 2554 in
1689 2505 1865 2570 Angli'a

96 2587 178 2632 per
194 2571 490 2618 Arcibaldum
515 2571 817 2633 13001311111111,
837 2576 882 2620 ὃ(
902 2569 1265 2617 Drumfrifium
1253 2588 1302 2617 m
1324 2573 1476 2617 Scotia
1495 2589 1577 2634 per
1599 2547 1796 2634 Anglo?
1801 2572 1864 2617 est

97 2647 381 2682 crematum:
408 2641 455 2686 ὃς
478 2637 754 2708 permutatio
772 2634 1056 2697 captivorum
1076 2636 1136 2681 est
1155 2634 1288 2689 fana,
1303 2635 1484 2682 reddito
1503 2635 1649 2684 Scotis
1667 2636 1861 2683 Morda-

99 2713 154 2747 co
177 2698 508 2747 Gubernatoris
531 2700 644 2755 filio,
671 2700 751 2763 qui
785 2702 842 2747 ad
866 2699 1203 2746 Hamildonum
1229 2711 1389 2762 captus
1423 2700 1588 2756 fuerat,
1614 2707 1655 2748 δε
1689 2701 1859 2764 Anglis

111 2818 121 2826 ’
154 2819 219 2869 (1)
246 2820 282 2856 It
298 2820 476 2867 belonged
494 2791 532 2857 to
550 2818 626 2857 this
651 2821 797 2858 Donald
817 2820 862 2868 by
891 2818 950 2856 his
1006 2819 1126 2856 served
1144 2817 1303 2856 himself
1315 2819 1389 2857 earl
1407 2819 1452 2858 of
1463 2819 1565 2867 Mar,
1597 2821 1663 2858 but
1691 2834 1764 2858 was
1795 2829 1862 2870 put

99 2871 218 2910 wife.
247 2873 311 2910 the
328 2887 507 2920 governor
536 2873 645 2922 being
674 2873 742 2910 her
766 2873 948 2910 mother's
1007 2873 1052 2921 by
1079 2871 1144 2908 the
1175 2871 1272 2909 same
1315 2873 1361 2921 by
1384 2873 1478 2921 king
1505 2875 1633 2926 James
1654 2875 1686 2911 Ι.
1727 2876 1796 2911 and
1827 2873 1864 2911 so

99 2925 238 2970 father,
267 2926 393 2962 caused
411 2926 478 2963 her
497 2927 626 2965 restore
645 2926 710 2964 the
731 2928 894 2964 earldorn
913 2925 958 2963 of
1007 2925 1206 2962 continued
1240 2935 1280 2963 to
1313 2926 1380 2963 the
1412 2928 1497 2975 days
1525 2927 1570 2965 of
1597 2940 1749 2981 queen
1736 2928 1861 2975 Mary-

28 2996 33 3012 .»
101 2978 194 3015 Ross
213 2978 269 3015 for
287 2991 308 3015 a
325 2991 406 3015 new
418 2979 637 3017 infeftment
666 2989 704 3017 to
728 2980 870 3017 herself
883 2981 953 3017 and
1007 2978 1106 3016 This
1123 2979 1292 3016 Thomas
1310 2981 1390 3016 lord
1404 2979 1558 3017 Erskine
1577 2985 1651 3018 was
1667 2981 1864 3018 descended

101 3031 170 3070 her
189 3030 301 3076 heirs,
322 3031 447 3069 which
467 3032 611 3080 falling,
615 3041 653 3069 to
669 3033 782 3086 John
792 3035 891 3070 Stew
894 3043 950 3070 art

100 3084 175 3121 carl
200 3083 244 3121 of
273 3084 425 3123 Buchan
455 3084 514 3122 his
538 3085 667 3123 second
684 3086 951 3136 son31hortly

102 3137 208 3175 there
212 3137 306 3175 ister
331 3138 389 3175 {he
407 3130 509 3182 died,
537 3138 602 3175 the
636 3152 813 3187 governor
843 3139 951 3187 being

103 3190 176 3236 evil
195 3190 248 3227 su⁴-.
247 3190 378 3239 ‘pested
396 3202 433 3227 as
444 3190 515 3228 'the
533 3191 635 3227 cause
653 3191 809 3231 thereos.

158 3244 219 3295 (2)
247 3244 405 3281 Natural
423 3243 483 3280 son
514 3252 553 3281 to
572 3222 954 3284 Alexr.ear10f131i-

105 3295 214 3343 chan,
235 3295 294 3333 -he
315 3297 471 3334 married
489 3295 609 3334 Darne
639 3298 753 3336 Isabel
785 3300 844 3337 Du
849 3299 954 3348 glass,

106 3350 286 3397 daughter
302 3359 341 3388 to
359 3349 535 3387 William
569 3350 613 3386 fir
618 3350 655 3387 st
666 3353 748 3389 earl
782 3353 827 3390 of
851 3353 955 3400 Dug-

81 3401 188 3456 lass,
211 3403 381 3451 begotten
401 3416 498 3453 upon
518 3391 662 3450 Margaz
660 3413 706 3441 et
723 3405 823 3452 Mar,
843 3405 950 3443 here-

81 3446 181 3494 trix
197 3455 246 3494 of
260 3456 344 3494 that
355 3457 547 3504 earldom3
569 3456 633 3493 but
645 3456 693 3494 he
706 3457 779 3495 had
792 3472 840 3496 no
854 3458 951 3496 chil-

104 3507 224 3545 dffren
211 3508 468 3561 ,whereupon
495 3484 665 3560 Thomas
694 3511 774 3549 λοι-ἀ
799 3510 953 3558 Erskine

1002 3032 1047 3069 of
1061 3033 1185 3068 Helen
1205 3032 1307 3077 Mar,
1336 3034 1375 3070 d
1361 3045 1428 3070 aon
1409 3032 1515 3081 8111·οτ
1543 3042 1582 3072 to
1601 3035 1744 3073 Gratne
1727 3049 1768 3085 ey
1786 3035 1864 3072 carl

992 3085 1048 3124 ,of
1062 3084 1162 3123 Mar.

1059 3138 1119 3188 (3)
1158 3136 1246 3175 The
1271 3140 1401 3177 univer
1403 3139 1446 3178 fi
1433 3149 1470 3189 y
1493 3141 1539 3180 of
1563 3142 1619 3179 St.
1648 3144 1777 3180 Andre
1782 3147 1814 3177 w
1820 3140 1864 3186 's‚

1007 3191 1155 3240 begun
1145 3205 1184 3228 in
1203 3192 1287 3229 that
1304 3193 1422 3242 place,
1441 3194 1600 3232 which'
1590 3208 1621 3232 13
1640 3209 1724 3233 now
1745 3195 1862 3232 called

1009 3244 1074 3282 the
1092 3257 1176 3282 new
1205 3246 1374 3294 college.
1415 3248 1540 3297 bishop
1567 3249 1628 3286 Ke
1611 3251 1750 3297 ennedy
1769 3244 1868 3284 built

1007 3297 1074 3335 the
1092 3298 1153 3335 old
1183 3299 1358 3347 college
1346 3312 1388 3336 111
1416 3300 1480 3338 the
1509 3302 1577 3338 last
1602 3303 1684 3350 days
1703 3301 1747 3338 of
1771 3300 1866 3346 king

1003 3351 1117 3402 Jame
1121 3364 1136 3388 s
1155 3350 1219 3389 the
1237 3354 1300 3389 2d.
1323 3352 1431 3390 Prior
1448 3354 1550 3405 John
1569 3356 1652 3403 Hep
1634 3355 1748 3390 burn
1770 3352 1867 3389 built

1053 3405 1280 3442 ‚Leonards
1314 3404 1355 3442 in
1391 3407 1455 3444 the
1490 3409 1555 3444 last
1590 3409 1655 3454 (13)·
1659 3406 1747 3443 sof
1769 3405 1865 3451 king

1005 3458 1132 3510 James
1149 3470 1188 3506 4.
1210 3458 1297 3496 The
1308 3471 1392 3497 new
1404 3461 1544 3508 college
1558 3473 1632 3496 was
1651 3458 1862 3496 afterwards

1007 3511 1178 3562 enlarged
1199 3512 1244 3569 by
1261 3512 1385 3565 bithop
1403 3513 1531 3566 James
1549 3513 1704 3553 Beaton·

1787 3577 1876 3672 1³2⁴
