2025 3831
281 193 608 258 L1BER
684 183 1594 250 DEC1Mus‘rERT1us.
1715 179 1894 264 365⁴

67 292 214 360 garita
230 305 313 338 ceu
336 302 430 335 tum
455 283 653 347 primum
677 282 733 329 ab
756 300 809 328 ea
830 281 947 328 visus
967 297 1135 344 magno
1160 278 1305 326 studio
1328 281 1495 335 cultus,
1527 288 1566 327 Sc
1592 281 1753 329 aulicis
1777 285 1845 330 os-

63 365 284 409 tentatus,
305 359 344 398 δε
367 351 478 410 saepe
500 347 652 394 multis
677 347 970 409 praesentibus
990 361 1173 392 omnem
1197 344 1391 391 fortunae
1420 345 1506 390 suae
1532 346 1734 394 fabulam
1756 348 1849 394 ite-

69 439 168 469 rare
190 419 343 482 jussus.
412 412 668 475 Margarita
686 412 812 458 velut
832 427 931 457 eam
957 424 1055 457 tum
1087 410 1287 473 primum
1326 408 1529 463 audisset,
1568 411 1625 456 ad
1646 412 1846 474 singulos

71 498 167 532 tum
192 480 443 545 prosperos,
481 490 577 524 tucn
607 475 813 523 adversos
837 487 1024 522 eventus
1058 474 1124 520 ita
1144 473 1363 520 simulatis
1386 474 1621 520 affeftibus
1651 476 1850 524 orationi

54 542 164 611 'ejus
187 543 501 596 subserviebat,
529 554 578 587 ut
599 540 813 587 omnibus
836 539 1006 586 faceret
1023 539 1178 593 fidem,
1203 537 1244 583 se
1267 555 1350 601 pro
1374 537 1515 595 veris,
1536 554 1638 600 quae
1662 541 1849 588 audisset

74 610 298 672 accipere.
332 609 432 654 Post
449 611 654 660 unum‚&
666 605 858 651 alterum
873 605 997 651 diem
1012 604 1170 650 Petrus
1189 601 1340 665 Regio
1359 598 1488 649 cultu
1506 604 1850 666 procederejus-

58 676 138 722 'sus
153 673 370 721 adhibitis
390 672 575 734 triginta
596 669 958 731 stipatoribus,ac
977 667 1164 725 nomine
1181 669 1252 728 (1)
1268 666 1384 713 albae
1398 665 1505 714 rosae
1520 667 1852 731 (quodinsigne

73 738 281 787 fafitionis
295 735 587 783 Eboraceusis
611 734 734 796 apud
757 733 936 796 Anglos
955 733 1034 792 est)
1072 732 1418 778 commendatus
1437 748 1588 786 verm,
1607 738 1647 778 δα
1665 731 1852 780 indubi-

72 816 191 852 tatus
221 801 406 865 Anglici
436 799 568 862 regni
590 801 732 844 haeres
751 797 1041 860 praedicatur.
1110 797 1227 843 Haec
1247 795 1328 842 ubi
1345 795 1530 842 fuerunt
1548 796 1747 858 primum
1771 816 1854 860 per

68 866 346 920 Flandrkzm,
372 866 539 912 deinde
574 880 654 926 per
676 862 897 925 Angliam
926 861 1182 924 divulgata,
1219 860 1284 907 ita
1302 860 1464 923 populi
1486 861 1663 907 animos
1694 878 1851 911 erexe-

68 945 186 986 rant,
210 945 258 978 ut
283 947 449 994 magna
469 929 526 975 ad
548 943 655 976 eum
680 938 968 974 concurreret
989 924 1265 988 fraquentia‚
1291 941 1381 971 non
1405 941 1564 972 eorum
1587 927 1745 983 modo,
1770 929 1852 990 qui

69 997 228 1060 legum
252 994 497 1043 formidine
519 994 569 1040 in
591 991 932 1054 asylis,aliisque
947 990 1059 1037 locis
1074 990 1333 1045 latitabant,
1347 989 1421 1036 sed
1449 989 1695 1038 hominum
1707 992 1848 1039 etiam

72 1061 317 1115 nobilium,
342 1059 510 1122 quibus
534 1056 612 1104 aut
629 1057 717 1103 suae
739 1074 808 1103 res
822 1073 914 1103 non
933 1055 1034 1102 satis
1057 1055 1318 1118 placebant,
1344 1068 1421 1101 aut
1444 1072 1667 1103 novarum
1689 1059 1760 1119 (2)
1781 1074 1855 1104 re-

76 1142 176 1173 rum
200 1139 296 1172 erat
317 1123 562 1186 cupiditas.
616 1123 704 1168 Sed
727 1124 831 1181 cum
854 1121 1038 1184 longior
1060 1137 1205 1172 mora,
1234 1136 1373 1182 quam
1396 1120 1553 1166 Petrus
1575 1120 1692 1168 vires
1715 1138 1855 1170 novas

73 1191 349 1251 adjetffturam
374 1188 599 1251 sperabat,
616 1187 854 1249 praesentes
871 1187 1212 1248 (3)emergente
1235 1184 1283 1230 in
1306 1185 1456 1230 lucem
1476 1185 1718 1233 mendacio
1742 1204 1857 1250 pau-

80 1255 209 1303 latim
227 1253 540 1307 imminueret,
563 1251 714 1298 statuit
735 1250 844 1297 belli
868 1250 1064 1296 sortunae
1087 1265 1182 1295 rem
1206 1249 1510 1296 committere.
1541 1252 1704 1313 Itaque
1727 1268 1857 1299 com-

73 1332 231 1383 parata
250 1319 432 1365 modica
454 1333 591 1364 manu
612 1314 962 1379 paucis-suorum
981 1314 1029 1360 in
1051 1313 1160 1360 litus
1178 1313 1729 1375 expofitisCantianorum
1746 1333 1857 1381 erga

74 1384 117 1431 se
141 1387 425 1432 voluntatem
451 1382 608 1428 frustra
626 1380 835 1427 tentavit.
882 1378 1133 1432 Omnibus,
1155 1376 1303 1441 quiin
1329 1390 1494 1425 terram
1512 1380 1857 1438 descenderant,

75 1448 399 1496 circumventis
422 1447 469 1493 in
494 1444 770 1493 Hiberniam
800 1444 975 1492 cursum
1000 1442 1143 1490 flexit.
1211 1443 1316 1489 Nec
1338 1442 1404 1489 ibi
1439 1461 1626 1508 quoque
1664 1463 1749 1509 pro
1780 1447 1858 1510 spe

74 1528 289 1577 acceptus
311 1514 359 1559 in
384 1511 584 1558 Scotiam
608 1509 812 1572 navigat,
837 1525 1004 1573 gnarus
1027 1523 1192 1562 raram,
1218 1524 1302 1555 nec
1325 1524 1528 1571 unquam
1557 1510 1654 1557 fere
1674 1512 1857 1560 diutur-

80 1594 189 1625 nam
208 1579 328 1625 inter
351 1582 528 1630 Scotos,
558 1575 822 1637 Anglosque
845 1575 928 1620 effe
947 1572 1258 1619 concordiam.

144 1645 253 1689 XII.
286 1641 382 1689 Hic
398 1657 503 1687 cum
523 1641 581 1686 ad
598 1641 775 1702 Regem
788 1638 1000 1685 admissus
1012 1637 1306 1685 Eboracenfis
1328 1636 1518 1685 familiae
1530 1638 1727 1695 ruinam,
1744 1640 1860 1688 suas-

79 1725 170 1771 que
189 1707 467 1754 calamitates
487 1721 625 1768 quam
648 1703 846 1751 maxime
861 1700 1353 1766 potuit,miserabiliter
1369 1703 1862 1769 deploraffet‚eumque

77 1773 371 1819 vehementer
391 1771 635 1818 obtestatus
659 1769 780 1823 effet,
809 1780 860 1815 ut
881 1767 1082 1830 Regium
1104 1766 1369 1833 sanguinem
1393 1768 1451 1815 ab
1469 1769 1556 1816 hac
1577 1772 1858 1819 contumelia

80 1837 352 1892 vindicaret,
377 1837 478 1882 Rex
501 1851 607 1881 eum
628 1834 743 1881 bene
769 1832 943 1896 sperare
959 1832 1111 1894 jubet,
1147 1832 1485 1897 polliceturque
1506 1833 1548 1880 se
1570 1836 1858 1893 effeaurum‚

47 1902 52 1905 ’
82 1919 139 1949 ne
162 1902 321 1949 frustra
338 1901 432 1963 ejus
457 1899 680 1947 auxilium
704 1899 838 1945 rebus
860 1898 948 1944 suis
971 1896 1147 1944 affliffis
1170 1898 1406 1962 postulass‘e
1423 1898 1718 1949 existimetur.
1744 1902 1861 1949 Pau-

67 1967 148 2014 ‘cis
183 1967 280 2030 post
302 1966 462 2013 diebus
486 1974 740 2010 convocato
762 1961 961 2011 concilio
995 1963 1155 2008 Petrus
1186 1963 1470 2010 introdue'tus
1504 1964 1864 2014 lamentabiliter

89 2033 148 2079 de
170 2032 245 2079 sua
268 2031 451 2079 fortuna
471 2027 673 2076 disseruit
696 2045 708 2075 ι
730 2029 771 2075 se
794 2029 987 2091 cum14)
1005 2043 1029 2073 e
1049 2028 1178 2092 Rege
1198 2028 1507 2075 florentissimo
1531 2030 1618 2075 suae
1639 2030 1784 2078 aetatis
1803 2033 1862 2079 ad

84 2096 306 2144 summam
329 2096 451 2160 spem
475 2106 607 2142 natus
629 2094 752 2149 esset,
776 2107 1049 2156 praematura
1071 2106 1218 2140 morte
1239 2092 1379 2155 patris
1404 2093 1668 2141 destitutum
1698 2095 1747 2142 in
1777 2097 1863 2144 Ri-

83 2161 210 2208 cardi
246 2161 400 2225 patrui
430 2158 720 2222 tyrannidem
754 2157 873 2221 pene
893 2156 1017 2219 prius
1050 2156 1271 2214 incidisse,
1308 2174 1447 2222 quam
1470 2159 1743 2207 calamitatis
1765 2160 1863 2221 ejus

87 2225 230 2272 sensus
253 2225 310 2272 ad
328 2225 370 2272 se
391 2222 631 2287 pervenire
653 2221 810 2285 posset.
878 2224 1033 2268 Fratre
1053 2221 1223 2283 majore
1256 2223 1503 2271 crudeliter
1522 2224 1742 2281 extinfito,
1773 2225 1815 2274 se
1836 2243 1863 2273 a

77 2289 285 2352 ‘paternis
305 2289 462 2336 amicis
484 2288 779 2342 subtrastum,
802 2286 850 2334 in
873 2303 928 2332 eo
950 2302 1111 2349 regn0‚
1137 2287 1266 2348 cujus
1288 2287 1428 2336 haeres
1456 2289 1560 2352 jure
1581 2290 1704 2345 esset,
1734 2306 1792 2338 ne
1812 2290 1864 2338 in

73 2354 259 2401 'summa
280 2355 468 2417 quidem
490 2353 647 2415 inopia
667 2351 916 2413 precariam
934 2350 1077 2398 vitam
1095 2351 1262 2400 ducere
1282 2352 1455 2400 ausum.
1523 2354 1667 2416 Apud
1687 2366 1866 2403 exteras

84 2432 246 2483 gentes
269 2419 335 2465 ita
368 2419 541 2472 vixisse,
568 2429 616 2463 ut
638 2416 788 2463 fratris
806 2416 1014 2471 extinfti,
1056 2415 1139 2479 qui
1160 2433 1217 2463 ex
1237 2417 1330 2464 illis
1353 2417 1541 2465 miseriis
1563 2418 1712 2468 fuisset
1732 2437 1866 2484 erep.

21 2528 25 2529 γ
85 2496 176 2540 ωε,
204 2481 444 2547 repentina
485 2494 632 2529 morte
670 2481 1004 2536 conditionem,
1028 2497 1122 2544 prae
1143 2480 1218 2536 iis,
1250 2499 1354 2546 quae
1384 2482 1477 2545 ipse
1501 2483 1655 2541 ferret,
1679 2484 1865 2534 felicem

84 2549 288 2596 duceret.
343 2550 399 2596 Se
422 2547 546 2594 enim
569 2547 627 2593 ad
645 2545 840 2593 fortunae
862 2545 1114 2593 ludibrium
1136 2546 1361 2594 servatum
1391 2564 1448 2595 ne
1469 2548 1559 2595 hoc
1582 2549 1772 2615 quidem
1795 2567 1868 2598 re-

84 2613 269 2675 liquum
289 2612 507 2667 habuisse,
531 2622 583 2659 ut
601 2611 910 2658 calamitatem
933 2611 1055 2657 suam
1079 2612 1202 2675 apud
1220 2624 1417 2668 exteros,
1440 2615 1535 2677 quo
1557 2630 1633 2661 eos
1653 2616 1712 2662 ad
1731 2616 1863 2662 mise-

86 2677 332 2725 ricordiam
350 2678 613 2729 adduceret,
646 2675 884 2739 deplorare
906 2677 1109 2723 auderet.
1177 2678 1416 2740 Postquam
1448 2690 1602 2726 autem
1632 2680 1738 2742 quis
1759 2681 1867 2727 esset

74 2742 291 2814 'profiteri
313 2743 531 2815 coepisset,
568 2740 782 2787 omnibus
821 2740 1016 2788 adversae
1051 2740 1247 2788 fortunae
1273 2741 1375 2790 telis
1398 2741 1596 2806 petitum
1617 2745 1720 2793 effe.
1788 2746 1869 2792 Ad

87 2823 261 2870 prlores
298 2823 423 2854 emm
459 2805 657 2853 miserias
695 2805 1015 2868 quotidianum
1050 2804 1315 2862 insidiarum
1345 2807 1558 2855 accefiiss'e
1590 2809 1869 2871 periculum„

88 2871 373 2918 callidiflimo
403 2871 596 2918 inimico
619 2886 743 2917 nunc
765 2871 906 2918 vitam
928 2870 1052 2918 suam
1086 2872 1146 2917 ab
1182 2872 1437 2936 hospitibus
1462 2886 1707 2931 mercante,
1749 2890 1872 2923 nunc

9 2977 14 2983 .
91 2935 217 2983 cives
238 2937 498 2984 clanculum
520 2933 810 2991 sollicitante,
834 2935 916 2998 qui
941 2934 1150 2982 simulata
1171 2936 1374 2985 amicitia
1390 2938 1558 2986 secreta
1571 2934 1867 2996 rimarentur,

26 3041 34 3047 ,,
81 3010 219 3048 'veros
241 3001 411 3048 amicos
433 3011 797 3064 corrumperent,
835 3003 1028 3050 latentes
1050 3000 1335 3066 detegerent,
1365 3006 1416 3053 &
1446 3001 1564 3050 falsis
1600 3003 1882 3052 criminibus·>

79 3066 240 3129 'genus
261 3065 539 3113 infamarent
555 3064 680 3128 apud
700 3066 866 3130 vulgus
888 3083 901 3114 z
931 3065 1236 3130 Margaritam
1254 3066 1461 3123 amitam,
1481 3068 1749 3133 nobilesque
1771 3071 1883 3116 Ana

79 3130 195 3203 Lglos
214 3131 297 3194 qui
316 3131 464 3195 ipsum
486 3129 799 3196 agnoscerent,
821 3129 1044 3179 conviciis
1063 3130 1422 3194 proscinderent.
1458 3133 1572 3181 Eam
1589 3146 1742 3183 tamen
1762 3150 1886 3182 con--

80 3259 88 3313 s
147 3260 211 3312 (1)
239 3259 327 3298 The
343 3248 457 3299 house
475 3260 520 3298 of
532 3259 646 3298 York
664 3260 706 3298 in
717 3260 783 3299 the
800 3261 895 3299 time
914 3259 960 3299 of
1009 3259 1171 3312 lipsesin
1190 3262 1280 3301 both
1299 3263 1486 3303 sentences
1506 3278 1517 3304 t
1547 3264 1596 3303 he
1614 3266 1732 3304 loved’
1745 3263 1867 3302 varie·

83 3312 162 3352 ⁴the
190 3315 277 3352 civil
297 3327 389 3353 wars
423 3313 506 3350 used
535 3314 595 3352 for
624 3313 723 3352 their
752 3315 864 3364 badge
888 3314 954 3352 the
1008 3316 1106 3366 ty,in
1125 3315 1190 3354 the
1205 3317 1345 3356 former
1363 3319 1569 3369 expreffing
1583 3319 1742 3356 himself
1756 3318 1871 3354 with-

97 3366 215 3406 white
227 3367 316 3416 rose,
337 3380 376 3405 as
394 3367 459 3405 the
484 3367 598 3406 house
616 3367 662 3406 of
673 3369 869 3407 Lancaster
888 3367 954 3406 the
1024 3378 1105 3417 out,
1123 3369 1164 3407 in
1184 3370 1260 3409 this
1278 3371 1448 3410 sentence
1467 3373 1562 3410 with
1581 3386 1628 3409 an
1646 3370 1786 3423 ellipse.

94 3422 158 3458 red
175 3423 267 3460 rose.
1064 3423 1132 3474 (4)
1159 3426 1220 3461 He
1238 3428 1435 3475 pretended
1453 3434 1491 3463 to
1511 3426 1553 3463 be
1572 3426 1637 3463 the
1654 3425 1715 3463 son
1735 3424 1780 3462 of
1791 3425 1866 3461 Ed-

39 3491 41 3494 ⁴
156 3475 218 3525 (2)
245 3477 334 3513 Vox
352 3487 474 3512 rerum
495 3474 591 3512 abest
609 3487 629 3511 a
647 3474 695 3512 M
708 3476 747 3514 S.
1014 3481 1113 3516 ward
1132 3477 1198 3516 the
1211 3478 1282 3528 4th
1294 3480 1390 3528 king
1405 3481 1449 3517 of
1458 3480 1626 3527 England
1648 3492 1656 3515 ε
1688 3477 1762 3515 this
1777 3476 1873 3525 king

152 3527 216 3578 (3)
232 3529 321 3566 scil.
342 3528 440 3566 vires
462 3542 472 3565 ·.
490 3528 561 3565 the
579 3528 714 3566 author
740 3529 780 3566 in
804 3529 960 3579 revifing
1014 3532 1085 3570 left
1102 3541 1178 3570 two
1195 3532 1291 3580 sons,
1328 3533 1416 3571 who
1443 3546 1539 3570 were
1569 3531 1659 3569 both
1678 3532 1875 3570 murdered

102 3577 162 3617 his
178 3582 298 3628 work,
324 3582 390 3619 has
409 3584 521 3619 added
551 3595 597 3618 an
612 3583 784 3630 elegante
811 3591 851 3620 to
880 3582 958 3621 this
1012 3585 1059 3638 by
1070 3585 1173 3627 their
1189 3587 1300 3628 uncle
1317 3586 1483 3627 Richard
1500 3599 1536 3638 3.
1566 3585 1739 3636 usurpem,

17 3678 23 3682 ,
99 3632 238 3685 Ρὸἲῖλεε
257 3649 273 3686 3
299 3635 347 3675 he
365 3649 440 3676 was
466 3643 533 3676 not
562 3635 620 3676 for
637 3636 880 3688 multiplying
897 3637 954 3692 ela

1792 3723 1856 3772 sci
1869 3750 1882 3765 v
