2065 3796
214 169 337 240 190
512 152 875 222 RERUM
963 149 1648 229 ScoricaRuM

204 252 329 314 poss‘e
345 249 404 302 ad
419 251 597 305 causam
619 250 1007 301 dicendamextra
1027 268 1220 316 regnum
1242 257 1439 304 evocari.
1505 258 1609 306 Rex
1631 253 1718 305 suae
1739 261 1982 322 potestatis

205 313 351 362 faetus
365 315 594 375 Cuniiniis
616 316 879 380 suppliciter
890 317 1152 377 petentibus
1167 319 1347 367 veniam
1361 321 1505 377 dedit,
1525 335 1743 386 tanquam
1760 327 1844 388 per
1858 318 1950 374 Val
1961 355 1982 368 η

204 379 736 444 terimorte'm'omnium
756 380 1151 443 scelereexpiato„
1197 383 1328 437 Sunt,
1352 384 1434 448 qui
1453 386 1667 447 profuisse
1690 386 1753 435 eis
1777 391 1973 438 credunt

199 455 370 504 praeter
385 444 740 508 'amplitudinem
781 443 969 492 familiae
990 443 1127 491 etiam
1155 444 1213 492 ab
1235 445 1358 495 hoste
1378 461 1566 497 externo
1587 450 1637 498 in
1659 451 1793 500 rebus
1817 443 1972 501 turba-

201 505 471 557 tismetum.
505 508 594 556 Sed
615 508 663 555 id
686 507 859 555 bellum
881 507 1050 556 tardius
1074 508 1282 558 omnium
1303 512 1524 575 opinione
1544 515 1643 578 geri
1665 528 1869 580 coeptum
1892 520 1971 566 est.

257 572 415 634 LXII.
446 573 570 622 Nam
589 587 708 619 anno
725 589 752 618 a
770 570 958 620 Christo·
971 585 1078 620 nato
1107 589 1123 621 1
1151 591 1177 622 2
1194 576 1223 622 6
1244 593 1267 637 3
1293 578 1351 623 ad
1375 576 1602 625 Calendas
1626 580 1819 645 Augusti
1837 582 1973 629 Acho

136 653 143 656 ·
199 637 306 698 Rex
322 636 575 700 Noruegiae
597 653 702 684 curn
724 649 907 685 centum
941 636 1175 701 sexaginta
1210 640 1402 688 navibus
1441 642 1500 699 ad
1539 644 1707 691 Aeram
1744 645 1971 707 oppidum

197 691 347 748 Coilae
386 700 665 749 maritimum
705 701 932 764 applicuit
964 719 975 748 ε
1021 718 1074 748 ac
1111 702 1279 767 viginti
1316 704 1466 753 millia
1503 706 1704 755 militum
1743 709 1967 770 exposuit.

198 762 345 813 Causa
366 765 478 817 belli
515 765 896 829 praetendebatur,
932 767 1060 828 quod
1080 768 1328 830 majoribus
1351 769 1436 817 suis
1460 787 1485 816 a
1510 772 1581 832 (1)
1608 771 1862 820 Machetho
1883 774 1968 820 ali·

194 842 310 893 quot
330 829 486 878 insulae
506 829 730 892 promiffae
764 830 966 879 nondum
991 831 1129 878 essent
1151 833 1352 888 traditae,
1377 835 1492 882 Bota
1513 836 1745 892 videlicet,
1777 841 1828 887 Sc
1850 839 1970 886 Ara-

193 892 287 948 nia,
313 899 353 940 δε
376 906 566 957 utraque
593 893 815 949 Cumbra‚
839 889 1038 957 quaelz)
1063 913 1301 958 nunquam
1321 898 1441 945 inter
1463 900 1671 947 AEbudas
1695 903 1967 949 adnumera·

192 969 253 1003 tae
274 957 466 1015 fuerant,
535 958 626 1004 Sed
661 958 886 1018 quaerenti
908 960 1081 1004 bellum
1103 958 1203 1005 satis
1226 961 1337 1015 erat,
1363 977 1437 1008 eas
1460 964 1542 1010 effe
1564 964 1745 1012 insulas.
1830 966 1974 1015 Duas·

192 1022 413 1069 maximas
446 1038 601 1070 earum
623 1020 822 1084 direptas
843 1020 987 1084 captis
1017 1022 1218 1077 arcibus,
1249 1037 1495 1089 antequam
1521 1027 1706 1074 obviam
1728 1027 1785 1075 iri
1806 1031 1966 1092 poss'et,

192 1087 327 1133 Acho
347 1086 395 1134 in
420 1087 542 1134 suam
564 1087 828 1150 potestatem
851 1087 1102 1150 redegerat.
1170 1089 1280 1135 Hoc
1301 1089 1494 1138 success‘u
1511 1092 1657 1139 elatus
1680 1093 1728 1138 in
1753 1093 1962 1158 Cuniga-

120 1188 124 1193 .
191 1151 331 1199 miam
348 1151 607 1214 proximam
626 1151 939 1199 continentem
959 1168 1016 1198 ex
1037 1152 1220 1199 adverso
1244 1155 1369 1201 Botae
1389 1155 1637 1212 descendit,
1661 1174 1760 1204 eam
1782 1157 1830 1204 in
1857 1175 1964 1221 par-

191 1227 300 1272 tem,
321 1232 458 1280 quam
477 1217 646 1281 Largas
667 1227 851 1263 vocant.
883 1215 957 1262 Ibi
974 1215 1150 1279 duplici
1170 1216 1423 1265 infortunio
1446 1220 1609 1268 eodem
1633 1220 1728 1268 fere
1753 1214 1963 1270 momen·
2020 1247 2026 1260 =

189 1291 238 1327 to
259 1280 486 1343 perculsus
508 1281 611 1328 fuit.
663 1281 867 1329 Primum
889 1296 994 1328 cum
1017 1281 1284 1329 Alexandro
1303 1285 1485 1331 Stuarto
1506 1285 1620 1347 ejus,
1643 1287 1725 1349 qui
1746 1303 1802 1332 ex
1820 1303 1873 1333 ea
1892 1288 1958 1334 fa-

187 1344 321 1392 milia
356 1345 529 1409 primus
565 1346 615 1393 in
638 1344 791 1393 Scotia
809 1362 1004 1410 regnum
1024 1345 1168 1409 gestit,
1192 1362 1364 1409 proavo
1397 1351 1672 1413 congressus,
1701 1368 1726 1398 a
1750 1351 1960 1399 multitu-

188 1409 296 1457 dine
318 1411 556 1459 Scotorum
577 1427 721 1475 prope
737 1410 1075 1457 circumventus
1097 1411 1274 1474 trepide
1295 1414 1353 1460 ad
1375 1430 1510 1461 naves
1531 1413 1629 1462 refu
1666 1414 1717 1462 it.
1771 1415 1955 1464 Deinde
1977 1411 1979 1413 ’

185 1474 379 1523 navibus
413 1474 650 1527 foediflima
684 1475 946 1539 tempestate
977 1474 1152 1522 vexatis
1185 1491 1291 1523 cum
1322 1478 1497 1541 paucis,
1522 1479 1604 1542 qui
1632 1432 1960 1542 superfuerunt

188 1555 310 1603 aegre
330 1541 388 1588 ad
405 1540 608 1588 Orcadas
629 1540 805 1588 delatus
826 1541 902 1588 est.
936 1539 1202 1588 Defiderata
1222 1538 1269 1588 in
1289 1557 1344 1589 eo
1367 1543 1527 1607 praelio
1549 1543 1733 1591 fuerunt
1753 1545 1810 1592 de
1828 1544 1957 1592 Nor-

185 1604 333 1669 uegiis
355 1606 414 1653 ad
434 1605 628 1655 sedecim
652 1605 814 1661 millia,
838 1606 896 1652 de
919 1603 1063 1652 Scotis
1087 1604 1307 1668 quinque.
1377 1609 1509 1663 Sunt,
1533 1608 1615 1672 qui
1641 1610 1817 1673 Regem
1842 1610 1955 1657 Ale·
1998 1620 2002 1626 ’
2039 1620 2043 1624 ’

183 1670 411 1718 xandrum
433 1670 482 1717 in
505 1671 594 1717 hoc
617 1669 785 1717 affuiss'e
807 1670 1022 1716 conflictu
1045 1670 1240 1717 tradant.
1307 1671 1480 1719 Verum
1505 1675 1556 1723 Bt
1578 1675 1700 1735 apud
1735 1674 1817 1720 hos
1839 1690 1955 1735 quo-

184 1749 277 1795 que
303 1735 555 1782 Alexandri
579 1735 749 1782 Stuarti
772 1733 1023 1782 honorifica
1045 1735 1094 1781 fit
1116 1734 1306 1782 mentio.
1374 1737 1509 1783 Acho
1533 1752 1728 1797 moerore
1749 1737 1887 1785 amiffi
1909 1756 1958 1786 e·-

183 1798 397 1855 xercitus,
423 1815 475 1847 ac
494 1799 743 1863 propinqui
760 1799 823 1846 sui
839 1798 1020 1858 juvenis
1043 1798 1280 1856 fortiflimi‚
1297 1800 1424 1863 cujus
1446 1817 1614 1850 nomen
1632 1818 1724 1850 non
1743 1802 1953 1858 traditur,

183 1876 331 1911 morte
350 1864 581 1911 confeftus
604 1864 727 1911 diem
750 1864 883 1911 obiit.
1068 1879 1070 1881 ·
1100 1883 1130 1913 ἰ

246 1927 424 1976 LXIII.
455 1929 563 1990 Ejus
587 1928 704 1976 filius
731 1926 952 1992 Magnus,
987 1929 1068 1992 qui
1090 1946 1236 1992 nuper
1255 1929 1517 1988 advenerat,
1547 1948 1615 1979 res
1639 1930 1783 1995 magis
1805 1949 1945 1998 quam

181 2004 305 2040 ratus
326 2004 422 2041 erat
442 1994 694 2055 desperatas
715 1994 1015 2056 conspicatus,
1045 1994 1291 2057 praesertim
1325 2010 1430 2042 cum
1463 1996 1636 2057 auxilia
1669 1997 1807 2043 domo
1842 2010 1949 2045 ante

182 2073 262 2104 ver
291 2074 383 2105 non
404 2058 615 2121 speraret„
639 2074 691 2105 ac
711 2070 930 2120 praeterea
951 2058 1266 2106 Insulanorum
1289 2060 1463 2107 animos
1498 2075 1683 2107 cernens
1706 2060 1947 2117 aliena-tos,

182 2127 225 2168 ἅτ
247 2139 280 2169 a
295 2121 459 2177 ScotiS,
475 2139 670 2187 quorum
706 2122 874 2169 fiducia
893 2135 1021 2185 pater
1052 2123 1147 2184 ejus
1181 2122 1354 2171 bellum
1377 2124 1657 2188 suscaepe'rat,
1681 2124 1947 2174 destitutum
2026 2130 2033 2133 ”

181 2186 223 2233 se
243 2185 524 2252 intelligens,
545 2187 751 2235 animum
776 2184 919 2234 facile
943 2187 1002 2233 ad
1020 2204 1181 2251 pacem
1198 2187 1327 2236 flexit
1351 2205 1361 2234 :
1398 2205 1548 2251 neque
1565 2186 1710 2253 inagis
1732 2191 1946 2252 praelium

181 2251 431 2308 adversum,
456 2269 595 2316 quam
617 2253 676 2299 ab
709 2251 928 2299 Insulanis
952 2260 1097 2298 metu's
1119 2252 1414 2300 adolescentis
1436 2253 1650 2301 ferociam
1674 2250 1939 2318 infregerat.

180 2316 306 2363 Nam
320 2316 417 2378 jam
431 2317 693 2365 Alexander
709 2316 899 2363 navibus
913 2316 1239 2373 circummiffis‚
1252 2317 1476 2364 Mannam
1494 2316 1684 2365 insulam
1704 2317 1821 2365 inter
1844 2321 1956 2367 Sco-

179 2379 311 2436 tiam,
337 2386 377 2427 85
400 2380 673 2428 Hiberniam
698 2381 854 2428 medio
876 2381 969 2428 fere
991 2380 1121 2428 cursu
1155 2381 1283 2429 fitam
1315 2392 1677 2445 recuperaverat,
1702 2398 1755 2428 ea
1775 2383 1877 2447 lege
1903 2396 1953 2432 ut
2027 2411 2032 2421 ι

179 2444 338 2496 insulae
352 2446 557 2510 Regulus
573 2445 754 2510 quoties
773 2462 888 2509 opus
910 2447 1031 2500 ess‘et,
1048 2445 1207 2492 decem
1219 2457 1361 2493 'naves
1383 2448 1553 2510 longas*
1566 2446 1623 2492 ad
1642 2447 1819 2509 Regem
1839 2447 1948 2494 mit-

179 2522 297 2561 teret
321 2527 332 2555 :
366 2511 468 2557 Rex
489 2526 598 2571 xgero
620 2526 726 2557 eum
748 2509 805 2556 ab
826 2510 950 2556 hoste
970 2522 1159 2557 externo
1182 2509 1462 2557 defenderet.
1530 2510 1949 2558 Hane'inclinatio-
2007 2541 2011 2546 -

180 2590 288 2622 nem
310 2575 570 2622 ‘animorum
593 2590 700 2622 cum
722 2574 911 2637 reliquae
949 2573 1104 2621 insulae
1127 2574 1340 2622 secuturae
1357 2575 1636 2629 viderentur,
1659 2575 1861 2638 Magnus
1883 2577 1941 2623 de
2047 2588 2051 2597 ¹

179 2655 292 2702 pace
314 2640 488 2704 legatos
511 2639 630 2687 mifit
652 2656 661 2684 :
695 2655 833 2701 quam
856 2655 962 2685 cum
981 2639 1241 2685 Alexander
1262 2639 1345 2686 nifi
1367 2639 1797 2702 recaeptisAEbudis
1819 2656 1951 2687 recu-
2029 2640 2042 2661 ²

177 2703 309 2758 jaret,
335 2702 520 2751 tandem
542 2702 908 2766 pacificatoribus
937 2703 1055 2749 ultro
1078 2702 1287 2765 citroque
1321 2704 1686 2750 eommeantibus
1709 2705 1941 2760 convenit,

178 2780 233 2815 ut
246 2769 454 2815 AEbudas
473 2770 632 2815 Scotus
657 2779 830 2815 teneret
851 2785 860 2813 :
890 2769 960 2830 (3)
985 2768 1032 2813 in
1054 2766 1290 2829 praesentia
1310 2781 1506 2831 quatuor
1531 2767 1676 2815 millia
1693 2777 1963 2816 marcarum'

178 2834 376 2896 argenti,
406 2832 453 2880 in
477 2833 675 2895 singulos
698 2845 850 2880 autem
872 2847 1013 2879 annos
1035 2843 1218 2879 centum
1242 2847 1412 2879 marcas
1436 2844 1708 2892 numeraret.
1776 2833 1945 2879 Praete-

142 2930 144 2937 s
179 2908 255 2943 rea
289 2910 339 2944 ut
361 2897 613 2962 Margarita
636 2896 887 2944 Alexandri
908 2896 1000 2943 filia
1020 2907 1218 2958 quatuor
1237 2911 1459 2943 annorum
1478 2895 1632 2958 puella
1652 2910 1757 2941 cum
1784 2913 1866 2960 per
1888 2915 1946 2945 ae-

180 2971 318 3008 tatem
338 2961 634 3009 commodum
656 2961 777 3016 esset,
794 2962 1088 3026 Hangonano
1110 2960 1278 3025 Magni
1299 2959 1394 3007 filio
1416 2962 1621 3008 nuberet.

231 3098 297 3148 (ι)
327 3100 392 3137 Al.
412 3094 585 3139 Donaldo
605 3102 722 3140 Bano.
1003 3103 1021 3110 “
1087 3101 1230 3140 Rohert
1248 3101 1279 3138 I.
1308 3101 1377 3137 and
1402 3100 1487 3138 Eric
1507 3102 1574 3138 and
1594 3100 1719 3153 James
1739 3099 1770 3138 1.
1793 3096 1829 3145 a‘s
1857 3113 1943 3148 may

232 3153 292 3203 (2)
309 3152 466 3191 Because
479 3155 564 3204 they
580 3155 668 3203 lyin
686 3144 897 3192 th‘emouth
914 3154 957 3192 of
970 3154 1034 3192 the
1088 3156 1133 3191 be
1155 3154 1237 3191 seen
1256 3161 1294 3190 at
1321 3153 1386 3190 the
1404 3156 1474 3190 end
1501 3155 1545 3190 of
1557 3153 1621 3190 the
1639 3154 1710 3202 4th
1736 3154 1886 3190 volume
1905 3152 1951 3189 of
2024 3147 2035 3190 ’,ζ

176 3207 309 3256 Clyde,
321 3204 388 3243 the
407 3207 493 3244 land
511 3208 556 3244 of
568 3208 725 3245 Kintire
737 3208 953 3258 interjec‘ted
970 3209 1033 3246 be·
1087 3209 1246 3251 Fordon,
1265 3207 1295 3243 it
1312 3219 1472 3256 appears,
1492 3205 1575 3243 that
1591 3207 1802 3243 Alexander
1815 3219 1888 3243 was
1904 3213 1944 3243 to

175 3255 298 3296 tvssieen
315 3258 422 3296 them
440 3261 510 3296 and
528 3259 592 3297 the
609 3261 777 3297 out-isses
795 3276 804 3297 ι
833 3261 892 3297 for
913 3260 958 3298 of
972 3262 1034 3298 old
1088 3273 1157 3310 pay
1174 3267 1213 3296 to
1226 3260 1389 3307 Magnus
1405 3259 1462 3296 for
1479 3258 1570 3296 each
1582 3259 1626 3296 of
1634 3253 1699 3296 the
1714 3271 1813 3308 years
1829 3259 1959 3311 1267„
2010 3255 2024 3265 “

175 3313 265 3363 they
293 3312 377 3350 used
395 3319 434 3350 to
459 3312 518 3362 say
545 3313 595 3359 so,
617 3316 740 3350 Arran
763 3315 834 3352 and
855 3313 920 3350 the
944 3322 1029 3350 out-
1087 3313 1203 3359 1268,
1219 3312 1332 3362 1269,
1350 3324 1463 3359 1270,
1477 3325 1497 3348 a
1514 3311 1693 3349 thousand
1712 3311 1852 3356 marks,
1868 3311 1959 3347 and>
2014 3316 2018 3319 '
2039 3293 2042 3296 ¹

173 3365 267 3403 isles.
1052 3374 1054 3378 ’
1084 3366 1144 3404 for
1157 3370 1264 3414 e‘very
1282 3378 1351 3402 one
1370 3364 1415 3401 of
1431 3364 1496 3401 the
1516 3364 1588 3402 said
1604 3377 1706 3414 years
1728 3375 1802 3401 100
1814 3363 1943 3400 marks

228 3419 294 3470 (3)
311 3402 443 3467 By-the
457 3419 623 3456 contra&
633 3404 1046 3466 concerningthewe-¹
1085 3428 1202 3464 more,
1220 3417 1348 3455 which
1363 3417 1442 3454 sum
1461 3418 1504 3454 of
1518 3429 1591 3456 100
1606 3417 1734 3454 marks
1750 3429 1823 3453 was
1840 3424 1878 3452 to
1897 3415 1949 3452 be'
2003 3449 2016 3465 v,

175 3473 271 3510 stern
284 3472 365 3510 isses
380 3471 546 3509 between
562 3471 725 3520 Magnus
736 3473 951 3520 ofNorway
961 3474 1037 3508 and
1085 3471 1261 3519 annually
1278 3470 1362 3520 paid
1379 3469 1425 3519 by
1448 3469 1625 3518 the'king
1642 3469 1687 3507 of
1698 3469 1881 3506 *scotland
1899 3475 1948 3505 to·

174 3525 390 3562 Alexander
400 3525 474 3562 111.
489 3524 533 3563 of
542 3525 731 3572 Scotland‚
743 3523 871 3562 which
883 3533 958 3561 was
972 3537 1032 3561 ra·
1085 3523 1152 3562 the
1167 3523 1262 3571 king
1277 3523 1322 3560 of
1333 3523 1496 3572 Norway
1508 3522 1549 3561 in
1566 3523 1616 3562 all
1630 3521 1741 3561 times
1759 3523 1799 3559 to
1815 3528 1953 3577 come-3⁴
1968 3530 1974 3534 ·
1992 3578 1999 3583 λ
2018 3524 2029 3574 *s
2046 3582 2050 3586 Ι

174 3577 279 3614 tified
313 3578 361 3627 by-
387 3576 486 3616 their
503 3577 692 3617 succeflbrs
720 3576 1041 3628 Haguinvvrand*
1087 3578 1156 3617 See
1176 3576 1243 3616 lib.
1269 3587 1428 3626 tzacap.
1447 3587 1512 3625 27.

159 3659 163 3662 ’
512 3670 515 3671 ἢ
810 3656 813 3659 ’
1754 3673 1950 3727 anr.
