<?xml version="1.0" encoding="UTF-8"?>
<!DOCTYPE html PUBLIC "-//W3C//DTD XHTML 1.0 Transitional//EN"
    "http://www.w3.org/TR/xhtml1/DTD/xhtml1-transitional.dtd">
<html xmlns="http://www.w3.org/1999/xhtml" xml:lang="en" lang="en">
 <head>
  <title>
</title>
<meta http-equiv="Content-Type" content="text/html;charset=utf-8" />
  <meta name='ocr-system' content='tesseract 3.04.00' />
  <meta name='ocr-capabilities' content='ocr_page ocr_carea ocr_par ocr_line ocrx_word'/>
</head>
<body>
  <div class='ocr_page' id='page_1' title='image "./rerumscoticarumh01buch_0044.png"; bbox 0 0 2091 3796; ppageno 0'>
   <div class='ocr_carea' id='block_1_1' title="bbox 160 151 1660 220">
    <p class='ocr_par' dir='ltr' id='par_1_1' title="bbox 160 151 1660 220">
     <span class='ocr_line' id='line_1_1' title="bbox 160 151 1660 220; baseline 0.001 -2"><span class='ocrx_word' id='word_1_1' title='bbox 160 155 250 218; x_wconf 80' lang='lat'>2&#39;6</span> <span class='ocrx_word' id='word_1_2' title='bbox 509 151 873 218; x_wconf 62' lang='lat' dir='ltr'>Renum</span> <span class='ocrx_word' id='word_1_3' title='bbox 964 152 1660 220; x_wconf 60' lang='lat' dir='ltr'>Sco-mmmm</span> 
     </span>
    </p>
   </div>
   <div class='ocr_carea' id='block_1_2' title="bbox 110 243 1979 3285">
    <p class='ocr_par' dir='ltr' id='par_1_2' title="bbox 110 243 1979 3151">
     <span class='ocr_line' id='line_1_2' title="bbox 163 243 1945 314; baseline 0.003 -18"><span class='ocrx_word' id='word_1_4' title='bbox 163 247 257 296; x_wconf 65' lang='lat' dir='ltr'>naii</span> <span class='ocrx_word' id='word_1_5' title='bbox 281 248 359 295; x_wconf 83' lang='lat' dir='ltr'>fita</span> <span class='ocrx_word' id='word_1_6' title='bbox 380 248 440 294; x_wconf 88' lang='lat' dir='ltr'>est</span> <span class='ocrx_word' id='word_1_7' title='bbox 462 243 607 296; x_wconf 79' lang='lat' dir='ltr'>insula</span> <span class='ocrx_word' id='word_1_8' title='bbox 629 249 793 297; x_wconf 85' lang='lat' dir='ltr'>Valaia</span> <span class='ocrx_word' id='word_1_9' title='bbox 814 248 943 296; x_wconf 80' lang='lat' dir='ltr'>misse</span> <span class='ocrx_word' id='word_1_10' title='bbox 965 249 1109 311; x_wconf 85' lang='lat' dir='ltr'>passus</span> <span class='ocrx_word' id='word_1_11' title='bbox 1138 249 1247 304; x_wconf 87' lang='lat' dir='ltr'>lata,</span> <span class='ocrx_word' id='word_1_12' title='bbox 1272 249 1416 312; x_wconf 90' lang='lat' dir='ltr'>duplo</span> <span class='ocrx_word' id='word_1_13' title='bbox 1439 248 1641 312; x_wconf 85' lang='lat' dir='ltr'>longior.</span> <span class='ocrx_word' id='word_1_14' title='bbox 1708 250 1836 299; x_wconf 84' lang='lat' dir='ltr'>Inter</span> <span class='ocrx_word' id='word_1_15' title='bbox 1868 253 1945 314; x_wconf 77' lang='lat'>(1)</span> 
     </span>
     <span class='ocr_line' id='line_1_3' title="bbox 161 311 1950 386; baseline 0.002 -27"><span class='ocrx_word' id='word_1_16' title='bbox 161 311 550 386; x_wconf 77' lang='lat' dir='ltr'>promontorium,</span> <span class='ocrx_word' id='word_1_17' title='bbox 580 323 613 360; x_wconf 57' lang='lat'>&#39;5³</span> <span class='ocrx_word' id='word_1_18' title='bbox 645 314 716 375; x_wconf 88' lang='lat'>(2)</span> <span class='ocrx_word' id='word_1_19' title='bbox 735 315 936 363; x_wconf 86' lang='lat' dir='ltr'>Haream</span> <span class='ocrx_word' id='word_1_20' title='bbox 959 313 1070 360; x_wconf 88' lang='lat' dir='ltr'>insu&#39;</span> <span class='ocrx_word' id='word_1_21' title='bbox 1077 329 1149 360; x_wconf 86' lang='lat' dir='ltr'>am</span> <span class='ocrx_word' id='word_1_22' title='bbox 1173 314 1244 360; x_wconf 88' lang='lat' dir='ltr'>hae</span> <span class='ocrx_word' id='word_1_23' title='bbox 1266 314 1360 361; x_wconf 88' lang='lat' dir='ltr'>fere</span> <span class='ocrx_word' id='word_1_24' title='bbox 1380 313 1482 361; x_wconf 87' lang='lat' dir='ltr'>sunt</span> <span class='ocrx_word' id='word_1_25' title='bbox 1502 313 1751 376; x_wconf 66' lang='lat' dir='ltr'>interjestae</span> <span class='ocrx_word' id='word_1_26' title='bbox 1769 316 1950 379; x_wconf 78' lang='lat' dir='ltr'>exiguae</span> 
     </span>
     <span class='ocr_line' id='line_1_4' title="bbox 161 376 1947 440; baseline 0.003 -18"><span class='ocrx_word' id='word_1_27' title='bbox 161 376 369 439; x_wconf 81' lang='lat' dir='ltr'>quidem,</span> <span class='ocrx_word' id='word_1_28' title='bbox 393 376 469 425; x_wconf 89' lang='lat' dir='ltr'>sed</span> <span class='ocrx_word' id='word_1_29' title='bbox 491 394 583 424; x_wconf 88' lang='lat' dir='ltr'>non</span> <span class='ocrx_word' id='word_1_30' title='bbox 598 377 886 440; x_wconf 78' lang='lat' dir='ltr'>infrugiferae</span> <span class='ocrx_word' id='word_1_31' title='bbox 910 380 1013 432; x_wconf 86' lang='lat' dir='ltr'>Soa,</span> <span class='ocrx_word' id='word_1_32' title='bbox 1040 379 1236 433; x_wconf 83' lang='lat' dir='ltr'>Stroma,</span> <span class='ocrx_word' id='word_1_33' title='bbox 1258 376 1441 433; x_wconf 87' lang='lat' dir='ltr'>Pabaia,</span> <span class='ocrx_word' id='word_1_34' title='bbox 1467 379 1725 435; x_wconf 59' lang='lat' dir='ltr'>Barneraien</span> <span class='ocrx_word' id='word_1_35' title='bbox 1750 380 1947 436; x_wconf 87' lang='lat' dir='ltr'>Enisaia,</span> 
     </span>
     <span class='ocr_line' id='line_1_5' title="bbox 160 439 1950 506; baseline 0.002 -18"><span class='ocrx_word' id='word_1_36' title='bbox 160 439 388 504; x_wconf 74' lang='lat' dir='ltr'>Keligira‚</span> <span class='ocrx_word' id='word_1_37' title='bbox 414 442 534 503; x_wconf 61' lang='lat' dir='ltr'>Sarga</span> <span class='ocrx_word' id='word_1_38' title='bbox 556 459 710 504; x_wconf 82' lang='lat' dir='ltr'>parva,</span> <span class='ocrx_word' id='word_1_39' title='bbox 736 445 854 506; x_wconf 82' lang='lat' dir='ltr'>Saga</span> <span class='ocrx_word' id='word_1_40' title='bbox 874 459 1078 498; x_wconf 65' lang='lat' dir='ltr'>maana,</span> <span class='ocrx_word' id='word_1_41' title='bbox 1088 443 1410 496; x_wconf 85' lang='lat' dir='ltr'>Hermodraia,</span> <span class='ocrx_word' id='word_1_42' title='bbox 1426 442 1654 499; x_wconf 87' lang='lat' dir='ltr'>Scarvaia,</span> <span class='ocrx_word' id='word_1_43' title='bbox 1680 445 1814 501; x_wconf 88' lang='lat' dir='ltr'>Gria,</span> <span class='ocrx_word' id='word_1_44' title='bbox 1835 445 1950 492; x_wconf 87' lang='lat' dir='ltr'>Lin-</span> 
     </span>
     <span class='ocr_line' id='line_1_6' title="bbox 160 501 1952 572; baseline 0.003 -22"><span class='ocrx_word' id='word_1_45' title='bbox 160 520 238 569; x_wconf 83' lang='lat' dir='ltr'>ga‚</span> <span class='ocrx_word' id='word_1_46' title='bbox 272 503 487 560; x_wconf 82' lang='lat' dir='ltr'>Gillinsa,</span> <span class='ocrx_word' id='word_1_47' title='bbox 509 507 628 561; x_wconf 84' lang='lat' dir='ltr'>Hea,</span> <span class='ocrx_word' id='word_1_48' title='bbox 655 507 797 561; x_wconf 86' lang='lat' dir='ltr'>Hoia‚</span> <span class='ocrx_word' id='word_1_49' title='bbox 820 501 1039 559; x_wconf 77' lang='lat' dir='ltr'>Ferelaia,</span> <span class='ocrx_word' id='word_1_50' title='bbox 1065 503 1152 554; x_wconf 89' lang='lat' dir='ltr'>Soa</span> <span class='ocrx_word' id='word_1_51' title='bbox 1174 524 1330 572; x_wconf 87' lang='lat' dir='ltr'>parva,</span> <span class='ocrx_word' id='word_1_52' title='bbox 1355 510 1445 553; x_wconf 84' lang='lat' dir='ltr'>Soa</span> <span class='ocrx_word' id='word_1_53' title='bbox 1466 523 1651 572; x_wconf 88' lang='lat' dir='ltr'>magna,</span> <span class='ocrx_word' id='word_1_54' title='bbox 1676 508 1760 563; x_wconf 92' lang='lat' dir='ltr'>Isa,</span> <span class='ocrx_word' id='word_1_55' title='bbox 1801 512 1952 556; x_wconf 87' lang='lat' dir='ltr'>Seuna</span> 
     </span>
     <span class='ocr_line' id='line_1_7' title="bbox 159 571 1953 636; baseline 0.003 -20"><span class='ocrx_word' id='word_1_56' title='bbox 159 586 320 633; x_wconf 87' lang='lat' dir='ltr'>parva,</span> <span class='ocrx_word' id='word_1_57' title='bbox 354 572 505 618; x_wconf 88' lang='lat' dir='ltr'>Seuna</span> <span class='ocrx_word' id='word_1_58' title='bbox 527 588 709 634; x_wconf 78' lang='lat' dir='ltr'>magna,</span> <span class='ocrx_word' id='word_1_59' title='bbox 735 571 954 625; x_wconf 85' lang='lat' dir='ltr'>Taransa,</span> <span class='ocrx_word' id='word_1_60' title='bbox 989 574 1201 634; x_wconf 56' lang='lat' dir='ltr'>Skgana,</span> <span class='ocrx_word' id='word_1_61' title='bbox 1231 573 1466 626; x_wconf 87' lang='lat' dir='ltr'>Tuemen‚</span> <span class='ocrx_word' id='word_1_62' title='bbox 1504 577 1550 621; x_wconf 83' lang='lat'>&amp;</span> <span class='ocrx_word' id='word_1_63' title='bbox 1593 571 1725 636; x_wconf 87' lang='lat' dir='ltr'>supra</span> <span class='ocrx_word' id='word_1_64' title='bbox 1747 574 1953 621; x_wconf 87' lang='lat' dir='ltr'>Haream</span> 
     </span>
     <span class='ocr_line' id='line_1_8' title="bbox 161 635 1952 708; baseline 0.002 -27"><span class='ocrx_word' id='word_1_65' title='bbox 161 636 347 696; x_wconf 86' lang='lat' dir='ltr'>Scarpa‚</span> <span class='ocrx_word' id='word_1_66' title='bbox 375 640 417 682; x_wconf 67' lang='lat' dir='ltr'>gr</span> <span class='ocrx_word' id='word_1_67' title='bbox 444 637 496 682; x_wconf 79' lang='lat' dir='ltr'>ad</span> <span class='ocrx_word' id='word_1_68' title='bbox 523 635 812 682; x_wconf 88' lang='lat' dir='ltr'>occidentem</span> <span class='ocrx_word' id='word_1_69' title='bbox 836 636 1203 708; x_wconf 70' lang='lat' dir='ltr'>aequinofflalem</span> <span class='ocrx_word' id='word_1_70' title='bbox 1223 637 1355 698; x_wconf 84' lang='lat' dir='ltr'>supra</span> <span class='ocrx_word' id='word_1_71' title='bbox 1376 637 1588 698; x_wconf 85' lang='lat' dir='ltr'>Leogum</span> <span class='ocrx_word' id='word_1_72' title='bbox 1611 637 1720 701; x_wconf 65' lang='lat' dir='ltr'>quis</span> <span class='ocrx_word' id='word_1_73' title='bbox 1728 637 1952 701; x_wconf 82' lang='lat' dir='ltr'>quaginta</span> 
     </span>
     <span class='ocr_line' id='line_1_9' title="bbox 161 698 1950 774; baseline 0.001 -27"><span class='ocrx_word' id='word_1_74' title='bbox 161 700 311 747; x_wconf 79' lang='lat' dir='ltr'>millia</span> <span class='ocrx_word' id='word_1_75' title='bbox 333 698 493 746; x_wconf 85' lang='lat' dir='ltr'>absunt</span> <span class='ocrx_word' id='word_1_76' title='bbox 515 701 685 763; x_wconf 82' lang='lat' dir='ltr'>septem</span> <span class='ocrx_word' id='word_1_77' title='bbox 708 699 883 754; x_wconf 85' lang='lat' dir='ltr'>insulae,</span> <span class='ocrx_word' id='word_1_78' title='bbox 915 717 1026 761; x_wconf 86' lang='lat' dir='ltr'>quas</span> <span class='ocrx_word' id='word_1_79' title='bbox 1050 700 1129 747; x_wconf 86' lang='lat' dir='ltr'>alii</span> <span class='ocrx_word' id='word_1_80' title='bbox 1147 699 1484 755; x_wconf 77' lang='lat' dir='ltr'>Flananas,a1ii</span> <span class='ocrx_word' id='word_1_81' title='bbox 1507 702 1682 774; x_wconf 76' lang='lat' dir='ltr'>Sacras,</span> <span class='ocrx_word' id='word_1_82' title='bbox 1711 700 1846 764; x_wconf 83' lang='lat' dir='ltr'>Asyla</span> <span class='ocrx_word' id='word_1_83' title='bbox 1870 718 1950 749; x_wconf 93' lang='lat' dir='ltr'>vo-</span> 
     </span>
     <span class='ocr_line' id='line_1_10' title="bbox 160 763 1951 828; baseline 0.003 -19"><span class='ocrx_word' id='word_1_84' title='bbox 160 778 285 820; x_wconf 86' lang='lat' dir='ltr'>cant,</span> <span class='ocrx_word' id='word_1_85' title='bbox 322 765 368 812; x_wconf 84' lang='lat' dir='ltr'>in</span> <span class='ocrx_word' id='word_1_86' title='bbox 393 777 571 811; x_wconf 85' lang='lat' dir='ltr'>montes</span> <span class='ocrx_word' id='word_1_87' title='bbox 603 768 681 811; x_wconf 82' lang='lat' dir='ltr'>her</span> <span class='ocrx_word' id='word_1_88' title='bbox 664 764 816 811; x_wconf 87' lang='lat' dir='ltr'>bidos</span> <span class='ocrx_word' id='word_1_89' title='bbox 843 763 1182 828; x_wconf 84' lang='lat' dir='ltr'><strong>consurgentes,</strong></span> <span class='ocrx_word' id='word_1_90' title='bbox 1224 766 1296 812; x_wconf 90' lang='lat' dir='ltr'>sed</span> <span class='ocrx_word' id='word_1_91' title='bbox 1333 766 1391 812; x_wconf 85' lang='lat' dir='ltr'>ab</span> <span class='ocrx_word' id='word_1_92' title='bbox 1430 765 1557 813; x_wconf 90' lang='lat' dir='ltr'>omni</span> <span class='ocrx_word' id='word_1_93' title='bbox 1582 767 1786 813; x_wconf 88' lang='lat' dir='ltr'>humano</span> <span class='ocrx_word' id='word_1_94' title='bbox 1820 766 1951 815; x_wconf 84' lang='lat' dir='ltr'>cultu</span> 
     </span>
     <span class='ocr_line' id='line_1_11' title="bbox 160 828 1951 892; baseline 0.001 -16"><span class='ocrx_word' id='word_1_95' title='bbox 160 829 383 876; x_wconf 85' lang='lat' dir='ltr'>desertae:</span> <span class='ocrx_word' id='word_1_96' title='bbox 415 846 562 892; x_wconf 85' lang='lat' dir='ltr'>neque</span> <span class='ocrx_word' id='word_1_97' title='bbox 601 830 948 891; x_wconf 61' lang='lat' dir='ltr'>quadrupedem</span> <span class='ocrx_word' id='word_1_98' title='bbox 970 828 1063 876; x_wconf 89' lang='lat' dir='ltr'>fere</span> <span class='ocrx_word' id='word_1_99' title='bbox 1100 831 1247 876; x_wconf 85' lang='lat' dir='ltr'>ullum</span> <span class='ocrx_word' id='word_1_100' title='bbox 1290 841 1454 892; x_wconf 87' lang='lat' dir='ltr'>praeter</span> <span class='ocrx_word' id='word_1_101' title='bbox 1477 847 1584 877; x_wconf 86' lang='lat' dir='ltr'>oves</span> <span class='ocrx_word' id='word_1_102' title='bbox 1620 832 1736 878; x_wconf 86' lang='lat' dir='ltr'>feras</span> <span class='ocrx_word' id='word_1_103' title='bbox 1762 831 1951 886; x_wconf 87' lang='lat' dir='ltr'>habent,</span> 
     </span>
     <span class='ocr_line' id='line_1_12' title="bbox 133 892 1955 967; baseline 0.001 -27"><span class='ocrx_word' id='word_1_104' title='bbox 133 921 135 924; x_wconf 83' lang='lat'><em>.</em></span> <span class='ocrx_word' id='word_1_105' title='bbox 159 901 265 967; x_wconf 76' lang='lat' dir='ltr'>quae</span> <span class='ocrx_word' id='word_1_106' title='bbox 288 893 475 957; x_wconf 83' lang='lat' dir='ltr'>quidem</span> <span class='ocrx_word' id='word_1_107' title='bbox 497 911 522 939; x_wconf 89' lang='lat' dir='ltr'>a</span> <span class='ocrx_word' id='word_1_108' title='bbox 537 893 830 939; x_wconf 76' lang='lat' dir='ltr'>venatoribus</span> <span class='ocrx_word' id='word_1_109' title='bbox 848 892 1111 955; x_wconf 86' lang='lat' dir='ltr'>capiuntur,</span> <span class='ocrx_word' id='word_1_110' title='bbox 1131 894 1203 941; x_wconf 91' lang='lat' dir='ltr'>sed</span> <span class='ocrx_word' id='word_1_111' title='bbox 1223 894 1280 939; x_wconf 83' lang='lat' dir='ltr'>ad</span> <span class='ocrx_word' id='word_1_112' title='bbox 1299 894 1476 940; x_wconf 89' lang='lat' dir='ltr'>nullum</span> <span class='ocrx_word' id='word_1_113' title='bbox 1497 895 1641 942; x_wconf 62' lang='lat' dir='ltr'>victus</span> <span class='ocrx_word' id='word_1_114' title='bbox 1663 895 1807 941; x_wconf 87' lang='lat' dir='ltr'>usum.</span> <span class='ocrx_word' id='word_1_115' title='bbox 1837 898 1955 943; x_wconf 90' lang='lat' dir='ltr'>Car-</span> 
     </span>
     <span class='ocr_line' id='line_1_13' title="bbox 163 956 1953 1020; baseline 0.001 -15"><span class='ocrx_word' id='word_1_116' title='bbox 163 976 233 1005; x_wconf 81' lang='lat' dir='ltr'>ms</span> <span class='ocrx_word' id='word_1_117' title='bbox 253 958 374 1005; x_wconf 89' lang='lat' dir='ltr'>enim</span> <span class='ocrx_word' id='word_1_118' title='bbox 397 960 502 1005; x_wconf 81' lang='lat' dir='ltr'>loco</span> <span class='ocrx_word' id='word_1_119' title='bbox 518 959 586 1020; x_wconf 76' lang='lat'>(3)</span> <span class='ocrx_word' id='word_1_120' title='bbox 609 956 812 1003; x_wconf 84' lang='lat' dir='ltr'>arvinam</span> <span class='ocrx_word' id='word_1_121' title='bbox 830 957 1032 1004; x_wconf 78' lang='lat' dir='ltr'>habent.</span> <span class='ocrx_word' id='word_1_122' title='bbox 1054 971 1131 1003; x_wconf 92' lang='lat' dir='ltr'>aut</span> <span class='ocrx_word' id='word_1_123' title='bbox 1153 959 1182 1004; x_wconf 80' lang='lat' dir='ltr'>st</span> <span class='ocrx_word' id='word_1_124' title='bbox 1205 957 1318 1019; x_wconf 88' lang='lat' dir='ltr'>quid</span> <span class='ocrx_word' id='word_1_125' title='bbox 1342 959 1392 1004; x_wconf 79' lang='lat' dir='ltr'>stt</span> <span class='ocrx_word' id='word_1_126' title='bbox 1412 959 1576 1013; x_wconf 84' lang='lat' dir='ltr'>carnis,</span> <span class='ocrx_word' id='word_1_127' title='bbox 1593 960 1641 1005; x_wconf 90' lang='lat' dir='ltr'>id</span> <span class='ocrx_word' id='word_1_128' title='bbox 1666 961 1782 1005; x_wconf 88' lang='lat' dir='ltr'>adeo</span> <span class='ocrx_word' id='word_1_129' title='bbox 1804 959 1953 1006; x_wconf 89' lang='lat' dir='ltr'>insua-</span> 
     </span>
     <span class='ocr_line' id='line_1_14' title="bbox 110 1021 1950 1095; baseline 0 -25"><span class='ocrx_word' id='word_1_130' title='bbox 110 1028 114 1029; x_wconf 63' lang='grc'>’</span> <span class='ocrx_word' id='word_1_131' title='bbox 159 1039 217 1070; x_wconf 90' lang='lat' dir='ltr'>ve</span> <span class='ocrx_word' id='word_1_132' title='bbox 240 1025 318 1080; x_wconf 84' lang='lat' dir='ltr'>est,</span> <span class='ocrx_word' id='word_1_133' title='bbox 337 1036 385 1069; x_wconf 83' lang='lat' dir='ltr'>ut</span> <span class='ocrx_word' id='word_1_134' title='bbox 407 1040 542 1068; x_wconf 86' lang='lat' dir='ltr'>nemo</span> <span class='ocrx_word' id='word_1_135' title='bbox 561 1021 774 1084; x_wconf 80' lang='lat' dir='ltr'>attingat,</span> <span class='ocrx_word' id='word_1_136' title='bbox 796 1021 876 1067; x_wconf 76' lang='lat' dir='ltr'>nisi</span> <span class='ocrx_word' id='word_1_137' title='bbox 899 1021 945 1067; x_wconf 89' lang='lat' dir='ltr'>in</span> <span class='ocrx_word' id='word_1_138' title='bbox 967 1035 1173 1067; x_wconf 85' lang='lat' dir='ltr'>extremo</span> <span class='ocrx_word' id='word_1_139' title='bbox 1193 1021 1325 1067; x_wconf 83' lang='lat' dir='ltr'>famis</span> <span class='ocrx_word' id='word_1_140' title='bbox 1346 1022 1565 1095; x_wconf 52' lang='lat' dir='ltr'>periculo:</span> <span class='ocrx_word' id='word_1_141' title='bbox 1605 1022 1792 1069; x_wconf 84' lang='lat' dir='ltr'>Deinde</span> <span class='ocrx_word' id='word_1_142' title='bbox 1804 1039 1950 1086; x_wconf 88' lang='lat' dir='ltr'>prope</span> 
     </span>
     <span class='ocr_line' id='line_1_15' title="bbox 160 1084 1950 1150; baseline 0 -16"><span class='ocrx_word' id='word_1_143' title='bbox 160 1089 325 1134; x_wconf 87' lang='lat' dir='ltr'>eodem</span> <span class='ocrx_word' id='word_1_144' title='bbox 349 1089 492 1134; x_wconf 69' lang='lat' dir='ltr'>tra&amp;u</span> <span class='ocrx_word' id='word_1_145' title='bbox 515 1085 701 1150; x_wconf 82' lang='lat' dir='ltr'>propius</span> <span class='ocrx_word' id='word_1_146' title='bbox 722 1085 1242 1148; x_wconf 84' lang='lat' dir='ltr'>septentrionemjacent</span> <span class='ocrx_word' id='word_1_147' title='bbox 1257 1085 1526 1141; x_wconf 81' lang='lat' dir='ltr'>Garvellan,</span> <span class='ocrx_word' id='word_1_148' title='bbox 1548 1085 1596 1133; x_wconf 88' lang='lat' dir='ltr'>id</span> <span class='ocrx_word' id='word_1_149' title='bbox 1620 1088 1681 1133; x_wconf 85' lang='lat' dir='ltr'>est</span> <span class='ocrx_word' id='word_1_150' title='bbox 1702 1084 1888 1150; x_wconf 89' lang='lat' dir='ltr'>aspera</span> <span class='ocrx_word' id='word_1_151' title='bbox 1875 1105 1950 1135; x_wconf 77' lang='lat' dir='ltr'>ln-</span> 
     </span>
     <span class='ocr_line' id='line_1_16' title="bbox 147 1149 1947 1217; baseline 0 -18"><span class='ocrx_word' id='word_1_152' title='bbox 147 1153 317 1211; x_wconf 50' lang='grc' dir='ltr'>κ13313</span> <span class='ocrx_word' id='word_1_153' title='bbox 366 1153 425 1198; x_wconf 64' lang='lat' dir='ltr'>L?</span> <span class='ocrx_word' id='word_1_154' title='bbox 420 1152 558 1207; x_wconf 89' lang='lat' dir='ltr'>mba‚</span> <span class='ocrx_word' id='word_1_155' title='bbox 579 1155 620 1198; x_wconf 66' lang='lat' dir='ltr'>&amp;c</span> <span class='ocrx_word' id='word_1_156' title='bbox 647 1149 812 1204; x_wconf 74' lang='lat' dir='ltr'>Flada,</span> <span class='ocrx_word' id='word_1_157' title='bbox 830 1155 875 1199; x_wconf 68' lang='grc' dir='ltr'>δί</span> <span class='ocrx_word' id='word_1_158' title='bbox 902 1150 1102 1206; x_wconf 81' lang='lat' dir='ltr'>Kenasa,</span> <span class='ocrx_word' id='word_1_159' title='bbox 1127 1154 1172 1198; x_wconf 74' lang='grc' dir='ltr'>ὅ(</span> <span class='ocrx_word' id='word_1_160' title='bbox 1199 1151 1395 1197; x_wconf 86' lang='lat' dir='ltr'>Bernera</span> <span class='ocrx_word' id='word_1_161' title='bbox 1417 1167 1573 1213; x_wconf 85' lang='lat' dir='ltr'>parva,</span> <span class='ocrx_word' id='word_1_162' title='bbox 1602 1153 1795 1198; x_wconf 85' lang='lat' dir='ltr'>Bernera</span> <span class='ocrx_word' id='word_1_163' title='bbox 1818 1163 1947 1217; x_wconf 83' lang='lat' dir='ltr'>mag-</span> 
     </span>
     <span class='ocr_line' id='line_1_17' title="bbox 162 1215 1952 1288; baseline -0.001 -25"><span class='ocrx_word' id='word_1_164' title='bbox 162 1235 239 1272; x_wconf 83' lang='lat' dir='ltr'>na,</span> <span class='ocrx_word' id='word_1_165' title='bbox 264 1223 303 1264; x_wconf 86' lang='lat'>&amp;</span> <span class='ocrx_word' id='word_1_166' title='bbox 328 1216 478 1271; x_wconf 59' lang='lat' dir='ltr'>Rima,</span> <span class='ocrx_word' id='word_1_167' title='bbox 503 1223 547 1265; x_wconf 58' lang='lat' dir='ltr'>&amp;a</span> <span class='ocrx_word' id='word_1_168' title='bbox 575 1217 702 1275; x_wconf 87' lang='lat' dir='ltr'>Buya</span> <span class='ocrx_word' id='word_1_169' title='bbox 720 1231 875 1278; x_wconf 82' lang='lat' dir='ltr'>parva,</span> <span class='ocrx_word' id='word_1_170' title='bbox 901 1219 946 1263; x_wconf 76' lang='grc' dir='ltr'>ὅτ</span> <span class='ocrx_word' id='word_1_171' title='bbox 972 1216 1098 1277; x_wconf 86' lang='lat' dir='ltr'>Buya</span> <span class='ocrx_word' id='word_1_172' title='bbox 1122 1230 1307 1288; x_wconf 74' lang='lat' dir='ltr'>magna,</span> <span class='ocrx_word' id='word_1_173' title='bbox 1331 1221 1372 1261; x_wconf 63' lang='grc' dir='ltr'>ὅ(</span> <span class='ocrx_word' id='word_1_174' title='bbox 1402 1215 1597 1271; x_wconf 83' lang='lat' dir='ltr'>Vexaia,</span> <span class='ocrx_word' id='word_1_175' title='bbox 1622 1222 1664 1263; x_wconf 72' lang='grc' dir='ltr'>δε</span> <span class='ocrx_word' id='word_1_176' title='bbox 1689 1216 1872 1272; x_wconf 86' lang='lat' dir='ltr'>Pabaia,</span> <span class='ocrx_word' id='word_1_177' title='bbox 1902 1223 1952 1266; x_wconf 47' lang='grc' dir='ltr'>ι’</span> 
     </span>
     <span class='ocr_line' id='line_1_18' title="bbox 164 1278 1950 1345; baseline -0.001 -17"><span class='ocrx_word' id='word_1_178' title='bbox 164 1281 372 1345; x_wconf 79' lang='lat' dir='ltr'>Sigrama</span> <span class='ocrx_word' id='word_1_179' title='bbox 395 1298 579 1345; x_wconf 84' lang='lat' dir='ltr'>magna,</span> <span class='ocrx_word' id='word_1_180' title='bbox 593 1278 892 1326; x_wconf 87' lang='lat' dir='ltr'>Cunicularia</span> <span class='ocrx_word' id='word_1_181' title='bbox 904 1278 962 1325; x_wconf 92' lang='lat' dir='ltr'>ab</span> <span class='ocrx_word' id='word_1_182' title='bbox 977 1297 1073 1340; x_wconf 76' lang='lat' dir='ltr'>ejus</span> <span class='ocrx_word' id='word_1_183' title='bbox 1087 1278 1296 1326; x_wconf 86' lang='lat' dir='ltr'>animalis</span> <span class='ocrx_word' id='word_1_184' title='bbox 1311 1278 1584 1327; x_wconf 84' lang='lat' dir='ltr'>foecunditat</span> <span class='ocrx_word' id='word_1_185' title='bbox 1588 1298 1612 1326; x_wconf 91' lang='lat' dir='ltr'>e</span> <span class='ocrx_word' id='word_1_186' title='bbox 1629 1295 1808 1336; x_wconf 89' lang='lat' dir='ltr'>vocata,</span> <span class='ocrx_word' id='word_1_187' title='bbox 1824 1288 1863 1328; x_wconf 69' lang='grc' dir='ltr'>δε</span> <span class='ocrx_word' id='word_1_188' title='bbox 1880 1279 1950 1328; x_wconf 89' lang='lat' dir='ltr'>Si-</span> 
     </span>
     <span class='ocr_line' id='line_1_19' title="bbox 161 1343 1950 1419; baseline 0.001 -27"><span class='ocrx_word' id='word_1_189' title='bbox 161 1363 321 1407; x_wconf 71' lang='lat' dir='ltr'>grama</span> <span class='ocrx_word' id='word_1_190' title='bbox 354 1363 494 1419; x_wconf 77' lang='lat' dir='ltr'>arva,</span> <span class='ocrx_word' id='word_1_191' title='bbox 525 1351 559 1380; x_wconf 51' lang='grc' dir='ltr'><strong>ἱ</strong></span> <span class='ocrx_word' id='word_1_192' title='bbox 592 1347 913 1408; x_wconf 75' lang='lat' dir='ltr'>Pygmaeorum</span> <span class='ocrx_word' id='word_1_193' title='bbox 949 1343 1109 1390; x_wconf 85' lang='lat' dir='ltr'>insula.</span> <span class='ocrx_word' id='word_1_194' title='bbox 1179 1345 1231 1391; x_wconf 94' lang='lat' dir='ltr'>In</span> <span class='ocrx_word' id='word_1_195' title='bbox 1254 1344 1340 1390; x_wconf 91' lang='lat' dir='ltr'>hac</span> <span class='ocrx_word' id='word_1_196' title='bbox 1362 1344 1519 1391; x_wconf 87' lang='lat' dir='ltr'>fanum</span> <span class='ocrx_word' id='word_1_197' title='bbox 1543 1346 1621 1399; x_wconf 91' lang='lat' dir='ltr'>est,</span> <span class='ocrx_word' id='word_1_198' title='bbox 1663 1345 1709 1392; x_wconf 85' lang='lat' dir='ltr'>in</span> <span class='ocrx_word' id='word_1_199' title='bbox 1735 1361 1829 1407; x_wconf 78' lang='lat' dir='ltr'>quo</span> <span class='ocrx_word' id='word_1_200' title='bbox 1853 1363 1950 1393; x_wconf 81' lang='lat' dir='ltr'>cre-</span> 
     </span>
     <span class='ocr_line' id='line_1_20' title="bbox 161 1408 1949 1474; baseline -0.001 -16"><span class='ocrx_word' id='word_1_201' title='bbox 161 1411 279 1458; x_wconf 89' lang='lat' dir='ltr'>dunt</span> <span class='ocrx_word' id='word_1_202' title='bbox 300 1410 441 1457; x_wconf 87' lang='lat' dir='ltr'>vicini</span> <span class='ocrx_word' id='word_1_203' title='bbox 464 1410 625 1473; x_wconf 87' lang='lat' dir='ltr'>populi</span> <span class='ocrx_word' id='word_1_204' title='bbox 646 1410 756 1455; x_wconf 75' lang='lat' dir='ltr'>olim</span> <span class='ocrx_word' id='word_1_205' title='bbox 790 1409 860 1472; x_wconf 85' lang='lat'>(4)</span> <span class='ocrx_word' id='word_1_206' title='bbox 886 1410 1126 1474; x_wconf 70' lang='lat' dir='ltr'>Pygmaeos</span> <span class='ocrx_word' id='word_1_207' title='bbox 1151 1408 1277 1455; x_wconf 82' lang='lat' dir='ltr'>fuiffe</span> <span class='ocrx_word' id='word_1_208' title='bbox 1300 1409 1530 1456; x_wconf 84' lang='lat' dir='ltr'>humatos.</span> <span class='ocrx_word' id='word_1_209' title='bbox 1580 1409 1744 1457; x_wconf 89' lang='lat' dir='ltr'>Multi</span> <span class='ocrx_word' id='word_1_210' title='bbox 1768 1425 1949 1458; x_wconf 79' lang='lat' dir='ltr'>extero·</span> 
     </span>
     <span class='ocr_line' id='line_1_21' title="bbox 160 1473 1950 1546; baseline -0.001 -23"><span class='ocrx_word' id='word_1_211' title='bbox 160 1493 261 1523; x_wconf 87' lang='lat' dir='ltr'>rum</span> <span class='ocrx_word' id='word_1_212' title='bbox 283 1489 402 1523; x_wconf 85' lang='lat' dir='ltr'>terra</span> <span class='ocrx_word' id='word_1_213' title='bbox 423 1475 554 1521; x_wconf 88' lang='lat' dir='ltr'>altius</span> <span class='ocrx_word' id='word_1_214' title='bbox 578 1474 729 1520; x_wconf 75' lang='lat' dir='ltr'>effossa</span> <span class='ocrx_word' id='word_1_215' title='bbox 750 1488 1033 1536; x_wconf 69' lang='lat' dir='ltr'>repererunt,</span> <span class='ocrx_word' id='word_1_216' title='bbox 1055 1479 1096 1520; x_wconf 86' lang='lat'>&amp;</span> <span class='ocrx_word' id='word_1_217' title='bbox 1119 1473 1270 1520; x_wconf 87' lang='lat' dir='ltr'>adhue</span> <span class='ocrx_word' id='word_1_218' title='bbox 1292 1474 1643 1546; x_wconf 86' lang='lat' dir='ltr'>deprehendunt</span> <span class='ocrx_word' id='word_1_219' title='bbox 1665 1475 1815 1537; x_wconf 80' lang='lat' dir='ltr'>capita</span> <span class='ocrx_word' id='word_1_220' title='bbox 1845 1493 1950 1538; x_wconf 88' lang='lat' dir='ltr'>par-</span> 
     </span>
     <span class='ocr_line' id='line_1_22' title="bbox 160 1537 1950 1601; baseline 0 -15"><span class='ocrx_word' id='word_1_221' title='bbox 160 1557 234 1593; x_wconf 84' lang='lat' dir='ltr'>va,</span> <span class='ocrx_word' id='word_1_222' title='bbox 260 1545 306 1590; x_wconf 72' lang='grc' dir='ltr'>ὅ(</span> <span class='ocrx_word' id='word_1_223' title='bbox 332 1541 547 1595; x_wconf 86' lang='lat' dir='ltr'>rotunda,</span> <span class='ocrx_word' id='word_1_224' title='bbox 588 1538 809 1585; x_wconf 81' lang='lat' dir='ltr'>aliarum</span> <span class='ocrx_word' id='word_1_225' title='bbox 805 1555 874 1590; x_wconf 90' lang='lat' dir='ltr'>ue</span> <span class='ocrx_word' id='word_1_226' title='bbox 896 1538 1100 1600; x_wconf 83' lang='lat' dir='ltr'>corporis</span> <span class='ocrx_word' id='word_1_227' title='bbox 1139 1537 1330 1584; x_wconf 88' lang='lat' dir='ltr'>humani</span> <span class='ocrx_word' id='word_1_228' title='bbox 1361 1539 1558 1601; x_wconf 84' lang='lat' dir='ltr'>partium</span> <span class='ocrx_word' id='word_1_229' title='bbox 1594 1539 1791 1594; x_wconf 83' lang='lat' dir='ltr'>officula,</span> <span class='ocrx_word' id='word_1_230' title='bbox 1833 1539 1950 1586; x_wconf 90' lang='lat' dir='ltr'>nihil</span> 
     </span>
     <span class='ocr_line' id='line_1_23' title="bbox 162 1602 1979 1672; baseline 0.001 -21"><span class='ocrx_word' id='word_1_231' title='bbox 162 1605 298 1652; x_wconf 80' lang='lat' dir='ltr'>famae</span> <span class='ocrx_word' id='word_1_232' title='bbox 319 1605 501 1651; x_wconf 87' lang='lat' dir='ltr'>vetustae</span> <span class='ocrx_word' id='word_1_233' title='bbox 523 1603 931 1672; x_wconf 84' lang='lat' dir='ltr'>derogantia.1n</span> <span class='ocrx_word' id='word_1_234' title='bbox 955 1619 1011 1649; x_wconf 87' lang='lat' dir='ltr'>eo</span> <span class='ocrx_word' id='word_1_235' title='bbox 1032 1602 1167 1650; x_wconf 86' lang='lat' dir='ltr'>litore</span> <span class='ocrx_word' id='word_1_236' title='bbox 1186 1603 1334 1666; x_wconf 88' lang='lat' dir='ltr'>Leogi</span> <span class='ocrx_word' id='word_1_237' title='bbox 1353 1603 1528 1660; x_wconf 85' lang='lat' dir='ltr'>insulae‚</span> <span class='ocrx_word' id='word_1_238' title='bbox 1554 1605 1679 1666; x_wconf 90' lang='lat' dir='ltr'>quod</span> <span class='ocrx_word' id='word_1_239' title='bbox 1722 1604 1769 1650; x_wconf 91' lang='lat' dir='ltr'>in</span> <span class='ocrx_word' id='word_1_240' title='bbox 1794 1604 1947 1652; x_wconf 89' lang='lat' dir='ltr'>orien-</span> <span class='ocrx_word' id='word_1_241' title='bbox 1972 1650 1979 1656; x_wconf 80' lang='grc'>,</span> 
     </span>
     <span class='ocr_line' id='line_1_24' title="bbox 163 1667 1951 1731; baseline 0.001 -14"><span class='ocrx_word' id='word_1_242' title='bbox 163 1683 256 1717; x_wconf 79' lang='lat' dir='ltr'>tem</span> <span class='ocrx_word' id='word_1_243' title='bbox 292 1671 537 1717; x_wconf 88' lang='lat' dir='ltr'>hibernum</span> <span class='ocrx_word' id='word_1_244' title='bbox 558 1668 726 1731; x_wconf 62' lang='lat' dir='ltr'>spec&#39;tat</span> <span class='ocrx_word' id='word_1_245' title='bbox 756 1679 849 1714; x_wconf 76' lang='lat' dir='ltr'>cluo</span> <span class='ocrx_word' id='word_1_246' title='bbox 872 1668 988 1714; x_wconf 86' lang='lat' dir='ltr'>finus</span> <span class='ocrx_word' id='word_1_247' title='bbox 1015 1667 1149 1715; x_wconf 88' lang='lat' dir='ltr'>maris</span> <span class='ocrx_word' id='word_1_248' title='bbox 1171 1668 1219 1714; x_wconf 90' lang='lat' dir='ltr'>in</span> <span class='ocrx_word' id='word_1_249' title='bbox 1244 1681 1411 1715; x_wconf 87' lang='lat' dir='ltr'>terram</span> <span class='ocrx_word' id='word_1_250' title='bbox 1445 1669 1727 1731; x_wconf 85' lang='lat' dir='ltr'>irrumpunt,</span> <span class='ocrx_word' id='word_1_251' title='bbox 1751 1685 1951 1731; x_wconf 84' lang='lat' dir='ltr'>quorum</span> 
     </span>
     <span class='ocr_line' id='line_1_25' title="bbox 163 1732 1946 1796; baseline 0.001 -15"><span class='ocrx_word' id='word_1_252' title='bbox 163 1736 358 1782; x_wconf 88' lang='lat' dir='ltr'>alterum</span> <span class='ocrx_word' id='word_1_253' title='bbox 377 1737 527 1782; x_wconf 88' lang='lat' dir='ltr'>lacum</span> <span class='ocrx_word' id='word_1_254' title='bbox 549 1733 924 1787; x_wconf 83' lang='lat' dir='ltr'>Meridionalem,</span> <span class='ocrx_word' id='word_1_255' title='bbox 947 1734 1138 1779; x_wconf 79' lang='lat' dir='ltr'>alterum</span> <span class='ocrx_word' id='word_1_256' title='bbox 1162 1732 1575 1796; x_wconf 84' lang='lat' dir='ltr'>Septentrionalem</span> <span class='ocrx_word' id='word_1_257' title='bbox 1594 1746 1776 1780; x_wconf 85' lang='lat' dir='ltr'>vocant.</span> <span class='ocrx_word' id='word_1_258' title='bbox 1804 1733 1853 1782; x_wconf 89' lang='lat' dir='ltr'><strong>U</strong></span> <span class='ocrx_word' id='word_1_259' title='bbox 1858 1747 1946 1782; x_wconf 87' lang='lat' dir='ltr'>ter-</span> 
     </span>
     <span class='ocr_line' id='line_1_26' title="bbox 163 1797 1949 1862; baseline 0 -16"><span class='ocrx_word' id='word_1_260' title='bbox 163 1816 255 1862; x_wconf 85' lang='lat' dir='ltr'>que</span> <span class='ocrx_word' id='word_1_261' title='bbox 280 1813 378 1846; x_wconf 85' lang='lat' dir='ltr'>toto</span> <span class='ocrx_word' id='word_1_262' title='bbox 401 1815 521 1846; x_wconf 89' lang='lat' dir='ltr'>anno</span> <span class='ocrx_word' id='word_1_263' title='bbox 541 1797 681 1862; x_wconf 84' lang='lat' dir='ltr'>pisces</span> <span class='ocrx_word' id='word_1_264' title='bbox 705 1798 887 1844; x_wconf 87' lang='lat' dir='ltr'>abunde</span> <span class='ocrx_word' id='word_1_265' title='bbox 909 1797 1200 1860; x_wconf 81' lang='lat' dir='ltr'>captantibus</span> <span class='ocrx_word' id='word_1_266' title='bbox 1224 1798 1497 1862; x_wconf 82' lang='lat' dir='ltr'>suppeditat.</span> <span class='ocrx_word' id='word_1_267' title='bbox 1566 1799 1637 1845; x_wconf 86' lang='lat' dir='ltr'>Ex</span> <span class='ocrx_word' id='word_1_268' title='bbox 1658 1798 1949 1846; x_wconf 83' lang='lat' dir='ltr'>eodemlito-</span> 
     </span>
     <span class='ocr_line' id='line_1_27' title="bbox 163 1861 1946 1928; baseline 0.001 -19"><span class='ocrx_word' id='word_1_269' title='bbox 163 1881 211 1911; x_wconf 86' lang='lat' dir='ltr'>re</span> <span class='ocrx_word' id='word_1_270' title='bbox 232 1864 378 1928; x_wconf 84' lang='lat' dir='ltr'>Leogi</span> <span class='ocrx_word' id='word_1_271' title='bbox 402 1863 548 1926; x_wconf 82' lang='lat' dir='ltr'>magis</span> <span class='ocrx_word' id='word_1_272' title='bbox 572 1864 626 1909; x_wconf 88' lang='lat' dir='ltr'>ad</span> <span class='ocrx_word' id='word_1_273' title='bbox 652 1862 890 1910; x_wconf 82' lang='lat' dir='ltr'><strong>meridiem</strong></span> <span class='ocrx_word' id='word_1_274' title='bbox 915 1861 1067 1923; x_wconf 78' lang='lat' dir='ltr'>vergit</span> <span class='ocrx_word' id='word_1_275' title='bbox 1098 1862 1307 1910; x_wconf 87' lang='lat' dir='ltr'>Fabilla:</span> <span class='ocrx_word' id='word_1_276' title='bbox 1358 1863 1526 1910; x_wconf 86' lang='lat' dir='ltr'>deinde</span> <span class='ocrx_word' id='word_1_277' title='bbox 1561 1863 1731 1910; x_wconf 86' lang='lat' dir='ltr'>Adami</span> <span class='ocrx_word' id='word_1_278' title='bbox 1764 1863 1946 1913; x_wconf 85' lang='lat' dir='ltr'>insula:</span> 
     </span>
     <span class='ocr_line' id='line_1_28' title="bbox 163 1927 1945 2018; baseline -0.001 -42"><span class='ocrx_word' id='word_1_279' title='bbox 163 1929 332 1976; x_wconf 81' lang='lat' dir='ltr'>deinde</span> <span class='ocrx_word' id='word_1_280' title='bbox 356 1928 500 1975; x_wconf 86' lang='lat' dir='ltr'>insula</span> <span class='ocrx_word' id='word_1_281' title='bbox 527 1930 786 1991; x_wconf 77' lang='lat' dir='ltr'>Agnorum.</span> <span class='ocrx_word' id='word_1_282' title='bbox 819 1930 937 1975; x_wconf 86' lang='lat' dir='ltr'>lt-em</span> <span class='ocrx_word' id='word_1_283' title='bbox 970 1929 1225 2018; x_wconf 80' lang='lat' dir='ltr'>Hulmena‚</span> <span class='ocrx_word' id='word_1_284' title='bbox 1247 1936 1295 1974; x_wconf 51' lang='lat' dir='ltr'>‘Sc</span> <span class='ocrx_word' id='word_1_285' title='bbox 1333 1927 1582 1982; x_wconf 84' lang='lat' dir='ltr'>Viccoilla,</span> <span class='ocrx_word' id='word_1_286' title='bbox 1610 1933 1653 1976; x_wconf 61' lang='grc' dir='ltr'>ὀ.-</span> <span class='ocrx_word' id='word_1_287' title='bbox 1693 1929 1945 1984; x_wconf 87' lang='lat' dir='ltr'>Haverera,</span> 
     </span>
     <span class='ocr_line' id='line_1_29' title="bbox 163 1992 1951 2053; baseline 0.001 -13"><span class='ocrx_word' id='word_1_288' title='bbox 163 1998 208 2041; x_wconf 60' lang='grc' dir='ltr'>δί</span> <span class='ocrx_word' id='word_1_289' title='bbox 229 1995 428 2049; x_wconf 80' lang='lat' dir='ltr'>Laxa,</span> <span class='ocrx_word' id='word_1_290' title='bbox 471 1995 574 2047; x_wconf 76' lang='lat' dir='ltr'>Era,</span> <span class='ocrx_word' id='word_1_291' title='bbox 596 1998 635 2039; x_wconf 67' lang='grc' dir='ltr'>δε</span> <span class='ocrx_word' id='word_1_292' title='bbox 659 1992 752 2038; x_wconf 70' lang='lat' dir='ltr'>inst</span> <span class='ocrx_word' id='word_1_293' title='bbox 761 1995 804 2038; x_wconf 83' lang='lat' dir='ltr'>la</span> <span class='ocrx_word' id='word_1_294' title='bbox 827 1994 913 2039; x_wconf 79' lang='lat' dir='ltr'>Co&#39;.</span> <span class='ocrx_word' id='word_1_295' title='bbox 922 1992 1097 2046; x_wconf 67' lang='lat' dir='ltr'>umbi,</span> <span class='ocrx_word' id='word_1_296' title='bbox 1093 2012 1130 2036; x_wconf 59' lang='lat' dir='ltr'>x:</span> <span class='ocrx_word' id='word_1_297' title='bbox 1165 1994 1381 2047; x_wconf 72' lang='lat' dir='ltr'>Tora‚&amp;</span> <span class='ocrx_word' id='word_1_298' title='bbox 1412 1993 1590 2047; x_wconf 85' lang='lat' dir='ltr'>Iffurta,</span> <span class='ocrx_word' id='word_1_299' title='bbox 1620 1996 1664 2039; x_wconf 71' lang='grc' dir='ltr'>δε</span> <span class='ocrx_word' id='word_1_300' title='bbox 1693 1993 1871 2053; x_wconf 83' lang='lat' dir='ltr'>Scalpa,</span> <span class='ocrx_word' id='word_1_301' title='bbox 1898 1998 1951 2042; x_wconf 72' lang='grc' dir='ltr'>δί</span> 
     </span>
     <span class='ocr_line' id='line_1_30' title="bbox 161 2056 1946 2119; baseline -0.001 -15"><span class='ocrx_word' id='word_1_302' title='bbox 161 2058 322 2114; x_wconf 85' lang='lat' dir='ltr'>Flada,</span> <span class='ocrx_word' id='word_1_303' title='bbox 343 2064 383 2107; x_wconf 70' lang='grc' dir='ltr'>ἃ</span> <span class='ocrx_word' id='word_1_304' title='bbox 409 2060 555 2105; x_wconf 89' lang='lat' dir='ltr'>Seuta</span> <span class='ocrx_word' id='word_1_305' title='bbox 595 2058 671 2104; x_wconf 83' lang='lat' dir='ltr'>Ad</span> <span class='ocrx_word' id='word_1_306' title='bbox 692 2057 914 2104; x_wconf 84' lang='lat' dir='ltr'>orientale</span> <span class='ocrx_word' id='word_1_307' title='bbox 932 2058 1053 2103; x_wconf 83' lang='lat' dir='ltr'>latus</span> <span class='ocrx_word' id='word_1_308' title='bbox 1075 2058 1209 2119; x_wconf 86' lang='lat' dir='ltr'>hujus</span> <span class='ocrx_word' id='word_1_309' title='bbox 1228 2056 1415 2103; x_wconf 81' lang='lat' dir='ltr'>insulae</span> <span class='ocrx_word' id='word_1_310' title='bbox 1404 2070 1490 2104; x_wconf 81' lang='lat' dir='ltr'>iter</span> <span class='ocrx_word' id='word_1_311' title='bbox 1504 2058 1562 2103; x_wconf 86' lang='lat' dir='ltr'>est</span> <span class='ocrx_word' id='word_1_312' title='bbox 1586 2056 1946 2112; x_wconf 83' lang='lat' dir='ltr'>subterraneum,</span> 
     </span>
     <span class='ocr_line' id='line_1_31' title="bbox 164 2121 1951 2190; baseline 0 -22"><span class='ocrx_word' id='word_1_313' title='bbox 164 2123 353 2185; x_wconf 81' lang='lat' dir='ltr'>superne</span> <span class='ocrx_word' id='word_1_314' title='bbox 377 2122 672 2173; x_wconf 86' lang='lat' dir='ltr'>fornicatum,</span> <span class='ocrx_word' id='word_1_315' title='bbox 695 2124 886 2190; x_wconf 72' lang='lat' dir='ltr'>loncrum</span> <span class='ocrx_word' id='word_1_316' title='bbox 908 2123 1027 2168; x_wconf 80' lang='lat' dir='ltr'>ultra</span> <span class='ocrx_word' id='word_1_317' title='bbox 1041 2122 1215 2182; x_wconf 74' lang='lat' dir='ltr'>jactum</span> <span class='ocrx_word' id='word_1_318' title='bbox 1238 2121 1429 2184; x_wconf 66' lang='lat' dir='ltr'>sagittae,</span> <span class='ocrx_word' id='word_1_319' title='bbox 1454 2121 1535 2168; x_wconf 92' lang='lat' dir='ltr'>sub</span> <span class='ocrx_word' id='word_1_320' title='bbox 1555 2138 1695 2185; x_wconf 80' lang='lat' dir='ltr'>quam</span> <span class='ocrx_word' id='word_1_321' title='bbox 1722 2123 1793 2187; x_wconf 72' lang='lat'>(5)</span> <span class='ocrx_word' id='word_1_322' title='bbox 1814 2138 1951 2187; x_wconf 80' lang='lat' dir='ltr'>chp-</span> 
     </span>
     <span class='ocr_line' id='line_1_32' title="bbox 164 2185 1947 2249; baseline 0.001 -17"><span class='ocrx_word' id='word_1_323' title='bbox 164 2199 256 2233; x_wconf 85' lang='lat' dir='ltr'>tam</span> <span class='ocrx_word' id='word_1_324' title='bbox 277 2187 502 2234; x_wconf 70' lang='lat' dir='ltr'>navicula:</span> <span class='ocrx_word' id='word_1_325' title='bbox 522 2185 717 2233; x_wconf 85' lang='lat' dir='ltr'>minoris</span> <span class='ocrx_word' id='word_1_326' title='bbox 734 2187 864 2241; x_wconf 84' lang='lat' dir='ltr'>velis,</span> <span class='ocrx_word' id='word_1_327' title='bbox 883 2201 960 2232; x_wconf 88' lang='lat' dir='ltr'>aut</span> <span class='ocrx_word' id='word_1_328' title='bbox 978 2185 1112 2232; x_wconf 86' lang='lat' dir='ltr'>remis</span> <span class='ocrx_word' id='word_1_329' title='bbox 1136 2186 1212 2249; x_wconf 85' lang='lat' dir='ltr'>agi</span> <span class='ocrx_word' id='word_1_330' title='bbox 1233 2187 1393 2240; x_wconf 87' lang='lat' dir='ltr'>solent,</span> <span class='ocrx_word' id='word_1_331' title='bbox 1420 2187 1532 2232; x_wconf 88' lang='lat' dir='ltr'>dum</span> <span class='ocrx_word' id='word_1_332' title='bbox 1556 2187 1743 2249; x_wconf 80' lang='lat' dir='ltr'>fugiunt</span> <span class='ocrx_word' id='word_1_333' title='bbox 1763 2187 1947 2235; x_wconf 88' lang='lat' dir='ltr'>violen</span> 
     </span>
     <span class='ocr_line' id='line_1_33' title="bbox 163 2251 1945 2326; baseline 0.001 -29"><span class='ocrx_word' id='word_1_334' title='bbox 163 2251 276 2298; x_wconf 79' lang='lat' dir='ltr'>tiam</span> <span class='ocrx_word' id='word_1_335' title='bbox 299 2253 423 2298; x_wconf 76' lang='lat' dir='ltr'>aestus</span> <span class='ocrx_word' id='word_1_336' title='bbox 430 2286 442 2307; x_wconf 93' lang='lat'>,</span> <span class='ocrx_word' id='word_1_337' title='bbox 482 2269 527 2314; x_wconf 91' lang='lat' dir='ltr'>q</span> <span class='ocrx_word' id='word_1_338' title='bbox 521 2252 564 2298; x_wconf 82' lang='lat' dir='ltr'>1i</span> <span class='ocrx_word' id='word_1_339' title='bbox 601 2251 659 2298; x_wconf 87' lang='lat' dir='ltr'>ad</span> <span class='ocrx_word' id='word_1_340' title='bbox 693 2251 1009 2315; x_wconf 62' lang='lat' dir='ltr'>propinquum</span> <span class='ocrx_word' id='word_1_341' title='bbox 1034 2252 1403 2313; x_wconf 84' lang='lat' dir='ltr'>promontorium</span> <span class='ocrx_word' id='word_1_342' title='bbox 1427 2268 1597 2326; x_wconf 87' lang='lat' dir='ltr'>magno</span> <span class='ocrx_word' id='word_1_343' title='bbox 1614 2265 1719 2297; x_wconf 88' lang='lat' dir='ltr'>cum</span> <span class='ocrx_word' id='word_1_344' title='bbox 1745 2251 1945 2314; x_wconf 80' lang='lat' dir='ltr'>fragore,</span> 
     </span>
     <span class='ocr_line' id='line_1_34' title="bbox 165 2313 1950 2381; baseline 0 -19"><span class='ocrx_word' id='word_1_345' title='bbox 165 2317 537 2381; x_wconf 83' lang='lat' dir='ltr'>&amp;navigantium</span> <span class='ocrx_word' id='word_1_346' title='bbox 557 2315 765 2379; x_wconf 74' lang='lat' dir='ltr'>periculo</span> <span class='ocrx_word' id='word_1_347' title='bbox 783 2323 864 2362; x_wconf 61' lang='lat' dir='ltr'>iaev</span> <span class='ocrx_word' id='word_1_348' title='bbox 871 2331 922 2363; x_wconf 92' lang='lat' dir='ltr'>1t</span> <span class='ocrx_word' id='word_1_349' title='bbox 977 2315 1133 2379; x_wconf 81' lang='lat' dir='ltr'>Magis</span> <span class='ocrx_word' id='word_1_350' title='bbox 1156 2316 1212 2362; x_wconf 91' lang='lat' dir='ltr'>ad</span> <span class='ocrx_word' id='word_1_351' title='bbox 1235 2315 1462 2363; x_wconf 87' lang='lat' dir='ltr'>orientem</span> <span class='ocrx_word' id='word_1_352' title='bbox 1482 2315 1605 2378; x_wconf 78' lang='lat' dir='ltr'>jacet</span> <span class='ocrx_word' id='word_1_353' title='bbox 1624 2313 1786 2372; x_wconf 87' lang='lat' dir='ltr'>insula,</span> <span class='ocrx_word' id='word_1_354' title='bbox 1807 2331 1950 2378; x_wconf 85' lang='lat' dir='ltr'>quarn</span> 
     </span>
     <span class='ocr_line' id='line_1_35' title="bbox 164 2379 1949 2454; baseline -0.001 -27"><span class='ocrx_word' id='word_1_355' title='bbox 164 2382 405 2428; x_wconf 86' lang='lat' dir='ltr'>Vetustum</span> <span class='ocrx_word' id='word_1_356' title='bbox 431 2381 679 2428; x_wconf 84' lang='lat' dir='ltr'>Castellum</span> <span class='ocrx_word' id='word_1_357' title='bbox 713 2382 966 2444; x_wconf 86' lang='lat' dir='ltr'>appellant,</span> <span class='ocrx_word' id='word_1_358' title='bbox 999 2381 1128 2428; x_wconf 86' lang='lat' dir='ltr'>locus</span> <span class='ocrx_word' id='word_1_359' title='bbox 1169 2380 1365 2427; x_wconf 86' lang='lat' dir='ltr'>naturali</span> <span class='ocrx_word' id='word_1_360' title='bbox 1403 2379 1692 2426; x_wconf 87' lang='lat' dir='ltr'>munimento</span> <span class='ocrx_word' id='word_1_361' title='bbox 1729 2393 1869 2454; x_wconf 66' lang='lat' dir='ltr'>tutus,</span> <span class='ocrx_word' id='word_1_362' title='bbox 1898 2389 1949 2431; x_wconf 66' lang='grc' dir='ltr'>ὅς</span> 
     </span>
     <span class='ocr_line' id='line_1_36' title="bbox 164 2443 1949 2509; baseline 0.001 -18"><span class='ocrx_word' id='word_1_363' title='bbox 164 2444 371 2509; x_wconf 82' lang='lat' dir='ltr'>frugum,</span> <span class='ocrx_word' id='word_1_364' title='bbox 394 2451 433 2492; x_wconf 92' lang='lat'>&amp;</span> <span class='ocrx_word' id='word_1_365' title='bbox 460 2445 594 2509; x_wconf 87' lang='lat' dir='ltr'>pisci</span> <span class='ocrx_word' id='word_1_366' title='bbox 587 2462 649 2492; x_wconf 87' lang='lat' dir='ltr'>m</span> <span class='ocrx_word' id='word_1_367' title='bbox 672 2445 824 2508; x_wconf 88' lang='lat' dir='ltr'>copia,</span> <span class='ocrx_word' id='word_1_368' title='bbox 850 2449 895 2495; x_wconf 89' lang='lat'>&amp;</span> <span class='ocrx_word' id='word_1_369' title='bbox 921 2444 1019 2491; x_wconf 89' lang='lat' dir='ltr'>ovis</span> <span class='ocrx_word' id='word_1_370' title='bbox 1040 2444 1110 2491; x_wconf 88' lang='lat' dir='ltr'>ibi</span> <span class='ocrx_word' id='word_1_371' title='bbox 1128 2443 1382 2491; x_wconf 82' lang='lat' dir='ltr'>nidificant</span> <span class='ocrx_word' id='word_1_372' title='bbox 1371 2461 1465 2491; x_wconf 80' lang='lat' dir='ltr'>lum</span> <span class='ocrx_word' id='word_1_373' title='bbox 1485 2444 1726 2491; x_wconf 87' lang='lat' dir='ltr'>volucrum</span> <span class='ocrx_word' id='word_1_374' title='bbox 1751 2445 1949 2492; x_wconf 83' lang='lat' dir='ltr'>marina-</span> 
     </span>
     <span class='ocr_line' id='line_1_37' title="bbox 164 2508 1950 2558; baseline 0.001 -3"><span class='ocrx_word' id='word_1_375' title='bbox 164 2526 264 2556; x_wconf 82' lang='lat' dir='ltr'>rum</span> <span class='ocrx_word' id='word_1_376' title='bbox 290 2510 471 2557; x_wconf 88' lang='lat' dir='ltr'>abunde</span> <span class='ocrx_word' id='word_1_377' title='bbox 493 2524 804 2557; x_wconf 78' lang='lat' dir='ltr'>commeatum</span> <span class='ocrx_word' id='word_1_378' title='bbox 825 2510 991 2558; x_wconf 84' lang='lat' dir='ltr'>incolis</span> <span class='ocrx_word' id='word_1_379' title='bbox 1008 2509 1247 2556; x_wconf 83' lang='lat' dir='ltr'>sufficiens.</span> <span class='ocrx_word' id='word_1_380' title='bbox 1316 2510 1392 2555; x_wconf 82' lang='lat' dir='ltr'>Ad</span> <span class='ocrx_word' id='word_1_381' title='bbox 1415 2508 1523 2556; x_wconf 90' lang='lat' dir='ltr'>litus</span> <span class='ocrx_word' id='word_1_382' title='bbox 1548 2508 1625 2555; x_wconf 87' lang='lat' dir='ltr'>ubi</span> <span class='ocrx_word' id='word_1_383' title='bbox 1648 2509 1766 2556; x_wconf 85' lang='lat' dir='ltr'>finus</span> <span class='ocrx_word' id='word_1_384' title='bbox 1789 2510 1950 2558; x_wconf 86' lang='lat' dir='ltr'>Brien-</span> 
     </span>
     <span class='ocr_line' id='line_1_38' title="bbox 164 2573 1951 2637; baseline 0.001 -17"><span class='ocrx_word' id='word_1_385' title='bbox 164 2590 249 2620; x_wconf 89' lang='lat' dir='ltr'>nus</span> <span class='ocrx_word' id='word_1_386' title='bbox 272 2588 410 2622; x_wconf 83' lang='lat' dir='ltr'>terras</span> <span class='ocrx_word' id='word_1_387' title='bbox 433 2574 580 2637; x_wconf 85' lang='lat' dir='ltr'>aperit</span> <span class='ocrx_word' id='word_1_388' title='bbox 596 2574 742 2621; x_wconf 88' lang='lat' dir='ltr'>insula</span> <span class='ocrx_word' id='word_1_389' title='bbox 759 2577 828 2622; x_wconf 91' lang='lat' dir='ltr'>Eu</span> <span class='ocrx_word' id='word_1_390' title='bbox 854 2575 934 2621; x_wconf 81' lang='lat' dir='ltr'>fita</span> <span class='ocrx_word' id='word_1_391' title='bbox 955 2575 1032 2629; x_wconf 86' lang='lat' dir='ltr'>est,</span> <span class='ocrx_word' id='word_1_392' title='bbox 1059 2585 1154 2621; x_wconf 83' lang='lat' dir='ltr'>tota</span> <span class='ocrx_word' id='word_1_393' title='bbox 1175 2573 1268 2620; x_wconf 88' lang='lat' dir='ltr'>fere</span> <span class='ocrx_word' id='word_1_394' title='bbox 1292 2573 1405 2620; x_wconf 77' lang='lat' dir='ltr'>filvis</span> <span class='ocrx_word' id='word_1_395' title='bbox 1433 2573 1659 2629; x_wconf 87' lang='lat' dir='ltr'>umbrosa,</span> <span class='ocrx_word' id='word_1_396' title='bbox 1685 2590 1736 2620; x_wconf 88' lang='lat' dir='ltr'>ac</span> <span class='ocrx_word' id='word_1_397' title='bbox 1757 2575 1951 2622; x_wconf 89' lang='lat' dir='ltr'>latroni-</span> 
     </span>
     <span class='ocr_line' id='line_1_39' title="bbox 164 2637 1950 2702; baseline 0.001 -17"><span class='ocrx_word' id='word_1_398' title='bbox 164 2637 249 2685; x_wconf 89' lang='lat' dir='ltr'>bus</span> <span class='ocrx_word' id='word_1_399' title='bbox 272 2641 469 2692; x_wconf 86' lang='lat' dir='ltr'>tantum,</span> <span class='ocrx_word' id='word_1_400' title='bbox 492 2639 573 2702; x_wconf 89' lang='lat' dir='ltr'>qui</span> <span class='ocrx_word' id='word_1_401' title='bbox 596 2639 976 2702; x_wconf 81' lang='lat' dir='ltr'>praetereuntibus</span> <span class='ocrx_word' id='word_1_402' title='bbox 1005 2639 1291 2693; x_wconf 83' lang='lat' dir='ltr'>insidiantur,</span> <span class='ocrx_word' id='word_1_403' title='bbox 1329 2638 1645 2685; x_wconf 89' lang='lat' dir='ltr'>accommoda.</span> <span class='ocrx_word' id='word_1_404' title='bbox 1715 2639 1827 2702; x_wconf 81' lang='lat' dir='ltr'>Mag</span> <span class='ocrx_word' id='word_1_405' title='bbox 1825 2639 1870 2686; x_wconf 91' lang='lat' dir='ltr'>is</span> <span class='ocrx_word' id='word_1_406' title='bbox 1890 2639 1950 2687; x_wconf 87' lang='lat' dir='ltr'>ad</span> 
     </span>
     <span class='ocr_line' id='line_1_40' title="bbox 163 2657 1948 2766; baseline 0.002 -17"><span class='ocrx_word' id='word_1_407' title='bbox 163 2703 526 2766; x_wconf 79' lang='lat' dir='ltr'>septentriones</span> <span class='ocrx_word' id='word_1_408' title='bbox 510 2718 629 2765; x_wconf 75' lang='lat' dir='ltr'>jacet</span> <span class='ocrx_word' id='word_1_409' title='bbox 651 2704 797 2751; x_wconf 86' lang='lat' dir='ltr'>insula</span> <span class='ocrx_word' id='word_1_410' title='bbox 819 2704 1093 2757; x_wconf 85' lang='lat' dir='ltr'>Gruinorta‚</span> <span class='ocrx_word' id='word_1_411' title='bbox 1118 2707 1161 2752; x_wconf 70' lang='grc' dir='ltr'>ἃ</span> <span class='ocrx_word' id='word_1_412' title='bbox 1188 2701 1283 2766; x_wconf 85' lang='lat' dir='ltr'>ipsa</span> <span class='ocrx_word' id='word_1_413' title='bbox 1302 2702 1467 2749; x_wconf 87' lang='lat' dir='ltr'>itidem</span> <span class='ocrx_word' id='word_1_414' title='bbox 1486 2702 1606 2750; x_wconf 74' lang='lat' dir='ltr'>silvis</span> <span class='ocrx_word' id='word_1_415' title='bbox 1625 2719 1785 2766; x_wconf 85' lang='lat' dir='ltr'>opaca,</span> <span class='ocrx_word' id='word_1_416' title='bbox 1800 2657 1848 2752; x_wconf 58' lang='lat' dir='ltr'>gl&gt;-</span> <span class='ocrx_word' id='word_1_417' title='bbox 1879 2705 1948 2752; x_wconf 85' lang='lat' dir='ltr'>la·</span> 
     </span>
     <span class='ocr_line' id='line_1_41' title="bbox 160 2767 1945 2830; baseline 0.001 -16"><span class='ocrx_word' id='word_1_418' title='bbox 160 2768 371 2815; x_wconf 85' lang='lat' dir='ltr'>tronibus</span> <span class='ocrx_word' id='word_1_419' title='bbox 394 2768 562 2815; x_wconf 75' lang='lat' dir='ltr'>insessa.</span> <span class='ocrx_word' id='word_1_420' title='bbox 630 2767 722 2816; x_wconf 86' lang='lat' dir='ltr'>Et&#39;</span> <span class='ocrx_word' id='word_1_421' title='bbox 709 2785 758 2816; x_wconf 91' lang='lat' dir='ltr'>1n</span> <span class='ocrx_word' id='word_1_422' title='bbox 777 2770 970 2816; x_wconf 88' lang='lat' dir='ltr'>eandem</span> <span class='ocrx_word' id='word_1_423' title='bbox 993 2767 1100 2814; x_wconf 84' lang='lat' dir='ltr'>coeli</span> <span class='ocrx_word' id='word_1_424' title='bbox 1119 2768 1305 2830; x_wconf 81' lang='lat' dir='ltr'>plagam</span> <span class='ocrx_word' id='word_1_425' title='bbox 1328 2768 1530 2830; x_wconf 62' lang='lat' dir='ltr'>spectans</span> <span class='ocrx_word' id='word_1_426' title='bbox 1553 2767 1703 2815; x_wconf 87' lang='lat' dir='ltr'>insula</span> <span class='ocrx_word' id='word_1_427' title='bbox 1723 2768 1945 2816; x_wconf 82' lang='lat' dir='ltr'>Sacerdo-</span> 
     </span>
     <span class='ocr_line' id='line_1_42' title="bbox 162 2832 1948 2896; baseline 0.002 -18"><span class='ocrx_word' id='word_1_428' title='bbox 162 2843 260 2878; x_wconf 87' lang='lat' dir='ltr'>tum</span> <span class='ocrx_word' id='word_1_429' title='bbox 281 2845 460 2889; x_wconf 86' lang='lat' dir='ltr'>vocata,</span> <span class='ocrx_word' id='word_1_430' title='bbox 485 2846 651 2896; x_wconf 84' lang='lat' dir='ltr'>praeter</span> <span class='ocrx_word' id='word_1_431' title='bbox 672 2834 844 2896; x_wconf 89' lang='lat' dir='ltr'>pabula</span> <span class='ocrx_word' id='word_1_432' title='bbox 863 2833 965 2880; x_wconf 88' lang='lat' dir='ltr'>ovis</span> <span class='ocrx_word' id='word_1_433' title='bbox 987 2833 1230 2878; x_wconf 88' lang='lat' dir='ltr'>volucrum</span> <span class='ocrx_word' id='word_1_434' title='bbox 1254 2832 1531 2879; x_wconf 88' lang='lat' dir='ltr'>marinarum</span> <span class='ocrx_word' id='word_1_435' title='bbox 1555 2832 1809 2880; x_wconf 84' lang='lat' dir='ltr'>abundans.</span> <span class='ocrx_word' id='word_1_436' title='bbox 1833 2833 1948 2881; x_wconf 86' lang='lat' dir='ltr'>Pro-</span> 
     </span>
     <span class='ocr_line' id='line_1_43' title="bbox 162 2895 1948 2962; baseline 0.002 -20"><span class='ocrx_word' id='word_1_437' title='bbox 162 2895 287 2942; x_wconf 84' lang='lat' dir='ltr'>xima</span> <span class='ocrx_word' id='word_1_438' title='bbox 326 2897 434 2943; x_wconf 88' lang='lat' dir='ltr'>huic</span> <span class='ocrx_word' id='word_1_439' title='bbox 471 2899 532 2943; x_wconf 91' lang='lat' dir='ltr'>est</span> <span class='ocrx_word' id='word_1_440' title='bbox 568 2897 743 2945; x_wconf 86' lang='lat' dir='ltr'>Afulla</span> <span class='ocrx_word' id='word_1_441' title='bbox 811 2897 999 2946; x_wconf 83' lang='lat' dir='ltr'>Deinde</span> <span class='ocrx_word' id='word_1_442' title='bbox 1020 2896 1059 2943; x_wconf 89' lang='lat' dir='ltr'>ei</span> <span class='ocrx_word' id='word_1_443' title='bbox 1093 2896 1357 2960; x_wconf 86' lang='lat' dir='ltr'>propinqua</span> <span class='ocrx_word' id='word_1_444' title='bbox 1378 2898 1592 2945; x_wconf 88' lang='lat' dir='ltr'>Habrera</span> <span class='ocrx_word' id='word_1_445' title='bbox 1628 2913 1813 2962; x_wconf 82' lang='lat' dir='ltr'>magna,</span> <span class='ocrx_word' id='word_1_446' title='bbox 1849 2899 1948 2960; x_wconf 85' lang='lat' dir='ltr'>post</span> 
     </span>
     <span class='ocr_line' id='line_1_44' title="bbox 161 2959 1947 3025; baseline 0.002 -20"><span class='ocrx_word' id='word_1_447' title='bbox 161 2977 264 3006; x_wconf 85' lang='lat' dir='ltr'>eam</span> <span class='ocrx_word' id='word_1_448' title='bbox 284 2962 494 3008; x_wconf 71' lang='lat' dir='ltr'>Habiera</span> <span class='ocrx_word' id='word_1_449' title='bbox 511 2977 666 3025; x_wconf 85' lang='lat' dir='ltr'>parva,</span> <span class='ocrx_word' id='word_1_450' title='bbox 685 2962 817 3023; x_wconf 86' lang='lat' dir='ltr'>juxta</span> <span class='ocrx_word' id='word_1_451' title='bbox 835 2979 933 3010; x_wconf 87' lang='lat' dir='ltr'>eam</span> <span class='ocrx_word' id='word_1_452' title='bbox 953 2961 1100 3010; x_wconf 85' lang='lat' dir='ltr'>insula</span> <span class='ocrx_word' id='word_1_453' title='bbox 1117 2962 1405 3023; x_wconf 91' lang='lat' dir='ltr'>Equorum,</span> <span class='ocrx_word' id='word_1_454' title='bbox 1389 2976 1521 3023; x_wconf 83' lang='lat' dir='ltr'>Juxta</span> <span class='ocrx_word' id='word_1_455' title='bbox 1540 2977 1641 3010; x_wconf 84' lang='lat' dir='ltr'>eam</span> <span class='ocrx_word' id='word_1_456' title='bbox 1661 2959 1806 3008; x_wconf 80' lang='lat' dir='ltr'>rursus</span> <span class='ocrx_word' id='word_1_457' title='bbox 1825 2961 1947 3009; x_wconf 87' lang='lat' dir='ltr'>insu-</span> 
     </span>
     <span class='ocr_line' id='line_1_45' title="bbox 160 3024 1943 3091; baseline 0.001 -20"><span class='ocrx_word' id='word_1_458' title='bbox 160 3025 206 3071; x_wconf 80' lang='lat' dir='ltr'>la</span> <span class='ocrx_word' id='word_1_459' title='bbox 231 3024 478 3072; x_wconf 83' lang='lat' dir='ltr'>Mertaika.</span> <span class='ocrx_word' id='word_1_460' title='bbox 548 3027 638 3073; x_wconf 85' lang='lat' dir='ltr'>Hae</span> <span class='ocrx_word' id='word_1_461' title='bbox 673 3028 777 3073; x_wconf 71' lang='grc' dir='ltr'>οξὶο</span> <span class='ocrx_word' id='word_1_462' title='bbox 814 3027 1036 3091; x_wconf 82' lang='lat' dir='ltr'>proximae</span> <span class='ocrx_word' id='word_1_463' title='bbox 1058 3025 1216 3072; x_wconf 88' lang='lat' dir='ltr'>insulae</span> <span class='ocrx_word' id='word_1_464' title='bbox 1236 3031 1342 3072; x_wconf 83' lang='lat' dir='ltr'>ante</span> <span class='ocrx_word' id='word_1_465' title='bbox 1370 3025 1535 3074; x_wconf 86' lang='lat' dir='ltr'>ostium</span> <span class='ocrx_word' id='word_1_466' title='bbox 1555 3027 1649 3074; x_wconf 85' lang='lat' dir='ltr'>fitae</span> <span class='ocrx_word' id='word_1_467' title='bbox 1682 3024 1785 3073; x_wconf 85' lang='lat' dir='ltr'>sunt</span> <span class='ocrx_word' id='word_1_468' title='bbox 1807 3027 1943 3083; x_wconf 83' lang='lat' dir='ltr'>finus,</span> 
     </span>
     <span class='ocr_line' id='line_1_46' title="bbox 162 3090 1121 3153; baseline 0.001 -18"><span class='ocrx_word' id='word_1_469' title='bbox 162 3105 302 3151; x_wconf 86' lang='lat' dir='ltr'>quem</span> <span class='ocrx_word' id='word_1_470' title='bbox 326 3091 435 3153; x_wconf 72' lang='lat' dir='ltr'>vulO</span> <span class='ocrx_word' id='word_1_471' title='bbox 426 3105 470 3135; x_wconf 91' lang='lat' dir='ltr'>o</span> <span class='ocrx_word' id='word_1_472' title='bbox 492 3090 644 3136; x_wconf 90' lang='lat' dir='ltr'>lacum</span> <span class='ocrx_word' id='word_1_473' title='bbox 667 3091 918 3139; x_wconf 88' lang='lat' dir='ltr'>Briennum</span> <span class='ocrx_word' id='word_1_474' title='bbox 942 3103 1121 3138; x_wconf 87' lang='lat' dir='ltr'>vocant.</span> 
     </span>
    </p>

    <p class='ocr_par' dir='ltr' id='par_1_3' title="bbox 151 3133 1946 3285">
     <span class='ocr_line' id='line_1_47' title="bbox 151 3133 1946 3220; baseline 0.001 -20"><span class='ocrx_word' id='word_1_475' title='bbox 151 3174 169 3216; x_wconf 63' lang='lat' dir='ltr'><em>j</em></span> <span class='ocrx_word' id='word_1_476' title='bbox 226 3133 550 3201; x_wconf 74' lang='lat' dir='ltr'>XL111.⁰Ab</span> <span class='ocrx_word' id='word_1_477' title='bbox 586 3154 658 3200; x_wconf 88' lang='lat' dir='ltr'>his</span> <span class='ocrx_word' id='word_1_478' title='bbox 680 3155 855 3211; x_wconf 82' lang='lat' dir='ltr'>insulis,</span> <span class='ocrx_word' id='word_1_479' title='bbox 879 3173 982 3220; x_wconf 84' lang='lat' dir='ltr'>quae</span> <span class='ocrx_word' id='word_1_480' title='bbox 1017 3156 1163 3202; x_wconf 89' lang='lat' dir='ltr'>finum</span> <span class='ocrx_word' id='word_1_481' title='bbox 1184 3154 1435 3201; x_wconf 85' lang='lat' dir='ltr'>Briennum</span> <span class='ocrx_word' id='word_1_482' title='bbox 1471 3153 1762 3219; x_wconf 70' lang='lat' dir='ltr'>praecingunt</span> <span class='ocrx_word' id='word_1_483' title='bbox 1784 3154 1946 3202; x_wconf 84' lang='lat' dir='ltr'>absunt</span> 
     </span>
     <span class='ocr_line' id='line_1_48' title="bbox 159 3217 1944 3285; baseline 0.001 -21"><span class='ocrx_word' id='word_1_484' title='bbox 159 3217 362 3274; x_wconf 84' lang='lat' dir='ltr'>Haraia,</span> <span class='ocrx_word' id='word_1_485' title='bbox 373 3222 421 3267; x_wconf 71' lang='grc' dir='ltr'>δε</span> <span class='ocrx_word' id='word_1_486' title='bbox 439 3218 622 3282; x_wconf 85' lang='lat' dir='ltr'>Leogus</span> <span class='ocrx_word' id='word_1_487' title='bbox 642 3218 996 3282; x_wconf 86' lang='lat' dir='ltr'>septentrionem</span> <span class='ocrx_word' id='word_1_488' title='bbox 1017 3219 1169 3267; x_wconf 84' lang='lat' dir='ltr'>versus</span> <span class='ocrx_word' id='word_1_489' title='bbox 1191 3233 1499 3267; x_wconf 83' lang='lat' dir='ltr'>excurrentes.</span> <span class='ocrx_word' id='word_1_490' title='bbox 1567 3220 1623 3266; x_wconf 90' lang='lat' dir='ltr'>In</span> <span class='ocrx_word' id='word_1_491' title='bbox 1646 3219 1840 3284; x_wconf 84' lang='lat' dir='ltr'>longum</span> <span class='ocrx_word' id='word_1_492' title='bbox 1862 3236 1944 3285; x_wconf 85' lang='lat' dir='ltr'>pa-</span> 
     </span>
    </p>
   </div>
   <div class='ocr_carea' id='block_1_3' title="bbox 214 3345 1935 3399">
    <p class='ocr_par' dir='ltr' id='par_1_4' title="bbox 214 3345 1935 3399">
     <span class='ocr_line' id='line_1_49' title="bbox 214 3345 1935 3399; baseline 0.001 -16"><span class='ocrx_word' id='word_1_493' title='bbox 214 3345 275 3395; x_wconf 84' lang='lat'>(1)</span> <span class='ocrx_word' id='word_1_494' title='bbox 296 3347 335 3383; x_wconf 96' lang='lat' dir='ltr'>A</span> <span class='ocrx_word' id='word_1_495' title='bbox 352 3359 456 3397; x_wconf 86' lang='lat' dir='ltr'>cape,</span> <span class='ocrx_word' id='word_1_496' title='bbox 467 3346 580 3385; x_wconf 88' lang='lat' dir='ltr'>head·</span> <span class='ocrx_word' id='word_1_497' title='bbox 584 3348 686 3395; x_wconf 88' lang='lat' dir='ltr'>land,</span> <span class='ocrx_word' id='word_1_498' title='bbox 705 3361 746 3386; x_wconf 91' lang='lat' dir='ltr'>or</span> <span class='ocrx_word' id='word_1_499' title='bbox 764 3348 837 3386; x_wconf 86' lang='lat' dir='ltr'>hill</span> <span class='ocrx_word' id='word_1_500' title='bbox 854 3349 1017 3399; x_wconf 82' lang='lat' dir='ltr'>running</span> <span class='ocrx_word' id='word_1_501' title='bbox 1080 3348 1210 3387; x_wconf 88' lang='lat' dir='ltr'>which</span> <span class='ocrx_word' id='word_1_502' title='bbox 1227 3363 1324 3387; x_wconf 86' lang='lat' dir='ltr'>were</span> <span class='ocrx_word' id='word_1_503' title='bbox 1342 3358 1408 3387; x_wconf 85' lang='lat' dir='ltr'>not</span> <span class='ocrx_word' id='word_1_504' title='bbox 1426 3349 1538 3386; x_wconf 88' lang='lat' dir='ltr'>above</span> <span class='ocrx_word' id='word_1_505' title='bbox 1560 3362 1580 3385; x_wconf 90' lang='lat' dir='ltr'>a</span> <span class='ocrx_word' id='word_1_506' title='bbox 1599 3348 1702 3385; x_wconf 85' lang='lat' dir='ltr'>cubit</span> <span class='ocrx_word' id='word_1_507' title='bbox 1720 3345 1826 3396; x_wconf 76' lang='lat' dir='ltr'>high.</span> <span class='ocrx_word' id='word_1_508' title='bbox 1887 3348 1935 3385; x_wconf 83' lang='lat' dir='ltr'>In</span> 
     </span>
    </p>
   </div>
   <div class='ocr_carea' id='block_1_4' title="bbox 157 3398 1942 3558">
    <p class='ocr_par' dir='ltr' id='par_1_5' title="bbox 157 3398 1942 3558">
     <span class='ocr_line' id='line_1_50' title="bbox 157 3398 1939 3440; baseline 0.001 -3"><span class='ocrx_word' id='word_1_509' title='bbox 157 3398 240 3437; x_wconf 83' lang='lat' dir='ltr'>into</span> <span class='ocrx_word' id='word_1_510' title='bbox 257 3398 322 3436; x_wconf 88' lang='lat' dir='ltr'>the</span> <span class='ocrx_word' id='word_1_511' title='bbox 343 3399 413 3437; x_wconf 87' lang='lat' dir='ltr'>sea.</span> <span class='ocrx_word' id='word_1_512' title='bbox 1081 3403 1166 3440; x_wconf 89' lang='lat' dir='ltr'>that</span> <span class='ocrx_word' id='word_1_513' title='bbox 1196 3403 1309 3440; x_wconf 88' lang='lat' dir='ltr'>issand</span> <span class='ocrx_word' id='word_1_514' title='bbox 1335 3404 1463 3440; x_wconf 79' lang='lat' dir='ltr'>which</span> <span class='ocrx_word' id='word_1_515' title='bbox 1494 3401 1586 3439; x_wconf 84' lang='lat' dir='ltr'>hath</span> <span class='ocrx_word' id='word_1_516' title='bbox 1618 3402 1667 3439; x_wconf 88' lang='lat' dir='ltr'>its</span> <span class='ocrx_word' id='word_1_517' title='bbox 1698 3413 1808 3437; x_wconf 83' lang='lat' dir='ltr'>name</span> <span class='ocrx_word' id='word_1_518' title='bbox 1838 3399 1939 3438; x_wconf 86' lang='lat' dir='ltr'>from</span> 
     </span>
     <span class='ocr_line' id='line_1_51' title="bbox 213 3450 1942 3505; baseline 0.002 -16"><span class='ocrx_word' id='word_1_519' title='bbox 213 3450 274 3501; x_wconf 86' lang='lat'>(2)</span> <span class='ocrx_word' id='word_1_520' title='bbox 302 3452 595 3501; x_wconf 81' lang='lat' dir='ltr'>A1.Haraiam,</span> <span class='ocrx_word' id='word_1_521' title='bbox 626 3453 789 3502; x_wconf 84' lang='lat' dir='ltr'>Herigh,</span> <span class='ocrx_word' id='word_1_522' title='bbox 820 3468 840 3491; x_wconf 89' lang='lat' dir='ltr'>a</span> <span class='ocrx_word' id='word_1_523' title='bbox 868 3463 949 3505; x_wconf 84' lang='lat' dir='ltr'>part</span> <span class='ocrx_word' id='word_1_524' title='bbox 978 3455 1023 3493; x_wconf 92' lang='lat' dir='ltr'>of</span> <span class='ocrx_word' id='word_1_525' title='bbox 1082 3454 1203 3501; x_wconf 87' lang='lat' dir='ltr'>them,</span> <span class='ocrx_word' id='word_1_526' title='bbox 1224 3468 1335 3505; x_wconf 88' lang='lat' dir='ltr'>many</span> <span class='ocrx_word' id='word_1_527' title='bbox 1359 3456 1404 3493; x_wconf 89' lang='lat' dir='ltr'>of</span> <span class='ocrx_word' id='word_1_528' title='bbox 1427 3455 1492 3493; x_wconf 90' lang='lat' dir='ltr'>the</span> <span class='ocrx_word' id='word_1_529' title='bbox 1512 3455 1618 3492; x_wconf 83' lang='lat' dir='ltr'>small</span> <span class='ocrx_word' id='word_1_530' title='bbox 1639 3455 1750 3491; x_wconf 85' lang='lat' dir='ltr'>bones</span> <span class='ocrx_word' id='word_1_531' title='bbox 1779 3452 1824 3490; x_wconf 87' lang='lat' dir='ltr'>of</span> <span class='ocrx_word' id='word_1_532' title='bbox 1838 3452 1942 3492; x_wconf 81' lang='lat' dir='ltr'>these</span> 
     </span>
     <span class='ocr_line' id='line_1_52' title="bbox 159 3483 1553 3558; baseline 0.004 -17"><span class='ocrx_word' id='word_1_533' title='bbox 159 3503 227 3542; x_wconf 82' lang='lat' dir='ltr'>the</span> <span class='ocrx_word' id='word_1_534' title='bbox 245 3505 335 3542; x_wconf 85' lang='lat' dir='ltr'>Lew</span> <span class='ocrx_word' id='word_1_535' title='bbox 344 3518 396 3543; x_wconf 89' lang='lat' dir='ltr'>es.</span> <span class='ocrx_word' id='word_1_536' title='bbox 759 3506 857 3557; x_wconf 77' lang='lat' dir='ltr'>(skin</span> <span class='ocrx_word' id='word_1_537' title='bbox 877 3522 918 3545; x_wconf 91' lang='lat' dir='ltr'>or</span> <span class='ocrx_word' id='word_1_538' title='bbox 935 3508 1016 3546; x_wconf 81' lang='lat' dir='ltr'>fell.</span> <span class='ocrx_word' id='word_1_539' title='bbox 1085 3483 1302 3557; x_wconf 66' lang='lat' dir='ltr'>Duni’beggs</span> <span class='ocrx_word' id='word_1_540' title='bbox 1321 3521 1382 3546; x_wconf 84' lang='lat' dir='ltr'>are</span> <span class='ocrx_word' id='word_1_541' title='bbox 1400 3511 1473 3557; x_wconf 84' lang='lat' dir='ltr'>dug</span> <span class='ocrx_word' id='word_1_542' title='bbox 1492 3523 1553 3558; x_wconf 89' lang='lat' dir='ltr'>up.</span> 
     </span>
    </p>
   </div>
   <div class='ocr_carea' id='block_1_5' title="bbox 212 3556 1946 3663">
    <p class='ocr_par' dir='ltr' id='par_1_6' title="bbox 212 3556 1946 3663">
     <span class='ocr_line' id='line_1_53' title="bbox 212 3556 1946 3613; baseline 0.002 -19"><span class='ocrx_word' id='word_1_543' title='bbox 212 3556 280 3608; x_wconf 82' lang='lat'>(3)</span> <span class='ocrx_word' id='word_1_544' title='bbox 308 3558 396 3595; x_wconf 72' lang='lat' dir='ltr'>&#39;Ibe</span> <span class='ocrx_word' id='word_1_545' title='bbox 426 3558 480 3596; x_wconf 86' lang='lat' dir='ltr'>fat</span> <span class='ocrx_word' id='word_1_546' title='bbox 499 3559 657 3596; x_wconf 82' lang='lat' dir='ltr'>betwixt</span> <span class='ocrx_word' id='word_1_547' title='bbox 675 3559 740 3597; x_wconf 85' lang='lat' dir='ltr'>the</span> <span class='ocrx_word' id='word_1_548' title='bbox 759 3561 845 3598; x_wconf 80' lang='lat' dir='ltr'>fiesh</span> <span class='ocrx_word' id='word_1_549' title='bbox 863 3563 934 3597; x_wconf 84' lang='lat' dir='ltr'>and</span> <span class='ocrx_word' id='word_1_550' title='bbox 953 3561 1019 3598; x_wconf 88' lang='lat' dir='ltr'>the</span> <span class='ocrx_word' id='word_1_551' title='bbox 1139 3561 1199 3613; x_wconf 81' lang='lat'>(5)</span> <span class='ocrx_word' id='word_1_552' title='bbox 1229 3566 1268 3600; x_wconf 93' lang='lat' dir='ltr'>A</span> <span class='ocrx_word' id='word_1_553' title='bbox 1298 3575 1401 3610; x_wconf 82' lang='lat' dir='ltr'>cave,</span> <span class='ocrx_word' id='word_1_554' title='bbox 1425 3575 1468 3601; x_wconf 83' lang='lat' dir='ltr'>or</span> <span class='ocrx_word' id='word_1_555' title='bbox 1499 3561 1647 3601; x_wconf 81' lang='lat' dir='ltr'>natural</span> <span class='ocrx_word' id='word_1_556' title='bbox 1671 3559 1775 3599; x_wconf 76' lang='lat' dir='ltr'>vault</span> <span class='ocrx_word' id='word_1_557' title='bbox 1803 3558 1843 3599; x_wconf 79' lang='lat' dir='ltr'>in</span> <span class='ocrx_word' id='word_1_558' title='bbox 1875 3558 1946 3598; x_wconf 84' lang='lat' dir='ltr'>the</span> 
     </span>
     <span class='ocr_line' id='line_1_54' title="bbox 212 3610 1204 3663; baseline 0.004 -14"><span class='ocrx_word' id='word_1_559' title='bbox 212 3611 276 3663; x_wconf 75' lang='lat'>(4)</span> <span class='ocrx_word' id='word_1_560' title='bbox 305 3610 488 3660; x_wconf 80' lang='lat' dir='ltr'>Pigmies,</span> <span class='ocrx_word' id='word_1_561' title='bbox 522 3626 543 3651; x_wconf 89' lang='lat' dir='ltr'>a</span> <span class='ocrx_word' id='word_1_562' title='bbox 577 3613 680 3652; x_wconf 83' lang='lat' dir='ltr'>little</span> <span class='ocrx_word' id='word_1_563' title='bbox 709 3613 814 3653; x_wconf 82' lang='lat' dir='ltr'>stock</span> <span class='ocrx_word' id='word_1_564' title='bbox 843 3613 888 3652; x_wconf 88' lang='lat' dir='ltr'>of</span> <span class='ocrx_word' id='word_1_565' title='bbox 914 3626 1017 3661; x_wconf 82' lang='lat' dir='ltr'>men,</span> <span class='ocrx_word' id='word_1_566' title='bbox 1085 3615 1204 3656; x_wconf 85' lang='lat' dir='ltr'>earth.</span> 
     </span>
    </p>
   </div>
   <div class='ocr_carea' id='block_1_6' title="bbox 1842 3681 1945 3721">
    <p class='ocr_par' dir='ltr' id='par_1_7' title="bbox 1842 3681 1945 3721">
     <span class='ocr_line' id='line_1_55' title="bbox 1842 3681 1945 3721; baseline -0.025 0.575"><span class='ocrx_word' id='word_1_567' title='bbox 1842 3681 1945 3721; x_wconf 68' lang='lat' dir='ltr'>tent</span> 
     </span>
    </p>
   </div>
  </div>
 </body>
</html>
