2010 3851
762 116 783 126 u-

433 132 1485 225 L1BERV1dsss1M‘us.
1692 148 1833 231 605

61 259 269 314 consil-io,
292 255 562 321 quibuscum
587 271 612 298 a
633 254 781 300 nostro
795 251 992 299 adventu
1014 250 1153 313 usque
1172 247 1304 294 nobis
1327 244 1552 294 institutus
1577 245 1722 293 fuerat
1741 248 1828 294 ser-

64 341 160 380 m0,
185 325 475 371 vehementer
494 318 736 372 instabant,
776 330 825 364 ut
847 317 998 363 adhuc
1022 331 1111 361 una
1147 313 1296 359 secum
1319 312 1604 358 conditiones
1644 329 1734 358 non
1756 312 1833 358 in-

66 388 331 436 commodas
354 384 418 430 rei
438 384 772 443 componendae
794 380 1239 427 comminisceremur
1264 395 1274 422 :
1322 375 1564 436 multisque
1587 380 1736 422 verbis
1760 376 1830 422 os-

68 455 329 504 tenderunt,
373 450 399 494 si
444 449 501 494 ad
546 447 837 492 domesticam
877 445 1144 491 seditionem
1169 453 1408 488 externum
1438 439 1573 485 etiarn
1599 442 1834 487 accederet

71 518 262 568 bellum,
288 512 573 574 duplicatum
596 512 818 564 laborem,
854 508 1089 572 duplicata
1120 506 1339 569 pericula,
1363 519 1605 567 rerumque
1627 505 1836 551 omnium

70 580 384 628 difficultatem
410 576 506 622 fore
532 593 543 620 ε
591 575 836 637 praesertim
861 575 965 620 cunt
989 572 1146 618 nostris
1169 570 1340 617 viribus
1379 586 1462 615 nos
1490 568 1722 631 explicare
1745 586 1837 614 non

69 646 310 707 possemus·
377 640 528 688 Nobis
553 642 666 686 vero
693 640 741 684 in
774 638 948 684 ratione
987 638 1186 684 instituta
1207 634 1612 700 perseverantibus»,
1655 648 1737 678 nec
1769 634 1842 678 ul·

68 711 159 756 lam
190 705 457 768 pacificandi
483 704 729 750 formulam
751 702 1024 764 accepturis,
1063 719 1154 763 qua
1196 700 1337 763 Regis
1360 699 1552 762 potestas
1575 699 1836 753 arctaretur,

68 772 148 820 ille
173 771 326 818 finitus
349 772 409 816 est
431 769 545 815 dies.

140 837 299 886 XLVI
353 843 387 863 “
413 834 630 882 Proximo
653 832 746 886 die,
787 830 869 894 qui
904 831 991 877 fuit
1024 829 1259 877 vicesimus
1291 827 1470 884 Martii,
1509 827 1556 876 in
1580 827 1731 874 aulam
1755 826 1848 873 fui-

76 919 181 949 mus
202 899 420 947 revocati.
490 899 560 945 Ibi
586 898 777 960 Regina¹
794 897 852 942 ad
875 896 914 942 se
943 897 1080 957 jussos
1112 898 1326 941 accedere
1347 895 1394 940 in
1420 894 1533 939 hanc
1556 893 1649 939 fere
1672 893 1850 939 senten-

75 967 186 1013 tiam
211 964 478 1026 alloquitur,
523 963 563 1010 se
586 980 690 1009 cum
715 962 803 1007 suis
826 963 971 1007 nostra
997 960 1201 1022 responsa
1221 958 1498 1021 expendisse,
1533 957 1724 1020 satisque
1746 974 1851 1019 per-

76 1031 231 1093 spicue
270 1028 528 1091 intelligere
563 1028 813 1079 nerninem,
855 1039 1019 1088 praeter
1052 1026 1278 1071 summum
1322 1026 1560 1070 Scotorum
1592 1022 1851 1077 confilium,

78 1098 160 1158 qui
184 1111 239 1141 ex
261 1106 490 1139 conventu
532 1092 748 1139 ordinum
781 1091 966 1144 constat,
1012 1092 1132 1152 posse
1171 1090 1227 1135 ad
1266 1106 1337 1144 ea,
1370 1105 1473 1150 quae
1513 1087 1855 1150 postulabantur

74 1160 188 1206 certi
211 1159 459 1222 quicquam
483 1157 753 1220 respondere
836 1157 996 1217 Itaque
1019 1154 1060 1199 se
1081 1154 1303 1200 rationem
1324 1153 1465 1206 iniffe,
1495 1169 1590 1214 qua
1609 1168 1703 1197 rem
1729 1152 1856 1199 inte-

80 1240 209 1288 gram
238 1221 424 1268 honesto
458 1221 612 1267 colore
657 1232 879 1283 praetento
909 1219 1203 1281 relinqueret.
1273 1218 1369 1264 Sibi
1409 1217 1727 1264 renunciatum
1751 1218 1854 1272 effe,

81 1286 272 1337 comitia
293 1285 500 1332 omnium
532 1284 747 1331 ordinum
773 1283 897 1330 brevi
942 1286 989 1330 in
1034 1283 1187 1330 Scotia
1209 1282 1377 1329 futura.
1446 1283 1516 1328 Eo
1550 1282 1697 1344 (quod
1740 1282 1858 1328 bene

80 1356 248 1411 vertat)
275 1349 674 1413 proficisceremur.
744 1349 816 1396 Ibi
837 1364 1022 1411 operam
1046 1349 1274 1401 daremus,
1301 1361 1350 1394 ut
1369 1363 1426 1393 ex
1449 1359 1639 1409 utraque
1661 1346 1860 1393 factione

86 1417 186 1479 pari
213 1416 424 1478 utrinque
447 1432 637 1462 numero
671 1413 783 1461 certi
814 1414 1022 1460 homines
1047 1413 1374 1476 deligerentur,
1398 1412 1480 1473 qui
1502 1412 1651 1458 causas
1675 1425 1862 1458 contro·

88 1483 332 1528 verfiarum
357 1479 605 1541 diligenter
627 1479 955 1542 expenderent.
1023 1479 1079 1523 Se
1118 1494 1305 1539 quoque
1327 1479 1382 1523 eo
1406 1476 1581 1539 legatos
1606 1476 1857 1531 missuram,

87 1548 168 1608 qui
195 1563 281 1592 una
303 1561 408 1590 cum
433 1562 496 1591 ets
520 1545 623 1606 paci
643 1543 998 1590 reconciliandae
1020 1559 1208 1604 operam
1233 1543 1408 1588 darent.
1478 1542 1534 1586 Se
1557 1555 1707 1588 autem
1734 1555 1862 1602 pete-

92 1628 159 1666 re,
187 1623 236 1656 ut
259 1611 429 1656 interea
450 1608 650 1655 induciae
673 1620 964 1661 renoventur,
990 1608 1101 1652 dum
1122 1623 1190 1652 res
1215 1608 1272 1652 ad
1296 1606 1431 1652 finem
1447 1607 1648 1668 aliquem
1661 1606 1866 1652 deduce-

88 1691 228 1722 retur.
299 1675 416 1720 Haec
450 1673 586 1719 etiam
611 1675 652 1720 se
676 1673 791 1718 velle
814 1688 919 1718 cum
944 1672 1105 1734 legatis
1128 1672 1323 1734 Reginae
1351 1671 1589 1716 Scotorum
1617 1669 1823 1717 conferre
1848 1688 1862 1717 :

89 1740 256 1801 eosque
281 1739 308 1784 ἐξ
337 1738 491 1799 posset,
531 1739 578 1783 in
604 1739 725 1785 suam
749 1736 1016 1783 sententiam
1038 1736 1281 1783 adducere.
1350 1735 1426 1782 Illi
1466 1749 1619 1782 autern
1642 1752 1688 1781 re
1711 1736 1868 1782 audita

94 1804 136 1853 se
159 1803 372 1850 excusant
409 1819 420 1848 z
472 1797 588 1851 'nihil
624 1802 747 1849 enim
775 1801 815 1848 se
855 1801 1059 1864 principe
1083 1801 1157 1847 sua
1179 1802 1433 1847 inconsulta
1453 1800 1496 1845 in
1527 1800 1665 1846 ullam
1689 1814 1868 1861 partem

95 1872 286 1916 statuere
311 1867 446 1929 posse.
516 1869 572 1913 Se
595 1868 804 1931 quidem,
834 1880 880 1912 ut
903 1865 1152 1919 resciscant,
1179 1866 1291 1927 quid
1315 1866 1371 1911 ad
1394 1881 1492 1910 eam
1517 1881 1612 1911 rem
1635 1866 1870 1913 iente-ntiae

93 1934 276 1988 habeat,
302 1931 359 1977 ad
380 1947 479 1977 earn
504 1933 763 1996 scripturos.
830 1931 934 1977 Nos
957 1946 1063 1976 vero
1086 1931 1307 1976 redeundi
1330 1930 1387 1976 ad
1413 1929 1581 1975 nostros
1604 1931 1876 1992 promissum

95 2011 405 2046 commeatum
430 1997 767 2060 flagitabamus.
835 1995 1010 2042 Verum
1046 1995 1219 2042 interea
1245 1995 1463 2057 jubemur
1497 1994 1679 2041 brevem
1712 1998 1875 2041 admo·

96 2064 210 2112 dum
233 2063 453 2122 temporis
487 2078 661 2108 moram
685 2077 819 2124 aequo
851 2060 1008 2106 animo
1027 2060 1163 2114 ferre,
1199 2060 1311 2107 dum
1334 2076 1359 2105 a
1391 2059 1540 2122 Regis*
1571 2059 1708 2105 nostri
1732 2073 1876 2109 matre

98 2129 158 2176 ad
180 2128 459 2190 Episcopum
491 2127 782 2180 Roffiensem‚
820 2124 1096 2186 caeterosque
1134 2124 1334 2186 ejusdem
1375 2126 1567 2187 Regina:
1599 2126 1775 2188 legatos
1805 2142 1879 2172 re-

101 2193 310 2255 sponsum
335 2190 517 2237 rediret.
585 2193 686 2238 Post
708 2191 754 2235 id
779 2191 836 2236 de
858 2190 1006 2236 reditu
1028 2189 1174 2236 statim
1197 2190 1537 2252 impetraturos.

172 2256 376 2305 XLVII.
412 2264 447 2284 ‘⁴
472 2257 653 2303 Interea
676 2255 789 2300 nihil
809 2255 866 2301 ad
889 2253 1222 2300 festinationem
1248 2257 1440 2301 nostram
1473 2253 1663 2318 profuit,
1688 2255 1816 2319 quod
1838 2255 1879 2302 i·

107 2321 342 2371 dentidem
369 2319 690 2382 objiceremus,
717 2319 832 2366 nihil
858 2319 988 2365 nobis
1020 2334 1122 2364 cum
1151 2320 1360 2366 Roffiensi
1387 2320 1613 2382 Episcopo
1651 2325 1722 2366 rer
1755 2322 1838 2367 esse
1859 2339 1874 2369 ε

109 2404 261 2449 neque
284 2387 320 2433 is
345 2385 569 2450 legationi
593 2387 750 2432 nostrae
774 2385 1029 2446 propositus
1051 2385 1155 2429 esset
1179 2385 1294 2430 finis.
1364 2385 1464 2430 Nos
1485 2386 1672 2447 quidem
1700 2401 1780 2431 cur
1803 2403 1882 2431 ve-

107 2469 339 2507 neramus,
365 2451 595 2518 perfecisse
622 2468 635 2496 τ
668 2447 822 2495 mirari
843 2465 951 2495 vero
973 2448 1316 2525 eur-lgpiscopus
1339 2450 1572 2495 Roffienfis
1597 2452 1795 2496 nostrum
1814 2468 1883 2496 re-

110 2517 259 2566 ditum
286 2522 466 2580 peracta
489 2514 722 2579 legatione
745 2514 963 2559 remorari
985 2513 1149 2571 debeat
1175 2532 1185 2559 :
1220 2514 1467 2576 praesertim
1492 2531 1573 2575 per
1592 2516 1780 2561 nostram
1803 2519 1887 2561 ab·

58 2622 69 2633 ,
109 2582 295 2629 sentiam
314 2596 382 2630 tot
394 2597 613 2630 novarum
632 2596 782 2626 rerum
803 2577 976 2624 obortis
993 2578 1429 2642 tumultibus,idque
1443 2594 1534 2624 non
1549 2580 1732 2635 modico
1749 2581 1888 2641 parti-

117 2648 339 2710 umRegis
354 2647 669 2694 incommodo.
694 2645 780 2690 Sed
800 2658 883 2688 nec
902 2644 985 2688 hac
1005 2659 1146 2705 prope
1162 2644 1428 2707 importuna
1442 2645 1586 2690 nostra
1606 2644 1889 2707 flagitatioze

117 2712 366 2774 quicquam
391 2710 732 2775 promovimus:
760 2725 828 2753 res
851 2707 973 2753 enim
993 2709 1050 2752 de
1073 2708 1149 2753 die
1170 2708 1217 2754 in
1238 2709 1358 2755 diem
1383 2709 1557 2770 prolata
1572 2705 1638 2754 ‘est
1661 2713 1718 2755 ad
1741 2710 1893 2771 pridie

118 2776 347 2838 Cale-udas
369 2771 559 2839 Aprilis,
580 2790 675 2836 quo
698 2775 770 2819 die
786 2772 969 2835 Regina
991 2772 1253 2820 Londinum
1273 2773 1426 2820 rediit.
1477 2774 1563 2819 Sed
1584 2789 1687 2836 quae
1710 2773 1757 2820 in
1781 2791 1892 2822 corr·

118 2854 258 2887 ventu
284 2843 472 2904 publico
494 2840 712 2886 inchoata
733 2838 1057 2890 tractabantur,
1083 2838 1387 2898 pertriduum
1427 2836 1522 2884 sere
1544 2838 1803 2901 proximum
1828 2840 1893 2889 ita

117 2905 347 2968 Reginam
387 2919 651 2958 tenuerunt,
693 2916 743 2949 ut
766 2905 823 2949 ad
846 2916 1032 2948 externa
1054 2902 1348 2964 disceptanda
1379 2904 1555 2950 nullum
1580 2902 1622 2949 ei
1645 2903 1801 2951 ocium
1824 2922 1894 2950 re—

58 2970 62 2973 ’
117 2971 422 3032 linqueretur.
491 2971 668 3033 Qarto
691 2970 877 3015 demum
903 2966 1077 3028 Aprilis
1117 2967 1193 3014 die
1216 2969 1346 3013 nobis
1371 2967 1592 3014 accersitis
1616 2976 1787 3015 moram
1823 2970 1896 3016 in.

40 3058 44 3061 ¹
115 3035 285 3098 jectam
309 3034 508 3085 excusat.
578 3033 790 3080 Ostendit
813 3043 1002 3079 matrem
1029 3032 1170 3096 Regis
1210 3034 1347 3079 nostri
1377 3033 1688 3095 praefidentem
1715 3033 1896 3080 suorum

125 3099 362 3146 audaciam
388 3100 587 3163 graviter
608 3115 692 3160 per
711 3098 862 3143 literas
884 3097 1169 3158 increpuisse,
1212 3099 1340 3160 quod
1368 3098 1492 3143 suam
1511 3098 1570 3145 ad
1611 3099 1786 3144 causam
1811 3100 1896 3144 hac

123 3165 300 3210 rati0ne
336 3165 618 3211 tractandam
653 3161 993 3209 descendissent.
1061 3163 1222 3225 Itaque
1261 3162 1415 3225 inquit
1448 3164 1620 3225 Angla,
1646 3179 1750 3210 cum
1773 3180 1798 3208 a
1825 3163 1898 3208 via

123 3228 383 3277 concordiae
417 3244 447 3274 a
483 3243 559 3274 me
581 3227 808 3288 proposita
830 3238 921 3272 tam
945 3225 1238 3273 vehementer
1263 3229 1333 3288 (ι)
1360 3222 1672 3281 abhorrerent,
1697 3244 1787 3273 non
1820 3243 1898 3272 ero

126 3291 304 3338 diutius
328 3291 457 3337 vobis
479 3291 526 3337 in
549 3307 692 3343 mora.
760 3292 900 3347 Quod
919 3290 948 3336 si
974 3290 1090 3336 forte
1113 3291 1384 3352 pcenitentia
1405 3294 1549 3354 (quod
1573 3292 1668 3354 spes
1691 3294 1770 3348 est)
1798 3291 1901 3351 pos-

130 3355 272 3406 terius
300 3358 370 3417 (2)
405 3357 540 3402 duti'ta
563 3355 611 3401 in
634 3355 752 3402 hanc
774 3357 894 3402 viam
918 3355 1066 3401 redire
1104 3356 1231 3412 velit,
1273 3373 1351 3403 vos
1377 3373 1468 3402 non
1493 3357 1654 3402 dubito
1678 3356 1722 3401 in
1746 3355 1900 3403 officio

127 3420 322 3467 futurOS.
390 3421 462 3466 Ita
487 3420 668 3466 tandem
690 3420 905 3482 benigne,
931 3423 979 3466 ὃς
1004 3420 1264 3468 humaniter
1277 3421 1458 3476 dimiffi,
1483 3423 1642 3467 octavo
1663 3419 1735 3469 die
1759 3419 1901 3482 Apri·

126 3484 297 3535 lis'iter
317 3483 365 3529 in
389 3484 580 3547 patriam
603 3483 752 3530 sumus
774 3483 1006 3548 ingreffi..'’
1074 3491 1079 3496 '

183 3602 243 3655 (1)
273 3603 300 3642 i,
321 3616 354 3642 e.
377 3602 443 3651 sui,
461 3603 518 3642 vel
537 3612 655 3642 mater
669 3601 783 3652 R‘egis
800 3601 939 3653 suique,
1051 3603 1111 3654 (2)
1141 3603 1279 3644 Maria.

1684 3653 1914 3703 XLVIII.
