1992 3801
155 163 289 244 '3512
477 148 843 220 RERUM
934 131 1621 219 Seni-martum

146 247 374 313 peterent,
399 261 448 297 ut
470 251 643 314 nuptiae
669 253 764 312 jam
788 250 961 313 pridem
983 250 1208 312 promiffae
1244 251 1577 298 conficerentur
1599 269 1612 299 ε
1644 248 1931 302 ostendere-ist

147 325 232 375 'per
254 316 413 361 Scotos
436 332 527 362 non
547 317 886 377 staturum‚quo
911 315 1077 366 minus,
1119 314 1171 378 in·
1189 331 1291 377 quae
1313 329 1588 362 conventum
1614 315 1776 370 fuerat,
1801 319 1923 380 opti-

150 393 229 423 ma
251 379 341 426 fide
362 381 689 443 praestarentur.
758 378 957 440 Anqus‚
995 378 1082 440 qui
1122 377 1220 424 sati‘s
1261 378 1428 425 sciebat
1450 382 1608 426 Scotos
1628 381 1736 426 aleae
1755 393 1926 444 pugnae
1962 430 1970 437 „

149 458 247 488 rem
271 459 363 490 non
400 445 732 496 commissuros,
775 459 879 489 cum
905 449 945 490 δι
967 460 1070 506 pars
1099 441 1265 488 virium
1291 443 1509 504 ipsorum·
1531 460 1636 490 cum
1660 446 1926 492 Alexandro
1960 443 1973 500 i.

148 504 339 554 homine
374 510 513 569 vuigo
550 507 747 570 gratioso
769 507 890 569 apud
915 506 956 553 se
996 509 1116 560 esset,
1154 512 1193 553 δε
1217 505 1418 568 reliquos
1445 508 1721 554 fafflonibus
1745 508 1927 556 distrahi

150 586 245 617 non
264 571 509 636 ignoraret,
529 571 776 633 respondit,
797 587 887 617 non
912 572 991 618 fibi
1012 571 1111 618 satis
1131 585 1417 632 compertum
1439 572 1540 625 esse,
1563 574 1677 634 quid
1702 575 1802 619 Rex
1825 576 1926 620 An·
1967 583 1976 625 ζ

146 635 255 698 glus
277 653 333 682 eo
355 637 413 682 de
449 636 742 682 matrimonio
783 635 1083 683 decrevisset:
1118 635 1300 682 interim
1326 636 1585 697 pecuniam,
1618 646 1718 698 quae
1757 639 1926 683 Iacobo
1970 660 1976 678 e

144 700 272 746 dotis
294 696 480 747 nomine
499 713 592 746 era-t
613 700 943 762 repraesentata,
965 717 1143 763 :equum
1166 699 1247 746 fibi
1270 701 1415 746 statim
1440 701 1569 746 ‘reddi
1591 700 1813 747 censebat.
1841 704 1926 747 Pa-
1972 746 1978 763 ‚

146 776 249 810 vcem
272 781 381 811 vero
414 766 443 811 fi
465 765 652 817 veilent,
678 764 997 825 promitterent
1017 765 1058 811 se
1081 780 1230 811 arcem
1262 764 1437 810 Bervici
1461 763 1719 811 reddituros
1747 784 1756 812 ε
1792 779 1868 813 aut
1892 762 1923 813 st
1975 775 1981 821 ,’

149 827 201 874 id
224 829 375 875 minus
396 829 586 891 possent,
611 828 991 888 sanaejurarent,
1016 830 1057 876 se
1077 839 1164 875 ‘nec
1187 828 1360 874 obseflis
1387 830 1525 874 uliam
1551 845 1705 891 opem,
1732 845 1814 875 nec
1839 830 1926 876 ob·
1974 829 1977 853 ²

149 892 398 939 fidentibus
422 889 666 938 molesti-am
688 893 921 948 allaturos,
946 894 1092 940 donec
1117 904 1194 938 aut
1212 892 1258 938 vi
1281 905 1430 954 capta,
1471 905 1549 938 aut
1581 893 1927 941 conditionibus

148 956 306 1003 dedita
326 973 405 1003 arx
427 957 559 1002 foret.
601 957 675 1002 Ad
699 972 752 1002 ea
771 959 895 1003 Scoti
916 974 997 1019 per
1019 959 1193 1020 legatos
1215 957 1558 1017 responderunt,
1580 958 1926 1005 matrimonium

149 1022 354 1068 nondum
387 1020 646 1067 confeftum
670 1021 753 1066 effe
792 1022 917 1067 nulla
948 1021 1022 1067 sua
1044 1021 1198 1081 culpa,
1234 1019 1306 1066 sed
1339 1021 1399 1066 ob
1436 1019 1727 1066 immaturam
1760 1022 1923 1084 sponih

150 1084 412 1148 sponsaeque
434 1097 629 1131 aetatem.
697 1085 941 1131 Pecuniam
966 1080 1091 1147 cujus
1114 1084 1339 1130 solvendae
1369 1083 1464 1131 dies
1491 1086 1695 1131 nondum
1721 1087 1930 1133 advenis-

150 1149 231 1201 set,
256 1150 460 1195 nondum
484 1149 658 1195 deberi.
704 1149 779 1196 De
798 1149 1028 1203 solvenda,
1053 1149 1083 1196 fi
1108 1166 1198 1195 non
1222 1147 1322 1194 satis
1349 1162 1531 1195 cautum
1556 1149 1804 1204 videretur,
1830 1168 1927 1198 arn-

145 1214 270 1276 ·plius
294 1227 520 1260 cauturos.
568 1213 748 1261 Ber-vici
766 1229 915 1260 arcem
939 1213 985 1259 in
1007 1214 1099 1260 solo
1123 1212 1306 1259 Scotico
1329 1212 1355 1258 a
1378 1213 1522 1259 Scotis
1546 1213 1814 1261 -aedificatam
1839 1216 1929 1261 suae

151 1277 340 1324 ditionis
363 1279 465 1332 effe,
490 1294 541 1324 ac
560 1295 640 1341 per
661 1279 806 1324 muita
830 1278 990 1325 saecula
1012 1277 1154 1325 fuisse.
1223 1279 1334 1323 Eam
1361 1277 1390 1323 si
1413 1277 1662 1339 aliquando
1688 1279 1829 1342 Angli
1854 1280 1927 1326 in-

149 1342 456 1403 tercaeperint‚
481 1355 558 1390 aut
575 1360 657 1406 per
677 1342 772 1389 vim
792 1343 1038 1398 tenuerint,
1059 1341 1176 1389 nihil
1199 1358 1252 1388 ea
1273 1340 1440 1404 injuria
1457 1342 1530 1403 jus
1554 1354 1682 1388 vetus
1705 1342 1926 1391 imminu-

148 1419 247 1454 tum
271 1405 413 1453 fuiffe.
1525 1465 1528 1467 ‚

214 1472 388 1517 XLIX.
421 1470 718 1525 Glocestrius,
743 1471 823 1534 qui
858 1470 1060 1534 superior
1081 1469 1256 1517 viribus
1280 1482 1391 1525 erat,
1417 1470 1464 1517 in
1510 1470 1728 1518 sententia
1762 1472 1928 1533 persta·

148 1534 229 1582 bat
253 1555 266 1591 ;
300 1536 578 1598 nequejuris
600 1536 974 1599 disceptationem
1001 1536 1138 1582 ullam
1162 1535 1394 1582 audiebat.
1439 1537 1612 1582 Eodem
1638 1537 1714 1582 die
1735 1538 1804 1597 (1)
1835 1538 1927 1583 Ca·

150 1599 282 1646 lenus
305 1600 573 1646 Cambellus
593 1601 876 1663 Argatheliae
899 1602 1087 1654 Comes,
1112 1605 1161 1648 &
1186 1600 1392 1646 Andreas
1416 1603 1621 1646 Stuartus
1645 1601 1929 1647 Cancezlari-

151 1680 222 1717 us,
246 1664 340 1710 duo
361 1665 474 1711 item
497 1665 712 1727 Episcopi
734 1665 846 1712 Fani
870 1664 1085 1718 Andreae,
1117 1668 1163 1711 Sc
1186 1664 1441 1711 Dumblani
1467 1664 1683 1711 miserunt
1706 1665 1759 1710 ad
1783 1667 1928 1711 Alex-

151 1727 363 1784 andrum,
386 1728 465 1792 qui
490 1728 535 1775 in
559 1729 708 1776 castris
745 1731 1003 1792 Anglorum
1029 1730 1087 1775 ad
1111 1728 1441 1775 Lethintonum
1477 1742 1588 1783 erat,
1614 1729 1699 1775 suis
1718 1729 1927 1790 dipioma

151 1791 332 1855 figulis,
372 1797 418 1842 &
442 1793 760 1857 chirographis
784 1795 1120 1848 confirmatum,
1161 1793 1192 1839 si
1218 1788 1337 1855 Regi
1376 1794 1498 1839 dic‘to
1529 1793 1715 1840 audiens
1738 1795 1859 1849 effer,
1885 1795 1927 1841 se

149 1869 405 1912 curaturos,
448 1869 497 1904 ut
519 1857 565 1918 in
590 1859 801 1920 proximo
824 1872 1053 1904 conventu
1084 1857 1273 1921 publico
1299 1858 1427 1904 bonis
1450 1857 1681 1918 restitum,
1716 1859 1926 1906 omnium

143 1924 460 1968 *anteaaorum
482 1921 756 1986 impunitate
778 1923 1025 1969 donaretur
1049 1941 1060 1969 :
1103 1922 1202 1969 haec
1231 1922 1388 1968 omnia
1420 1922 1483 1968 ita
1503 1922 1655 1968 futura
1677 1923 1763 1969 fide
1785 1922 1927 1970 inter-

148 1985 311 2047 posita.
379 1987 641 2034 Alexander
663 2004 709 2034 re
736 2003 840 2034 cum
865 1987 1121 2034 Glocestrio
1143 1987 1498 2040 communicata,
1531 1987 1588 2031 ab
1624 2003 1679 2032 eo
1703 1987 1926 2034 benevole

150 2048 353 2096 dimiffus
372 2051 429 2096 ad
452 2051 550 2098 suos
572 2051 723 2098 rediit.
780 2053 954 2099 Coatfto
973 2051 1160 2098 consilio
1178 2052 1351 2098 summa
1373 2050 1554 2113 imperii
1573 2052 1630 2098 ad
1652 2067 1755 2098 eum
1777 2052 1929 2098 omni-

150 2129 229 2159 um
251 2114 464 2162 consensu
486 2116 701 2163 defertur.
736 2116 898 2164 Statim
918 2116 975 2162 ad
997 2116 1175 2163 eosdem
1200 2116 1393 2162 relatum
1416 2117 1472 2161 de
1491 2115 1727 2162 obfidione
1752 2114 1929 2163 Bervici

149 2175 378 2225 solvenda.
412 2181 790 2227 Prudentioribus
814 2181 956 2227 visum
979 2182 1039 2226 est
1062 2194 1152 2227 tam
1174 2180 1426 2242 periculoso
1449 2192 1671 2242 tempore,
1696 2183 1799 2228 cum
1824 2198 1927 2227 om-

146 2242 229 2295 nia
250 2243 547 2291 seditionibus
566 2245 821 2292 domesticis
840 2246 977 2292 effent
994 2245 1109 2291 adeo
1129 2245 1406 2307 perturbata,
1431 2258 1480 2290 ut
1499 2245 1578 2290 vix
1599 2245 1764 2306 quietis
1790 2245 1929 2292 hosti-

150 2306 236 2353 bus
267 2307 462 2355 fortunae
493 2309 717 2357 saevientis
751 2310 951 2372 impetus
983 2309 1065 2355 fisti
1102 2311 1259 2371 posset,
1285 2326 1442 2372 pacem
1467 2308 1626 2372 quavis
1661 2311 1927 2357 conditione

150 2369 426 2418 faciendam.
493 2373 731 2421 Videbant
753 2374 876 2421 enim
901 2374 1154 2437 perspicue,
1190 2375 1221 2420 fi
1244 2373 1414 2420 hostem
1439 2388 1531 2420 tam
1567 2386 1800 2436 potentem
1824 2374 1926 2420 vin-

153 2448 325 2490 cerent,
350 2437 391 2484 se
415 2438 682 2502 magis'eum
706 2438 978 2492 irritaturos,
1001 2438 1141 2500 quam
1167 2439 1494 2486 absterrituros.
1564 2438 1642 2484 Sin
1666 2439 1746 2501 ipsi
1769 2439 1926 2486 vince-

151 2500 562 2554 rentur‚incertum
587 2502 686 2555 effe,
712 2503 1105 2565 quemadmodum
1129 2503 1264 2550 hostis
1288 2514 1448 2549 natura
1467 2502 1611 2552 ferox,
1632 2507 1679 2552 &
1703 2504 1838 2550 rebus
1861 2504 1927 2550 se-

153 2563 314 2610 cundis
335 2563 601 2613 insolentior
623 2568 767 2614 faftus
788 2566 978 2614 viEtoria
995 2570 1100 2614 effet
1122 2567 1294 2614 usurus.
1361 2568 1498 2620 Haec,
1523 2566 1601 2613 etfi
1626 2568 1837 2614 nonnulli
1859 2568 1927 2615 fe-

152 2627 372 2685 rociores,
396 2629 534 2694 quam
557 2648 640 2693 pro
679 2644 884 2694 tempore
918 2632 1243 2686 occlamarent,
1273 2631 1491 2678 sententia
1512 2631 1558 2679 in
1584 2631 1773 2678 consilio
1795 2632 1925 2680 vicit.

153 2692 256 2740 Post
274 2692 402 2750 alias,
416 2707 552 2758 atque
571 2696 680 2742 alias
699 2696 989 2744 conditiones
1014 2697 1171 2743 frustra
1185 2697 1392 2758 jaCtatas,
1406 2696 1590 2742 tandem
1612 2696 1669 2742 ad
1682 2695 1926 2759 septimum
1979 2736 1984 2739 .

156 2757 384 2804 Calendas
404 2760 693 2821 Septembres
712 2761 821 2808 anni
843 2760 1073 2808 millesimi
1091 2759 1528 2824 quadringentesimi
1550 2761 1843 2823 octuagesimi
1862 2761 1928 2808 sei·
1973 2812 1977 2817 ,

155 2820 312 2876 cundi,
336 2837 633 2879 conventum,
659 2838 708 2872 ut
744 2842 823 2872 arx
859 2825 1038 2872 Bervici
1070 2826 1330 2880 dederetur,
1353 2840 1406 2871 ac
1435 2824 1634 2871 induciae
1668 2823 1717 2872 in
1759 2835 1927 2888 paucos

156 2885 328 2937 menses
350 2887 581 2944 darentur,
605 2890 757 2936 donec
774 2890 832 2936 de
852 2905 964 2951 pace
986 2907 1068 2954 per
1088 2889 1241 2938 ocium
1265 2889 1444 2936 tractari
1463 2890 1619 2952 poss'et.
1687 2891 1757 2936 Ita
1771 2890 1931 2937 Bervi·

142 2962 263 2993 cum
286 2949 497 3002 vicefimo
520 2970 611 3000 uno
633 2970 770 3009 anno,
798 2955 1038 3017 postquam
1068 2955 1126 3003 ad
1158 2955 1317 3001 Scotos
1347 2951 1559 3008 redierat,
1587 2951 1816 3000 redditum
1840 2954 1930 3002 fuit

158 3012 344 3075 Anglis.
411 3016 690 3066 Glocestrius
719 3035 768 3066 re
789 3018 898 3065 foris
924 3020 1038 3067 bene
1060 3020 1198 3083 gesta,
1222 3034 1326 3066 cum
1356 3019 1529 3065 summa
1547 3017 1853 3080 gratulatione
1870 3019 1930 3066 ad

160 3074 260 3122 suos
281 3077 342 3122 est
362 3079 574 3128 reversus.
627 3083 865 3130 Eduardus
887 3083 945 3130 de
963 3083 1139 3131 consilii
1160 3082 1380 3130 sententia
1401 3081 1708 3145 censuit‚quae
1728 3082 1787 3128 de
1810 3099 1929 3147 nup·

160 3138 238 3186 tiis
256 3143 412 3201 pactus
433 3155 528 3191 erat
543 3144 672 3193 irrita
692 3146 788 3194 fieri
803 3146 949 3212 magis
967 3148 992 3196 ὲ
1012 3165 1061 3195 re
1080 3148 1281 3211 Anglica
1300 3147 1384 3195 effe
1406 3165 1417 3194 :
1442 3146 1567 3210 quod
1583 3147 1630 3192 in
1648 3145 1785 3193 tantis
1807 3147 1932 3208 innte-

160 3202 286 3260 stinis
305 3203 491 3253 diffidiis
513 3211 753 3266 metueret,
781 3228 839 3258 ue
869 3212 1028 3260 Iacobi
1049 3211 1282 3275 posteritas
1316 3223 1460 3275 regno
1477 3210 1723 3275 pelleretur
1747 3229 1758 3258 :
1790 3215 1930 3275 atque·

159 3267 209 3316 in
242 3268 575 3328 Alexandrum,
599 3291 738 3337 quem
759 3275 792 3322 fi
812 3277 991 3339 Regem
1015 3277 1201 3332 fecisset,
1225 3289 1354 3323 tanto
1377 3274 1600 3323 beneficio
1622 3274 1705 3322 fibi
1730 3274 1929 3335 obnoxi*-

159 3347 241 3379 um
258 3344 482 3395 perpetuo
501 3335 551 3383 in
568 3337 774 3385 amicitia
792 3341 1133 3400 permansurum
1154 3337 1378 3405 sperabam
1393 3338 1584 3403 pronior
1599 3349 1711 3387 'ei-at.
1778 3338 1928 3395 Fusci·-

161 3395 246 3443 alis
267 3397 607 3462 Edimburgum
629 3403 692 3448 est
709 3401 973 3467 miffus3qui
993 3404 1258 3453 affinitatem
1294 3402 1599 3457 renunciarem
1618 3409 1658 3450 &
1677 3404 1830 3450 dotem
1853 3414 1928 3448 re-
1947 3434 1955 3437 -
1988 3418 1992 3422 ⁴

159 3460 379 3526 posceret.
445 3463 490 3510 Is
513 3464 573 3512 ad
592 3465 808 3514 offlwum
822 3467 1052 3518 Caiendas
1073 3468 1357 3520 Novembris
1376 3481 1483 3518 cum
1499 3467 1568 3517 sui
1583 3469 1802 3518 adventus
1816 3474 1927 3514 cat-

212 3580 276 3643 (ι)
304 3604 328 3633 2
346 3593 505 3646 Augusti
530 3593 665 3647 1482.

1840 3638 1933 3698 sam
