1992 3801
141 117 274 179 414
450 97 818 163 RERUM
911 96 1674 180 Scuo’rrcnRuM·

139 193 387 241 Britanniae
402 194 576 258 Regem
599 195 696 259 post
718 195 759 241 se
777 193 1052 257 relinqueret
1075 213 1091 241 ι
1133 200 1174 241 &
1195 212 1288 258 quo
1309 194 1479 242 firmius
1502 193 1718 256 promissis
1743 198 1910 254 crede·
1969 203 1992 250 ³2,-

137 272 223 312 ret,
248 275 352 311 eum
378 259 426 305 in
450 259 687 332 praesentia
706 260 886 306 Ducem
908 258 1257 314 Eboracensem‚
1277 276 1328 306 ac
1347 258 1478 323 regni
1502 259 1698 323 Anglici
1714 261 1925 308 vicari-⁷
1976 271 1992 327 .ss

139 339 216 368 um
239 337 575 384 pronunciaret.
1910 366 1912 370 Α
1983 366 1992 390 .·

163 395 164 399 ’
202 386 284 435 LI.
319 389 446 435 Cum
463 388 654 434 Iacobus
677 398 769 433 tam
793 385 972 448 magnis
995 386 1213 450 promissis
1235 386 1432 443 libenter
1452 386 1599 433 fuisset
1618 388 1822 443 assensum,
1844 406 1898 436 ae
1980 439 1982 441 ,

137 450 195 513 de
217 452 292 499 die
314 453 602 504 convenisset,
633 452 749 502 ‚duae
787 451 1004 498 faitiones
1046 451 1375 513 profectionem
1418 450 1560 514 Regis
1602 452 1651 498 in
1676 454 1899 516 Angliam
1983 460 1992 476 “

136 515 476 578 impediendam
502 515 816 577 suscaeperunt.
883 515 1164 562 Hamiltonii
1197 516 1395 570 occulte,
1434 516 1560 577 quod
1602 517 1801 578 proximi
1838 519 1906 563 es-

140 578 236 626 sent
257 581 475 632 haeredes‚
498 580 548 626 id
569 578 854 633 laborabant,
891 595 948 626 ne
983 581 1085 626 Rex
1109 595 1294 626 uxorem
1318 581 1520 633 duceret,
1555 579 1810 642 liberosque
1834 599 1925 634 κ’,
1989 574 1992 585 ’

137 644 384 707 linqueret,
406 643 486 706 qui
510 658 586 691 eos
611 660 636 689 a
657 643 921 689 suecessione
942 644 1070 707 regni
1094 645 1164 706 (1)
1190 639 1467 690 excluderet.
1536 645 1797 691 Sacerdotes
1821 646 1912 707 ipsi·

135 708 395 771 frequentes
410 708 763 755 contendebant.
804 707 962 753 Causae
994 710 1040 755 in
1057 709 1251 770 speciem
1274 709 1469 754 honessae
1488 708 1907 770 praetendebantur,

136 775 335 836 primum
362 774 578 835 pericula,
603 773 630 817 fi
651 771 697 816 in
713 773 975 833 potestatem
1000 771 1366 827 veterisinimici,
1391 773 1492 819 Rex
1513 788 1618 819 eum
1642 772 1797 835 paucis
1820 768 1908 819 sese

137 839 281 892 daret,
305 839 381 883 ubi
404 838 444 883 ei
466 836 576 882 velit
601 836 731 888 nolit,
756 836 915 882 alienae
937 835 1162 884 voluntati
1180 837 1587 898 obtemperandum
1603 836 1735 883 foret.
1766 837 1910 883 Reci-

95 895 97 903 ’
136 903 347 949 tabantar
362 903 582 962 majorum
604 900 831 961 exempla,
852 900 932 962 qui
960 902 1031 946 vel
1054 900 1321 946 credulitate
1343 900 1433 952 sua,
1475 901 1546 945 vel
1562 900 1695 945 hostis
1718 901 1910 963 perfidia

137 969 183 1012 in
220 980 467 1012 extremam
507 965 803 1011 neceffitatem
827 964 1028 1018 deduffi,
1052 981 1108 1010 ex
1131 964 1287 1010 amicis
1309 963 1737 1026 pollicitationibus,
1774 965 1904 1010 dam-

137 1047 267 1084 num,
282 1029 646 1092 &ignominiam
664 1030 854 1074 domurn
871 1030 1137 1075 retulerunt.
1154 1028 1411 1075 Iafiabatur
1423 1028 1580 1074 Iacobi
1595 1027 1732 1090 primi
1746 1028 1908 1074 infelix

141 1112 281 1149 error,
306 1097 387 1156 qui
410 1111 490 1156 per
512 1092 717 1139 inducias
735 1092 782 1137 in
804 1104 965 1138 terram
989 1098 1060 1154 (ut
1074 1092 1278 1152 rebatur)
1301 1093 1494 1139 amicam
1515 1089 1709 1146 delatus}
1731 1108 1811 1155 per
1830 1109 1914 1138 an-

143 1175 224 1205 nos
247 1157 500 1204 offlodecim
525 1157 732 1219 captivus
756 1158 983 1211 detentus,
1019 1157 1206 1202 tandem
1239 1157 1445 1218 expressis
1469 1156 1532 1202 ab
1553 1173 1607 1202 eo
1630 1156 1911 1203 conditioni-

143 1224 244 1276 bus,
270 1239 380 1283 quas
426 1239 509 1268 nec
532 1222 709 1276 debuit,
755 1237 838 1266 nec
877 1220 1031 1283 potuit
1067 1221 1291 1282 accipere,
1318 1237 1448 1267 avare
1487 1221 1572 1266 suis
1596 1221 1656 1267 est
1676 1220 1906 1267 venditus.

144 1287 462 1333 Proser-ebatur
496 1285 831 1333 Milcolumbus
871 1286 1091 1348 primum,
1125 1285 1291 1331 deinde
1331 1285 1470 1332 frater
1506 1283 1602 1344 ejus
1642 1284 1909 1331 Gulielmus

142 1354 381 1397 Scotorum
406 1347 557 1412 Reges
595 1349 737 1397 illeui
776 1350 1040 1396 Londinum
1064 1367 1144 1412 per
1166 1349 1423 1396 Henricum
1465 1348 1729 1403 secundum,
1770 1362 1916 1411 atque,

144 1416 253 1461 inde
275 1415 321 1461 in
357 1415 564 1462 Galliam
589 1414 823 1477 protraffii,
848 1425 895 1460 ut
917 1414 1110 1476 speciem
1137 1413 1246 1460 belli
1271 1413 1462 1477 gerendi
1484 1413 1693 1460 adversus
1716 1414 1911 1460 Gallum
1976 1443 1977 1448 =

142 1480 317 1526 vetusto
332 1479 503 1526 foedere
526 1480 608 1525 fibi
630 1479 920 1540 conjunctum
947 1479 1216 1540 praebercnt.
1270 1478 1334 1524 At
1356 1477 1471 1524 nihil
1493 1479 1655 1524 horum
1679 1477 1920 1538 Henricus-

140 1547 326 1590 oetavus
350 1544 502 1590 faciet.
569 1541 772 1590 Primum
804 1542 885 1604 qui
907 1542 1022 1589 istud
1045 1543 1233 1588 seiemus
1259 1547 1276 1588 ?
1309 1542 1473 1589 deinde
1495 1543 1623 1602 cujus
1640 1541 1909 1604 impruden!-

145 1610 221 1654 tiae
244 1610 303 1654 est
319 1609 522 1654 fortunas
540 1623 715 1661 omnes,
736 1608 897 1662 vitam,
918 1605 1142 1669 decusque
1162 1624 1263 1671 quae
1283 1607 1328 1653 in
1351 1620 1429 1653 tua
1450 1623 1587 1653 manu
1610 1599 1728 1661 sunt,
1752 1606 1912 1653 alienae

145 1673 355 1735 potestati
376 1672 673 1734 permittere?
704 1672 904 1718 Demum
926 1671 1191 1724 sacerdotes,
1219 1671 1299 1734 qui
1323 1687 1405 1733 pro
1428 1671 1512 1717 aris
1535 1687 1585 1715 ac
1599 1669 1710 1717 focis
1723 1670 1804 1716 fibi
1822 1687 1919 1726 cer-7
1989 1710 1991 1714 ,

149 1737 337 1782 tandum
358 1738 591 1788 videbant,
618 1737 837 1782 Iacobum
863 1735 1108 1782 Betonium
1131 1737 1242 1782 Fani
1266 1737 1463 1783 Andreae
1489 1733 1914 1797 Archiepiscopum,

149 1807 189 1847 ἑὶῑ
211 1801 469 1864 Georgium
495 1800 818 1848 Crichtonium
851 1799 1117 1846 Caledoniae
1140 1799 1436 1862 Episcopum,
1463 1799 1585 1845 senes
1609 1797 1832 1845 invalidos
1855 1799 1914 1845 ad

149 1867 298 1911 aulam
340 1879 668 1928 pertraxerant,
711 1864 902 1910 fremere
924 1864 1214 1927 religionem,
1260 1864 1348 1909 hoc
1369 1863 1604 1927 congressu
1636 1863 1787 1925 prodi,
1814 1878 1916 1925 quae

149 1942 219 1975 tot
242 1930 412 1976 saeculis
432 1947 456 1974 a
475 1929 722 1990 'majoribus
741 1929 926 1983 servata,
952 1929 1157 1975 custodes
1172 1927 1271 1975 suos
1294 1928 1562 1974 servaverit:
1591 1927 1718 1987 cujus
1737 1925 1915 1973 ruinam

151 2011 260 2040 mox
282 1994 413 2057 regni
437 1994 645 2041 interitus
668 1995 773 2040 esset
796 1994 1042 2040 secuturus.
1096 1994 1207 2039 Eam
1232 1991 1459 2038 leviffimis
1478 1992 1534 2037 de
1557 1991 1696 2037 causis
1720 1990 1920 2037 deserere

148 2060 238 2104 hoc
271 2058 519 2121 praesertim
546 2071 767 2120 tempore,
808 2074 911 2104 cum
952 2057 1181 2104 universus
1217 2055 1339 2103 orbis
1375 2072 1460 2120 pro
1482 2055 1578 2116 ejus
1603 2054 1922 2102 incolumitate

151 2138 258 2169 vota
282 2123 436 2177 faciat,
459 2129 498 2169 δι
523 2139 647 2179 arma
665 2122 843 2176 induat,
869 2138 958 2168 non
983 2121 1090 2168 dico
1113 2134 1285 2183 quanto
1307 2137 1411 2167 cum
1433 2120 1637 2183 periculo
1658 2119 1705 2164 in
1728 2119 1920 2181 praesen·

151 2189 231 2241 tia,
259 2195 297 2234 ἃ
321 2189 367 2234 in
393 2186 848 2250 posterumsinfamia,
889 2186 963 2232 sed
986 2198 1159 2249 quanto
1196 2201 1298 2230 cum
1332 2184 1497 2231 scelere
1535 2183 1835 2245 &impietate
1868 2184 1923 2230 sit

154 2253 466 2312 conjunEtum.
521 2251 609 2298 His
632 2252 758 2298 velut
781 2249 1002 2297 machinis
1022 2249 1218 2299 admotis
1242 2265 1346 2295 cum
1378 2249 1519 2312 Regis
1541 2248 1745 2294 animum
1769 2248 1926 2310 super-

167 2316 416 2363 ·titionibus
440 2315 692 2362 obnoxium
718 2314 1068 2367 labefactassent,
1094 2327 1187 2360 tum
1204 2313 1445 2375 corrupti5‚
1468 2311 1546 2375 qui
1567 2311 1816 2374 plurimum
1840 2328 1924 2375 po-

156 2393 306 2426 terant
328 2381 505 2436 aulicis,
527 2396 738 2441 magnam
764 2397 846 2442 per
865 2396 942 2425 eos
963 2378 1082 2442 Regi
1107 2377 1314 2440 pecunia:
1329 2378 1422 2424 vim
1445 2375 1860 2440 polliciti,flpenitus
1876 2393 1929 2423 e.

158 2462 235 2490 um
271 2462 297 2489 a
332 2445 566 2506 collequio
598 2456 872 2490 averterunt.
926 2445 1122 2506 'Anglus
1145 2457 1228 2505 pro
1262 2442 1318 2488 eo'
1338 2458 1391 2488 ac
1415 2439 1576 2488 debuit
1607 2457 1702 2487 rem
1725 2438 1919 2504 indigne

152 2509 259 2556 tulit
285 2526 295 2553 :
329 2508 394 2558 ita
415 2507 738 2555 discordiarum
763 2508 931 2554 semina
951 2506 1114 2554 iterum
1132 2507 1269 2568 jaeta.
1682 2516 1688 2521 ’

222 2574 328 2620 LII.
363 2574 544 2620 Interea
564 2573 664 2618 Rex
688 2573 955 2619 diuturnum
974 2571 1241 2618 coelibatum
1266 2567 1502 2634 ae'gerrime
1525 2568 1690 2622 ferens,
1706 2581 1807 2615 ‘non
1830 2582 1928 2614 ma-

155 2638 225 2701 gis
264 2637 572 2700 legationibus
596 2636 811 2690 externi5‚
852 2651 992 2699 quam
1025 2634 1280 2682 domesticis
1302 2634 1553 2680 aulicorum
1579 2631 1925 2680 dissentionibus

154 2707 215 2750 in..
229 2701 400 2748 diversa
422 2700 767 2755 distrahebatur,
791 2700 1005 2747 omnibus
1029 2699 1275 2747 utilitatem
1305 2696 1539 2761 publicam
1562 2694 1958 2760 praefereniibus,‚‘

160 2766 317 2813 multis
337 2779 489 2812 tamen
513 2782 538 2811 e
560 2764 749 2827 publico
766 2763 955 2828 negotio
972 2762 1200 2827 privatum
1221 2764 1583 2809 emolumentum
1605 2760 1928 2822 spectantibuS,
1987 2809 1989 2813 ,

160 2838 201 2878 &
223 2845 486 2894 quanquam
509 2828 731 2892 plaexique
772 2830 905 2875 rebus
942 2828 1100 2875 Caroli
1140 2826 1408 2874 florentibus
1441 2825 1705 2873 affinitatem
1745 2840 1847 2871 cum
1873 2839 1930 2872 eo

164 2895 327 2942 utilem
352 2894 676 2948 existimarent,
697 2894 799 2940 Rex
812 2893 904 2955 ipse
927 2906 1079 2940 tamen
1101 2891 1291 2954 pronior
1304 2891 1353 2938 in
1376 2890 1606 2937 Gallicam
1621 2888 1868 2936 amicitiam
1883 2904 1933 2946 e-

159 2971 244 3006 rat.
297 2960 458 3021 Itaque
479 2973 584 3004 cum
607 2972 688 3018 per
704 2957 880 3021 legatos
901 2973 970 3004 res
990 2973 1083 3004 non
1099 2955 1413 3009 conficeretur,
1432 2953 1591 3017 ipsein
1611 2953 1813 3001 Galliam
1848 2955 1943 2999 na-'

161 3025 318 3087 vigare
338 3022 503 3077 statuit,
529 3028 568 3069 &
592 3020 723 3068 claffe
743 3038 826 3084 pro
845 3020 1065 3084 temporis
1087 3018 1312 3067 brevitate
1331 3032 1507 3073 ornata,
1546 3017 1736 3081 septimo
1760 3017 1929 3064 Calen-

165 3091 244 3135 das
269 3086 464 3150 Augusti
485 3100 622 3149 portu
639 3087 798 3133 Lethae
817 3084 966 3142 solvit,
986 3084 1200 3132 omnibus
1218 3099 1312 3146 quo
1334 3094 1544 3147 pergeret
1563 3081 1751 3146 ignaris.
1801 3081 1928 3142 Nam

164 3151 355 3217 plurimi
376 3149 591 3198 rebantur
625 3150 844 3214 Angliam
867 3162 1044 3212 petere,
1067 3161 1117 3195 ut
1144 3149 1428 3194 avunculum
1461 3145 1744 3207 conveniret,
1778 3143 1930 3208 poeni-

167 3215 311 3275 tentia
344 3213 563 3262 videlicet
586 3216 791 3270 dueturn,
811 3214 939 3277 qued
960 3211 1187 3276 superiore
1212 3227 1332 3258 anno
1355 3226 1461 3258 cum
1482 3226 1538 3258 eo
1559 3209 1816 3274 congreffus
1836 3220 1930 3264 non

161 3282 283 3339 esset.
340 3277 442 3325 -Sed
453 3295 557 3326 cum
578 3291 678 3326 orta
699 3278 961 3341 tempestate
981 3276 1129 3324 ventis
1151 3274 1386 3339 contrariis
1402 3273 1663 3335 jactaretur,
1687 3269 1926 3337 sciscitanti

170 3344 299 3405 navis
358 3342 636 3403 ubernatori,
659 3358 798 3404 quem
832 3340 1011 3388 cursum
1031 3339 1176 3390 teneri
1204 3339 1361 3396 vellet,
1395 3337 1444 3385 in
1466 3337 1738 3402 quamlibet,
1759 3332 1926 3404 inquit,
1964 3352 1966 3358 ’

168 3411 200 3456 fi
220 3360 391 3456 neceise
407 3409 477 3466 est*
491 3420 657 3464 terram
677 3405 860 3470 appelle
879 3416 1045 3469 praeter
1068 3419 1202 3454 unam
1221 3403 1461 3471 Angliam,
1485 3415 1584 3458 tum
1614 3402 1798 3466 demum
1814 3407 1815 3410 ’
1829 3411 1929 3465 ςιῦὸ

141 3542 144 3547 ’
211 3538 369 3587 -(.f1)A1.
390 3540 639 3581 excluderent»
695 3597 699 3600 ι
1931 3585 1933 3591 .

1818 3604 1927 3641 Con.-
