2025 3831
401 131 740 196 LrssER
827 125 1530 191 DUoDECIMUS.
1711 143 1841 207 335

4 232 15 279 ἶ]
82 231 234 279 cidere
254 225 382 287 solet)
400 225 544 272 aliena
564 224 700 270 etiam
720 222 875 269 fraude
889 223 1060 284 gestum
1083 219 1350 266 fueritsecus
1369 236 1419 265 ac
1437 219 1623 282 publica
1645 220 1836 274 utilitas,

2 273 15 347 i,
84 310 163 342 aut
184 310 318 358 quem
341 289 514 337 tenebit
545 289 637 335 loci
659 287 855 350 dignitas
877 287 1085 348 postulet,
1107 285 1248 346 quam
1271 285 1461 330 multam
1485 284 1511 328 a
1534 285 1671 346 Regis
1696 299 1839 333 matre

7 357 9 363 ’
82 361 317 422 exigemus
342 358 359 400 ?
404 365 481 398 aut
502 369 639 414 quam
674 356 938 413 expetem‘us
972 365 1156 412 poenam
1178 353 1195 394 ?
1241 349 1362 410 apud
1384 364 1498 409 quos
1522 365 1670 394 rerum
1694 353 1837 412 gesta-

88 440 188 468 rum
206 420 320 467 ratio
342 417 595 479 reposcetur
615 421 631 462 ?
664 416 786 478 apud
809 413 1028 461 muliebre
1049 413 1297 458 concilium
1319 412 1366 457 in
1388 428 1619 474 gynaecaeo
1641 413 1697 458 de
1720 415 1839 462 sum-

85 503 159 532 ma
194 499 343 530 rerum
375 480 741 527 consultabitur?
790 481 885 526 Vos
909 479 975 524 ibi
1012 478 1205 523 decretis
1229 489 1305 522 aut
1338 475 1502 538 singuli
1536 475 1838 533 subscribetis,

87 540 164 595 aut
187 546 377 592 univerfi
401 547 601 591 auetores
624 543 749 590 eritis
775 561 785 589 :
828 549 867 589 &
889 558 1027 603 quam
1052 542 1127 587 vix
1149 542 1387 594 inermem,
1411 539 1609 603 legibus,
1634 544 1683 588 Sc
1700 548 1840 589 mori..

85 612 169 659 bus
190 610 321 656 vobis
339 609 586 655 obnoxiam
621 608 832 654 cohibere
864 623 985 651 nunc
1013 605 1212 668 potestis,
1239 604 1505 650 aneton-itate
1536 605 1676 650 vestra
1705 606 1842 653 semel

83 690 302 722 armatam
328 674 596 718 muliebrem
619 670 935 733 impotentiam
961 669 1226 714 sustinebitis
1252 672 1268 714 ?
1319 669 1488 729 Neque
1510 668 1598 713 hoc
1627 671 1683 716 eo
1720 669 1745 715 a
1768 688 1842 716 me

81 740 254 786 dictum
276 737 542 789 existimate,
568 736 694 797 quod
716 736 961 797 quicquam
987 734 1074 778 tale
1098 732 1125 777 ὲ
1147 732 1335 778 foemina
1357 732 1600 786 lectissima,
1628 739 1667 779 Sc
1689 736 1840 781 omni-

85 820 160 850 um
183 806 320 865 longe
345 800 658 847 modestiffima
680 812 878 845 metuam
906 815 916 843 ε
950 798 1023 842 sed
1057 797 1183 859 quod
1219 796 1366 850 nobis,
1393 797 1557 858 quibus
1581 797 1734 846 omnia
1758 801 1841 846 ad·

79 867 171 914 huc
206 868 254 913 in
288 882 424 912 manu
455 865 570 918 sunt,
601 877 732 926 turpe
763 864 945 916 ducam,
971 862 1093 923 spem
1128 862 1286 907 nostrae
1319 860 1668 917 incolumitatis,
1701 880 1841 926 quam

83 932 215 979 nobis
256 930 360 993 ipsis
398 929 563 975 debere
598 930 826 991 possumus
884 926 930 971 iu
971 926 1118 972 aliena
1159 927 1372 984 potestate
1410 926 1635 972 collocare
1667 943 1677 972 :
1724 945 1841 990 prae-

83 996 232 1042 sertim
257 1012 361 1040 cum
386 1010 467 1055 pro
492 993 621 1040 nobis
652 993 819 1040 faciant
840 990 1026 1044 divina-2,
1056 995 1096 1036 &
1119 990 1328 1035 humanae
1358 991 1500 1052 leges,
1525 995 1564 1036 ἅτ
1587 1005 1678 1037 non
1701 994 1843 1041 modo

81 1062 305 1122 majorum
330 1060 577 1105 nostrorum
600 1056 893 1109 consuetudO‚
914 1056 988 1101 sed
1006 1054 1230 1107 omnium,
1248 1059 1316 1115 (1)
1331 1054 1412 1115 qui
1432 1054 1600 1116 ubique
1621 1068 1842 1106 terrarum

78 1124 180 1170 sunt
203 1125 410 1187 gentium
435 1122 683 1168 consti-isus,
754 1122 983 1166 Tulerunt
1007 1119 1195 1181 quidem
1218 1119 1263 1164 in
1289 1119 1463 1165 summo
1486 1119 1669 1165 honoris
1693 1124 1842 1184 gradu

20 1192 23 1193 ⁷
80 1189 285 1235 nationes
316 1188 527 1249 quaedam
551 1187 778 1240 foeminas,
804 1200 894 1230 non
918 1184 1016 1229 illas
1039 1183 1227 1244 quidem
1244 1182 1442 1241 judicio,
1467 1186 1516 1231 &
1547 1183 1768 1248 suffragiis
1791 1205 1842 1234 e-

82 1253 236 1306 leetas,
263 1253 336 1298 sed
367 1251 480 1297 sorte
513 1250 718 1296 inscendi
754 1249 944 1295 oblatas.
1011 1248 1181 1292 Nullus
1213 1260 1365 1292 tamen
1400 1264 1600 1308 unquam
1623 1252 1840 1312 populus,

81 1319 186 1363 cum
210 1317 352 1362 libera
371 1316 508 1362 essent
531 1315 755 1378 fiuffragia‚
779 1323 880 1359 cum
911 1311 1115 1358 virorum
1137 1313 1538 1373 quantulacunque
1561 1314 1665 1359 ess'et
1688 1316 1840 1378 copia,

81 1382 164 1428 fibi
187 1381 395 1428 foeminas
419 1380 636 1441 praefecit.
706 1371 1017 1440 Quamobrem
1038 1375 1122 1421 viri
1139 1375 1362 1421 clarissimi
1384 1375 1562 1430 suadeo,
1577 1378 1746 1441 v6sque
1761 1397 1843 1427 ve-

81 1445 317 1492 hementer
338 1445 568 1499 adhortor,
589 1457 636 1489 ut
651 1443 782 1504 juxta
803 1443 926 1504 leges
951 1441 1193 1502 patriam&
1214 1440 1437 1500 majorum
1458 1441 1658 1489 instituta
1682 1454 1841 1501 unum,

82 1523 162 1556 aut
184 1512 333 1572 plures
355 1508 492 1555 etiam
521 1510 549 1554 fi
572 1508 636 1554 ita
662 1506 907 1558 videbitur,
938 1522 993 1550 ex
1015 1503 1312 1567 optimatibus
1346 1504 1515 1550 scilicet
1537 1507 1736 1568 optimos
1758 1510 1842 1557 eli-

81 1574 216 1637 gatis,
242 1574 321 1636 qui
354 1572 535 1619 interim
570 1588 761 1636 regnum
786 1569 1113 1622 administrent,
1137 1568 1246 1614 dum
1270 1570 1372 1615 Rex
1392 1585 1447 1614 eo
1474 1569 1637 1616 robore
1660 1572 1713 1618 fit
1731 1578 1770 1619 &
1793 1591 1843 1620 a-

77 1638 211 1690 nimi,
229 1645 267 1684 Sc
283 1635 501 1699 corporis,
518 1649 564 1682 ut
584 1636 678 1697 ipse
699 1637 751 1682 ad
770 1651 918 1681 rerum
940 1633 1250 1696 gubernacula
1270 1633 1503 1679 admoveri
1523 1635 1668 1695 poffit.
1703 1639 1843 1701 Qod

37 1703 43 1706 ’
78 1701 234 1749 faxitis
258 1703 413 1751 Deum
437 1701 681 1764 Optimum
700 1700 960 1746 Maximum
984 1696 1214 1744 fortunare
1237 1703 1277 1743 <Sc
1297 1698 1420 1752 volo,
1443 1704 1482 1744 δε
1505 1702 1669 1760 opt0.''

113 1767 117 1770 ’
145 1767 300 1814 XVII.
337 1767 454 1812 Haec
475 1782 580 1812 cum
599 1765 848 1811 Kennedus
873 1779 978 1809 cum
1000 1763 1121 1808 haud
1146 1762 1286 1808 dubia
1307 1762 1488 1824 majoris
1512 1763 1650 1825 partis
1669 1767 1843 1814 affenfi.

80 1847 168 1878 one
192 1830 382 1884 dixiffet,
405 1830 562 1877 caeteri
584 1848 640 1876 ne
653 1829 811 1876 frustra
833 1841 988 1875 contra
1011 1827 1095 1873 niti
1119 1826 1395 1881 viderentur,
1414 1826 1460 1873 in
1486 1843 1644 1886 eorum
1665 1829 1844 1878 senten-

82 1896 193 1943 tiam
215 1896 537 1943 concesserunt.
606 1896 695 1940 Res
730 1907 882 1940 autem
913 1893 1001 1938 hoc
1036 1891 1231 1938 maxime
1254 1892 1393 1937 modo
1415 1892 1475 1937 est
1501 1895 1767 1956 composita,
1793 1908 1844 1944 ut

82 1975 241 2008 neutra
271 1960 467 2022 partium
503 1960 633 2005 alteri
666 1957 822 2004 ceffisse
854 1957 1098 2015 videretur.
1166 1955 1268 2003 Bini
1302 1954 1326 2002 ὲ
1361 1956 1546 2019 singulis
1569 1957 1843 2007 faetionibus

81 2025 278 2071 adhibiti
300 2023 356 2071 ad
382 2025 523 2087 Regis
545 2024 808 2078 custodiam,
833 2021 915 2084 qui
939 2022 1123 2083 publica
1144 2019 1328 2084 negotia
1348 2036 1454 2066 cum
1478 2021 1564 2068 fide
1582 2025 1844 2080 trae‘tarent,

81 2087 325 2152 vestigalia
346 2088 494 2152 Regia
514 2088 799 2150 colligerent,
825 2103 876 2133 ac
904 2085 1224 2147 dispensarent,
1256 2083 1549 2148 familiaeque
1579 2087 1740 2150 Regiae
1762 2106 1845 2136 cu·

81 2169 176 2200 ram
202 2166 424 2211 gererent.
491 2154 528 2198 E
551 2151 747 2198 fafflone
766 2151 958 2215 Reginae
985 2151 1053 2210 (2)
1082 2149 1345 2195 G'ulielmus
1369 2149 1588 2205 Gramus,
1610 2157 1650 2198 δε
1665 2154 1847 2200 Rober-

84 2230 157 2264 tus
189 2218 358 2264 Bodius
380 2231 477 2264 tum
502 2216 829 2263 Cancellarius.
901 2215 1101 2260 Alterius
1125 2213 1334 2276 fat-{tionis
1356 2214 1583 2261 Robertus
1607 2218 1845 2266 Orcadum

83 2282 269 2336 ComeS,
288 2287 327 2328 &
343 2284 411 2344 (3)
429 2284 619 2327 Ioannes
640 2281 908 2334 KennedUS,
924 2295 1082 2324 omnes
1103 2276 1378 2325 familiarum
1401 2278 1578 2325 suarum
1596 2281 1845 2346 principes.

17 2360 22 2366 ‘
82 2346 305 2407 Adjumsti
326 2347 394 2392 his
418 2346 509 2392 duo
532 2344 748 2408 Episcopi
771 2343 1073 2398 GlascuenfiS,
1091 2346 1139 2390 St
1158 2343 1456 2390 Caledonius.
1523 2345 1718 2407 Reginae
1740 2364 1847 2410 per-

81 2411 276 2465 missum,
297 2423 343 2457 ut
363 2410 625 2458 educationi
641 2409 782 2472 Regis
802 2408 982 2462 adesset,
1000 2407 1139 2454 modo
1158 2423 1214 2453 ne
1236 2424 1373 2469 quam
1391 2419 1568 2470 partem
1591 2426 1710 2456 curae
1726 2412 1848 2473 pub·

82 2474 183 2522 licae
206 2476 462 2539 attingeret.
526 2474 830 2537 Reliquorum
853 2489 960 2519 vero
984 2472 1232 2518 liberorum
1270 2475 1418 2532 (erant
1441 2486 1591 2520 autem
1616 2476 1846 2536 quaterni,

83 2539 344 2587 Alexander
361 2541 472 2587 Dux
492 2539 723 2595 Albinius,
739 2540 932 2586 Ioannes
956 2537 1124 2584 Comes
1144 2538 1347 2592 Marriae,
1367 2550 1419 2583 ac
1441 2538 1543 2584 duae
1567 2539 1753 2603 puellae)
1774 2541 1849 2606 ip..

85 2602 129 2650 sa
147 2604 407 2652 educationi
431 2604 647 2662 praeesset.

137 2706 200 2756 (1)
222 2709 288 2746 Al.
306 2721 401 2756 quae.
422 2707 609 2745 Sall.Cat.
634 2719 696 2757 39.
717 2704 861 2745 animos
879 2719 941 2745 eo·
993 2704 1054 2743 his
1072 2705 1354 2756 south-country
1372 2707 1475 2744 lands
1493 2715 1532 2744 to
1550 2706 1594 2744 fir
1612 2706 1757 2755 Oliver,
1777 2709 1850 2745 and

84 2771 167 2797 rum
181 2761 305 2797 Plebis
319 2761 398 2799 scil.
419 2760 568 2798 arrexit.
994 2759 1061 2796 t-he
1088 2761 1252 2798 earldom
1281 2761 1325 2798 of
1347 2759 1541 2797 Caithness
1570 2769 1608 2797 to
1636 2761 1846 2810 William3

141 2814 204 2862 (2)
224 2814 399 2851 William
418 2815 496 2851 lord
511 2813 695 2857 Graham,
714 2813 937 2863 predecessor
991 2813 1058 2850 but
1086 2813 1150 2850 the
1181 2814 1274 2851 earls
1297 2813 1341 2851 of
1362 2813 1558 2851 Caithness
1587 2816 1746 2852 contend
1765 2814 1849 2852 that

85 2871 125 2902 to
156 2866 358 2914 Montrose,
395 2867 539 2905 Robert
556 2867 635 2904 lord
653 2868 759 2913 Boid‚
795 2866 938 2904 Robert
991 2865 1260 2908 Willjamwas
1278 2868 1379 2906 older
1398 2865 1490 2904 than
1510 2866 1554 2906 fir
1569 2866 1714 2905 Oliver.
1759 2869 1851 2906 Earl

85 2917 255 2955 Sinclare
271 2921 342 2957 earl
363 2920 408 2957 of
431 2920 602 2970 Orkney,
623 2922 692 2957 and
710 2920 812 2972 John
833 2918 937 2966 (read
991 2919 1170 2957 William
1184 2920 1250 2958 the
1266 2921 1411 2957 Waster
1425 2920 1492 2958 lost
1505 2919 1665 2970 Orkney
1677 2922 1748 2958 and
1765 2934 1851 2959 ma-

87 2970 259 3020 Gilbert)
277 2973 357 3009 lord
378 2974 577 3022 Kernedy.
633 2972 720 3010 The
738 2973 938 3022 genealogy
991 2985 1041 3022 ny
1058 2973 1163 3010 lands
1180 2973 1221 3010 in
1241 2973 1438 3010 Denmark
1457 2975 1527 3010 and
1547 2974 1754 3024 Germany.
1774 2975 1850 3012 His

85 3023 132 3059 of
145 3023 209 3060 the
226 3023 339 3062 house
361 3026 405 3062 of
418 3027 583 3064 Sinclare
604 3025 744 3065 calleth
769 3027 844 3064 this
863 3027 938 3064 earl
993 3024 1056 3065 son
1071 3026 1118 3063 fir
1129 3028 1259 3077 Henry
1276 3027 1442 3065 Sinciare
1461 3026 1505 3075 by
1523 3025 1618 3074 king
1633 3027 1759 3079 James
1772 3029 1850 3066 IV.

59 3087 75 3112 ,s
86 3075 133 3113 of
157 3077 314 3126 Orkney
337 3077 513 3116 William
538 3079 714 3127 Sinclare,
746 3079 812 3118 the
842 3081 940 3118 same
993 3091 1124 3130 anno}
1140 3080 1202 3129 48
1215 3080 1254 3127 8,
1273 3093 1349 3117 was
1368 3080 1521 3118 restored
1539 3087 1578 3117 to
1596 3079 1641 3118 be
1659 3081 1739 3119 lord
1758 3081 1848 3118 Sin·

80 3129 174 3169 who
188 3143 259 3167 was
267 3131 478 3168 chancellor
489 3133 702 3171 mentioned
717 3133 855 3182 before,
869 3132 937 3171 lib.
973 3130 981 3131 7
993 3133 1107 3179 clare,
1124 3135 1194 3170 and
1210 3132 1318 3171 chief
1331 3133 1376 3170 of
1389 3132 1472 3171 that
1489 3134 1615 3172 blood.
1643 3133 1730 3171 The
1750 3134 1850 3172 same

88 3191 153 3227 11,
175 3197 251 3232 cap.
287 3197 348 3234 33.
366 3183 438 3220 His
451 3184 526 3223 first
540 3185 627 3222 wife
643 3197 717 3224 was
734 3187 935 3225 Elizabeth
992 3186 1171 3223 william
1188 3186 1253 3224 the
1266 3186 1423 3232 Waster,
1438 3185 1477 3223 in
1492 3199 1513 3223 a
1530 3185 1792 3225 confirmation
1809 3185 1855 3224 of

85 3234 240 3285 Duglass
252 3235 431 3284 daughter
441 3236 777 3278 toArchbaldduke
789 3241 833 3278 of
837 3241 943 3278 Tou·
997 3239 1064 3277 the
1085 3239 1222 3289 barony
1240 3239 1284 3277 of
1307 3239 1539 3288 Newburgh,
1570 3240 1662 3278 16th
1690 3240 1735 3278 of
1746 3240 1849 3278 Nov.

85 3289 255 3339 raine‚by
266 3290 393 3332 whom
405 3289 453 3328 he
466 3289 536 3328 had
547 3303 618 3331 oue
630 3291 692 3329 son
705 3292 944 3336 namedWii-
1001 3303 1018 3329 1
1032 3305 1061 3341 4
1074 3306 1093 3343 5
1109 3306 1148 3343 9,
1167 3292 1198 3333 is
1215 3293 1332 3330 called
1348 3292 1468 3336 Filius
1484 3296 1519 3331 δε
1539 3292 1657 3330 haeres
1674 3303 1851 3342 apparens

88 3341 181 3379 liam
207 3343 273 3380 the
291 3344 435 3383 Waster
451 3357 459 3380 ε
482 3343 541 3380 his
560 3346 605 3380 2d
619 3344 706 3382 wife
722 3344 889 3397 Marjory
901 3360 943 3389 or
997 3345 1187 3383 Gulielmi
1206 3346 1355 3384 comitis
1382 3347 1572 3387 Orcadum
1600 3349 1636 3382 δε
1656 3345 1849 3382 Cathane-

85 3394 705 3445 ‘MargaretSutherland,daughter
719 3405 758 3435 to
770 3400 947 3447 Alexan·
995 3399 1056 3437 fiae
1077 3412 1088 3436 t
1118 3399 1304 3450 whereby,
1319 3400 1398 3449 says
1425 3399 1503 3437 Mr.
1533 3398 1738 3443 Crawford,
1759 3397 1790 3434 it
1813 3397 1848 3435 is

90 3448 154 3484 der
167 3451 298 3487 master
310 3450 355 3488 of
367 3449 590 3487 Sutherland
608 3449 692 3487 who
705 3450 788 3489 bare
798 3459 837 3490 to
853 3452 938 3498 him
994 3452 1232 3499 evidentthat
1249 3453 1315 3489 the
1345 3452 1447 3501 right
1465 3452 1616 3500 reading
1641 3451 1672 3487 is
1692 3450 1847 3488 Guliel-

91 3505 169 3538 two
196 3502 288 3550 sons,
319 3504 363 3541 fir
391 3502 523 3540 Oliver
550 3504 620 3539 and
637 3503 844 3542 Williamz
872 3505 955 3544 ther
988 3518 1075 3544 mus
1094 3506 1282 3543 orcadum
1301 3506 1450 3545 comes.

43 3595 47 3600 ὓ
91 3550 215 3591 father
246 3556 445 3604 foreseeing
475 3556 541 3592 the
578 3555 796 3607 prodigality
807 3557 853 3595 of
876 3556 954 3597 hisv
1040 3560 1109 3612 (3)
1137 3557 1278 3601 Others
1296 3560 1368 3600 Call
1384 3558 1469 3603 him
1488 3556 1652 3597 Gilbert.

88 3605 199 3672 {ldest
216 3606 279 3649 son
296 3610 484 3658 waliam,
505 3622 594 3659 gave
612 3608 759 3658 Roffin,
770 3609 865 3650 with
883 3612 937 3651 all
1556 3632 1738 3683 XVIII·
1751 3634 1793 3684 R
1796 3651 1847 3686 e-
