1992 3801
139 129 353 214 446‘
453 133 818 208 RERUM
910 120 1664 228 ScorrcARUM-

133 225 316 273 ,cendiis
338 233 542 280 contenti
563 252 684 284 arces
707 240 920 300 quasdam
944 244 1143 293 munitas
1171 247 1217 295 vi
1238 265 1477 313 coeperant,
1521 263 1559 303 Sc
1581 259 1797 320 praefidiis
1819 280 1904 312 oc-

137 303 357 351 cuparant
442 297 545 345 Nec
580 301 629 348 in
669 303 854 366 reliquis
887 305 1113 356 limitibus
1150 329 1219 359 res
1253 316 1418 377 quietae
1450 335 1594 370 erant.
1670 327 1901 376 Robertus
1934 371 1939 378 ,

134 352 439 415 Maxuallius,
463 361 511 408 in
533 381 668 426 quem
697 369 896 415 maxima
919 371 1029 418 belli
1070 378 1304 438 tempestas
1341 381 1625 442 incubuerat,
1649 390 1906 439 Edimbur-

129 432 243 479 gum
268 421 325 466 ad
348 425 567 474 auxilium
586 430 718 475 rebus
741 449 858 493 pene
879 435 1071 496 perditis
1088 442 1581 501 poscendumvenerat.
1649 455 1748 515 Jam
1773 458 1899 506 enim

129 483 179 527 in
198 484 317 547 agris
343 486 605 538 solitudines
624 496 762 541 vastas
786 498 869 543 effe
895 517 906 545 ε
943 503 1148 563 praefidia
1169 507 1226 552 ab
1243 507 1442 556 inimicis
1465 516 1607 562 teneri
1634 537 1646 564 :
1700 522 1913 569 cultores¹

128 561 342 609 agrorum
367 553 546 605 sedibus
571 558 727 619 patriis
757 560 941 621 ejecios,
981 568 1282 633 omniumque
1316 590 1465 622 rerum
1487 577 1647 640 inopia
1662 585 1897 632 confectos

127 611 382 661 amicorum
406 618 713 670 misericordia
734 625 886 673 vivere
911 646 922 675 :
948 633 1082 692 quod
1106 633 1242 681 fidem
1265 652 1371 699 erga
1393 642 1569 705 Regem
1592 661 1768 695 mutare
1791 652 1894 696 nol-

122 675 238 734 lent,
257 679 357 726 haec
379 683 491 743 pati.
549 688 688 748 Qod
712 689 792 735 nifi
814 708 971 740 eorum
989 698 1174 759 egestati
1190 701 1501 763 prospiciatur,
1524 708 1647 756 brevi
1669 713 1899 770 futurum,
1936 714 1942 717 ’

94 755 97 756 ’
126 752 178 786 ut
201 747 238 788 δι
258 742 341 805 ipsi
361 746 656 797 fuismiseriis
692 756 853 810 coa6'ti‚
880 762 918 803 δι
940 760 1081 807 vicini
1106 764 1318 813 similium
1341 783 1470 833 metu⁴
1488 771 1535 818 in
1556 774 1688 821 fidem
1716 779 1896 841 Anglo-

122 818 226 851 rum
267 809 309 854 se
351 810 536 860 dedant.
589 816 662 869 Ei,
707 831 755 864 ut
788 817 863 866 sua
896 838 1199 887 recuperaret,
1242 831 1412 878 auxilia
1449 839 1658 896 promissa
1727 842 1897 889 Proiex

82 888 85 895 ·
121 881 226 916 cum
250 877 498 921 exercitum
521 881 578 926 eo
601 881 803 936 duceret,
823 886 881 931 ad
904 888 1141 951 Megatam
1163 901 1342 941 amnem
1363 899 1499 945 castra
1520 901 1686 962 posuit.
1753 907 1826 951 Ibi
1845 924 1896 953 a-

121 933 270 991 micis,
308 944 346 984 &
369 943 641 1004 propinquis
667 946 926 997 Cardinalis
967 951 994 997 ὲ
1016 955 1213 1019 Prorege
1249 958 1511 1020 importune
1542 968 1820 1026 petentibus,
1847 983 1896 1030 ut

121 998 381 1062 Georgium
403 1005 603 1054 Lesliutn
628 1010 854 1058 Normani
880 1028 1072 1075 patrem,
1108 1021 1190 1081 qui
1212 1021 1278 1067 ibi
1313 1024 1483 1080 aderat,
1508 1027 1648 1090 injus
1671 1047 1854 1080 vocaret
1878 1053 1891 1083 ε

120 1079 209 1108 neu
234 1065 467 1116 hominem
493 1087 749 1134 potentem,
783 1077 854 1124 sed
882 1080 987 1127 fidei
1009 1083 1181 1140 dubiae‚
1199 1099 1276 1134 aut
1300 1088 1447 1135 verius
1471 1108 1512 1153 ag,
1531 1106 1623 1141 erte
1647 1095 1818 1144 hostem
1849 1111 1899 1146 ut

116 1127 226 1173 bem
248 1130 418 1179 socium
440 1135 626 1184 duceret
648 1157 657 1184 ε
697 1141 884 1196 Comes,
917 1145 993 1191 etfi
1017 1150 1067 1196 &
1101 1161 1298 1213 tempuS‚
1345 1159 1385 1200 δι
1403 1155 1531 1202 locus
1553 1174 1710 1205 contra
1734 1161 1891 1209 suade-
1913 1172 1924 1189 ⁸

114 1206 234 1246 rent,
261 1207 412 1243 tamen
434 1202 606 1248 nullam
631 1203 864 1263 sejudicio
887 1225 1059 1257 moram
1080 1212 1302 1264 facturum
1320 1218 1530 1277 ostendit.
1598 1222 1749 1287 Igitur
1764 1226 1894 1286 judi-

113 1271 219 1303 cum
241 1261 505 1311 nominibus
531 1269 588 1313 de
611 1284 737 1315 more
764 1275 921 1332 (quem
949 1278 1020 1335 (1)
1042 1277 1152 1324 alibi
1175 1280 1436 1342 retulimus)
1462 1286 1608 1340 lectis,
1635 1304 1687 1334 ac
1709 1291 1894 1340 nemine

113 1320 171 1366 ab
190 1324 453 1374 adversariis
475 1331 817 1382 nominatorum
841 1338 1024 1399 rejecto,
1046 1340 1276 1395 sententiis
1297 1348 1509 1396 omnibus
1534 1353 1591 1398 est
1614 1354 1861 1403 absolutus.

177 1388 329 1436 XLV.
363 1393 478 1438 Inde
500 1395 557 1442 ad
585 1397 858 1462 Langopum
882 1419 1029 1451 arcem
1054 1409 1283 1472 progreffi,
1316 1415 1510 1475 expulsis
1549 1415 1677 1464 illinc
1702 1420 1888 1482 Anglis,

111 1461 215 1498 cum
242 1455 330 1500 alia
362 1455 566 1529 praesidia
588 1464 780 1525 aggredi
820 1468 1006 1525 vellent,
1046 1473 1217 1519 nuncio
1255 1477 1495 1538 repentino
1534 1480 1635 1528 sunt
1669 1486 1887 1533 revocati.
1928 1479 1933 1483 ”
1975 1545 1983 1552 ,

110 1517 319 1565 Allatum
345 1538 468 1567 emm
493 1539 604 1578 erat,
631 1528 864 1576 Gallicam
883 1534 1061 1581 classem
1085 1554 1175 1583 non
1195 1541 1355 1600 procul
1378 1542 1436 1588 ab
1454 1544 1599 1591 Ebbae
1620 1563 1890 1608 promonto-

109 1582 180 1628 rio
201 1583 355 1639 visam,
382 1587 427 1632 in
448 1605 537 1650 qua
551 1592 688 1638 essent
709 1610 811 1657 una,
837 1601 875 1642 ὃς
899 1598 1065 1661 viginti
1087 1600 1305 1651 triremes.
1332 1606 1518 1663 Prorex,
1541 1609 1588 1656 id
1612 1612 1741 1674 quod
1754 1629 1822 1660 res
1842 1631 1890 1661 e-
1966 1666 1967 1669 ,

108 1659 196 1701 rat,
218 1647 460 1711 suspicatus
477 1654 533 1700 ad
552 1671 700 1703 arcem
718 1659 1009 1710 Andreanam
1034 1665 1121 1725 (uti
1136 1683 1236 1718 con¹
1255 1674 1430 1730 encrat)
1445 1678 1797 1738 expugnandam
1814 1695 1896 1726 eas
1961 1706 1966 1717 ι

107 1712 342 1769 advenire,
368 1717 498 1764 laetus
521 1721 711 1767 domum
732 1738 959 1787 properat.
1013 1729 1087 1775 Ibi
1107 1746 1210 1777 cum
1236 1735 1305 1793 (2)
1328 1741 1504 1783 Leonte
1527 1739 1707 1787 Strozio
1732 1743 1886 1790 Galli-

106 1792 263 1824 carum
298 1779 551 1829 triremium
578 1786 794 1846 praefecto
817 1791 1072 1840 collocutus
1097 1796 1349 1856 conjunctis
1372 1800 1514 1862 copiis
1544 1808 1692 1851 arc‘ern
1715 1807 1885 1855 obsidi-

106 1857 196 1888 one
221 1842 433 1907 cingunt,
460 1860 584 1895 tanta
605 1851 852 1908 celeritate,
881 1867 927 1902 ut
951 1858 1084 1904 multi
1108 1876 1164 1906 ex
1183 1863 1467 1923 praesidiariis
1491 1864 1842 1918 excluderentur
1867 1891 1885 1919 ε,

106 1911 148 1953 ἅτ
169 1908 408 1970 plaerique‚
445 1913 526 1974 qui
547 1927 674 1961 extra
696 1933 796 1962 eam
819 1920 1180 1980 conjurationem
1205 1941 1348 1981 erant,
1381 1931 1557 1992 negotii
1580 1933 1709 1980 causa
1731 1952 1886 1984 arcem

40 1979 41 1982 ’
103 1970 284 2034 ingressi
305 1974 665 2029 includerentur,
717 1983 833 2029 Mox
857 1985 1039 2034 sublatis
1061 1990 1283 2037 machinis
1303 1997 1440 2039 aeneis
1455 1994 1502 2041 in
1524 2007 1665 2044 turres
1685 1998 1890 2048 duorum,

104 2038 403 2099 templorum,
429 2058 532 2104 quae
557 2045 603 2090 in
623 2047 837 2106 proximo
862 2050 1074 2113 utrinque
1097 2054 1285 2109 stabant,
1304 2069 1445 2104 totam
1465 2059 1578 2106 arcis
1598 2077 1744 2109 aream
1769 2065 1885 2113 adeo

103 2106 526 2166 propugnatoribus
549 2107 756 2157 infestam
796 2113 1110 2172 reddiderunt,
1155 2130 1202 2164 ut
1240 2137 1377 2167 nemo
1405 2122 1495 2170 fine
1521 2127 1754 2174 manifesto
1776 2128 1883 2176 vitae

101 2166 309 2226 periculo
333 2184 458 2216 extra
483 2174 600 2219 aedes
624 2191 841 2236 apparere
864 2179 1066 2226 auderet.
1135 2183 1240 2229 Nec
1277 2185 1426 2232 multo
1464 2189 1577 2250 post,
1613 2193 1741 2254 quod
1762 2192 1883 2241 inter

102 2230 214 2277 duas
239 2238 383 2280 tiu-res
414 2238 534 2283 muri
557 2252 651 2285 erat
690 2245 814 2301 (cum
840 2241 1184 2294 substructiones
1218 2250 1482 2310 posteriores
1512 2268 1618 2300 cum
1650 2257 1881 2323 prioribus
1954 2324 1956 2326 Ι

101 2311 191 2341 non
219 2296 319 2344 satis
343 2315 677 2363 coagmentatae
699 2306 856 2366 essent)
884 2310 1078 2357 admotis
1105 2313 1351 2373 majoribus
1374 2316 1597 2365 machinis
1622 2337 1727 2367 cum
1751 2339 1883 2386 mag·
1920 2344 1936 2364 .·

100 2375 160 2405 no
180 2360 361 2423 fragore
383 2367 572 2414 corruit.
615 2369 716 2430 Jam
740 2387 847 2417 vero
861 2373 943 2435 qui
966 2377 1442 2426 anteamunitionibus
1455 2383 1606 2430 confisi
1638 2384 1680 2431 se
1699 2387 1757 2432 ad
1778 2402 1880 2433 orn-

99 2424 176 2470 nia
199 2426 460 2476 discrimina
491 2432 725 2480 subeunda
747 2451 984 2500 promptos
1021 2441 1322 2497 ostenderant,
1348 2445 1575 2508 trepidare
1592 2464 1844 2513 *coeperunt
1864 2469 1884 2499 ι

101 2494 143 2536 &
167 2505 419 2540 convocato
443 2496 500 2542 de
523 2496 696 2544 summa
713 2516 862 2551 rerum
889 2503 1093 2559 confine,
1115 2506 1322 2570 Proregis
1346 2509 1663 2559 crudelitatem
1688 2519 1811 2577 (quae
1829 2517 1878 2563 in
1934 2534 1952 2563 ¹.

101 2555 265 2602 animis
301 2557 682 2609 imbecillioribus
717 2565 864 2611 acrius
898 2570 1184 2618 exardescere
1207 2570 1337 2632 solet)
1377 2571 1426 2619 in
1462 2577 1711 2640 propinqui
1732 2595 1883 2629 morte·

101 2619 360 2669 ulciscenda
395 2638 667 2683 metuentes,
705 2630 872 2676 Leonti
914 2633 1093 2680 Strozio
1114 2634 1479 2684 incolumitatem
1520 2643 1661 2688 modo
1697 2645 1883 2706 pactise

98 2684 392 2735 dediderunt.
461 2689 548 2737 Ille
583 2691 669 2738 suis
702 2699 760 2740 ad
796 2711 942 2742 arcem
969 2694 1249 2760 spoliandam
1273 2700 1495 2757 immistis,
1529 2705 1578 2751 in
1602 2722 1694 2768 qua
1714 2722 1882 2770 praeter.

96 2749 248 2796 omnis
270 2749 451 2814 generis
475 2770 756 2804 commeatus
781 2758 876 2805 vim
900 2762 1166 2818 maximam,
1192 2770 1232 2810 Sc
1256 2765 1516 2814 Cardinalis
1539 2772 1801 2831 pecuniam,
1825 2777 1876 2824 δε

95 2812 442 2876 supeliectilem,
483 2821 622 2868 etiam
648 2823 1029 2885 praefidiariorum
1069 2844 1229 2874 omnes
1251 2829 1509 2886 facultates,
1553 2839 1594 2881 Sc
1624 2838 1883 2885 multorum.

94 2891 317 2940 praeterea
339 2881 549 2940 civium,
593 2899 641 2933 ut
670 2887 897 2935 inlocum
934 2891 1199 2939 tutiflimum
1229 2909 1339 2956 opes
1362 2910 1491 2943 erant
1511 2902 1751 2963 congestae,
1786 2905 1883 2951 una.-

95 2957 200 2998 cum
227 2946 436 3009 Proregis
461 2949 572 3004 filio,
617 2951 699 3013 qui
721 2952 847 3000 obses
871 2971 899 3000 a
920 2969 1048 3017 patre
1072 2957 1309 3005 Cardinali
1332 2958 1481 3015 datus,
1507 2963 1656 3026 eoque
1694 2965 1806 3012 caeso
1824 2967 1889 3013 in'

95 3021 198 3054 arce
221 3009 524 3072 deprehensus
545 3014 708 3063 fuerat.
777 3020 877 3064 Arx
891 3019 948 3065 de
969 3020 1144 3068 consilii
1163 3022 1384 3069 sententia
1402 3024 1566 3074 diruta.
1636 3029 1875 3093 Leonpost
1924 3095 1928 3098 γ

93 3087 266 3132 paucos
303 3075 398 3121 dies
424 3093 527 3123 cum
552 3081 720 3127 deditis
742 3081 790 3128 in
814 3083 958 3130 altum
988 3085 1091 3132 vela
1112 3085 1256 3133 dedit.
1325 3089 1443 3136 Haec
1470 3088 1518 3137 in
1550 3094 1749 3141 mensem
1771 3097 1876 3141 Aua

92 3137 271 3199 gustum
300 3140 407 3185 anni
437 3156 596 3206 1547.
631 3144 909 3194 inciderunt.
1209 3186 1225 3191 2
1304 3196 1308 3214 ,
1806 3220 1819 3230 ·

159 3202 337 3250 XLVl.
370 3207 544 3252 Eodem
571 3208 665 3256 fere
703 3223 911 3273 tempore
948 3213 1137 3263 allatum
1160 3215 1245 3271 est,
1270 3217 1450 3281 Anglos
1489 3235 1678 3285 magnas
1717 3237 1891 3294 copias„

92 3275 229 3322 terra,
256 3266 463 3331 marique
485 3287 661 3333 parare,
687 3275 804 3322 utin
827 3277 1030 3324 Scotiam
1053 3277 1326 3343 irrumpant,
1368 3289 1408 3329 δε
1431 3285 1554 3345 pacti
1590 3286 1774 3333 foederis
1809 3285 1893 3333 fis*
1943 3297 1972 3314 '‘

78 3331 211 3377 dem·
233 3345 442 3394 repetant
467 3352 479 3382 ε
521 3340 647 3397 quod
670 3339 821 3386 foedus
842 3340 1023 3389 circiter
1043 3356 1241 3404 quatuor
1262 3361 1402 3392 annos
1424 3362 1559 3396 antea
1579 3348 1872 3419 factum‘fuef

88 3407 161 3442 rat
181 3412 289 3444 cum
312 3398 511 3469 Prorege
535 3402 592 3448 de
615 3403 797 3467 Regina
819 3405 986 3452 Scotiae
1010 3409 1155 3472 Angli
1173 3410 1270 3459 filio
1290 3410 1576 3466 collocanda.
1642 3415 1868 3478 Repenn-
1909 3482 1912 3484 .

145 3523 210 3571 (1)
240 3526 308 3564 See
329 3528 395 3566 lib.
423 3530 484 3567 1³0.
511 3544 590 3581 cap.
609 3545 682 3582 29..

144 3579 204 3634 (2)
234 3579 341 3622 Prior
358 3583 404 3622 of
417 3585 558 3636 Capua,
580 3597 627 3624 au
647 3586 1038 3639 ltaliangentieman.
