2025 3831
325 132 620 195 Lrssnn
714 127 1624 197 DE01MUSSEPT1MUS.
1714 155 1848 221 495

175 224 309 274 XIII.
344 226 419 272 Ad
440 221 656 277 haecine,
695 232 730 253 “
756 225 795 271 se
819 244 842 272 a
866 226 1045 291 Regina
1067 226 1332 289 paucissimis
1371 228 1466 284 post
1488 230 1732 277 adventum
1771 230 1870 281 die-

109 289 197 339 bus
236 291 282 336 in
306 291 422 335 hanc
447 288 727 350 legationem
753 291 945 345 missum,
971 306 1213 352 antequam
1240 292 1377 337 ullam
1403 291 1551 338 adhuc
1576 295 1865 353 publicorum

114 354 404 417 negotiorum
430 363 602 414 partem
625 352 838 414 attigisset
863 373 873 400 t
895 356 940 402 in
964 372 1018 401 eo
1039 368 1214 402 tantum
1239 355 1364 403 fuiffe
1385 369 1671 414 occupatam,
1692 375 1739 406 ut
1764 379 1870 420 pro.

109 434 236 466 ceres
264 416 512 479 plaerosque
534 431 692 461 omne5
724 418 779 463 de
803 419 919 465 facie
940 419 1089 465 adhuc
1111 417 1312 483 ignotos,
1345 434 1396 465 ac
1420 431 1516 465 tum
1542 420 1736 479 primum
1761 426 1876 473 salu-

109 496 256 530 tatum
281 481 572 527 advenientes
595 480 815 542 reciperet
840 501 849 528 :
886 483 1084 529 maxime
1106 497 1257 530 autem
1279 484 1504 536 omnium,
1531 497 1579 529 ut
1596 486 1651 530 ad
1675 487 1873 549 aliquam

109 560 281 594 certam
305 545 498 591 formam
521 545 680 590 statum
705 546 937 608 religionis
961 544 1194 593 reduceret
1220 567 1231 595 2
1271 563 1363 609 qua
1386 547 1431 594 in
1464 564 1510 593 re
1528 562 1749 608 quantum
1773 556 1878 602 esset

110 609 410 663 difficultatis,
435 613 483 658 δε
509 608 721 654 molestiae
744 609 836 671 ipsa
860 628 947 656 non
969 611 1215 673 ignoraret.
1284 614 1353 659 Ex
1374 612 1427 658 iis
1459 611 1590 658 facile
1615 624 1691 658 tua
1721 618 1877 667 maies-

112 684 181 722 ‘tas
217 677 358 736 potest
379 673 655 734 intelligere,
694 674 882 734 potuisse
918 676 1094 721 nullum
1133 690 1237 723 ante
1261 693 1409 723 meum
1434 676 1661 723 discessum
1687 671 1880 742 Reginae

100 742 353 787 ,Scotorum
373 751 552 798 tempus
573 751 768 782 vacuum
792 737 934 783 fuiffe.
985 739 1087 785 Nee
1110 740 1317 787 homines
1341 739 1509 787 affuisse
1531 740 1738 798 idoneos,
1762 762 1878 806 quos

107 803 158 851 in
182 803 418 850 confilium
450 802 506 848 de
528 802 659 848 rebus
684 814 776 848 tam
800 801 950 848 arduis
968 804 1210 851 advocaret
1233 823 1244 851 ε
1278 804 1525 867 praesertim
1546 820 1668 862 cum,
1694 809 1774 870 qui
1795 827 1877 856 ex-

107 881 273 916 tremas
286 867 524 930 1·egnioras
547 865 594 912 in
616 864 940 928 septentriones
960 867 1164 914 obversas
1184 870 1406 924 habitent,
1429 870 1632 917 nondum
1656 886 1760 918 ante
1779 891 1877 920 rne-

87 962 93 968 ·
113 951 191 979 um
213 934 271 979 ab
294 933 397 978 aula
419 930 650 977 discessus}
675 928 896 977 affuissent
921 950 931 978 :
979 946 1143 994 praeter
1162 950 1357 997 quorum
1380 933 1646 981 sententiam
1670 953 1738 982 res
1763 940 1878 985 tanti

110 997 159 1044 in
184 996 422 1060 publicum
458 995 679 1041 momenti
711 995 874 1041 confici
899 1011 980 1042 nec
1003 997 1215 1051 debeant,
1252 1011 1335 1044 nec
1370 998 1586 1061 poffint.'’
1649 1001 1776 1047 Tum
1799 1003 1880 1050 illa

110 1060 402 1118 commotior.
473 1060 571 1106 “Et
592 1059 953 1123 quid‚’'.inquit,
985 1061 1216 1123 “Reginae
1238 1063 1312 1109 hic
1336 1078 1429 1109 erat
1451 1079 1564 1124 opus
1587 1065 1881 1114 consultatio-

109 1143 186 1179 ne,
212 1126 258 1173 id
284 1138 333 1171 ut
353 1125 562 1171 effectum
585 1126 812 1177 redderet,
837 1125 894 1171 ad
916 1126 1042 1188 quod
1066 1126 1371 1179 efficiendum,
1398 1133 1436 1173 δε
1459 1127 1782 1192 chirographo,
1824 1135 1876 1181 &

110 1189 263 1254 sigillo
284 1189 326 1236 se
347 1189 621 1237 astrinxerat.
655 1189 810 1252 Eg0‚·’
834 1189 985 1251 inquit
1007 1189 1102 1245 ille,
1120 1191 1265 1252 “quid
1286 1191 1575 1254 respondeam
1615 1193 1669 1238 ad
1685 1195 1807 1251 haec,
1833 1197 1879 1243 in

107 1253 347 1318 praesentia
368 1271 460 1301 non
482 1253 630 1301 habeo
654 1274 664 1302 :
700 1268 748 1300 ut
775 1255 830 1300 de
853 1253 1018 1317 quibus
1040 1271 1121 1300 nec
1145 1256 1356 1302 mandata
1379 1257 1468 1302 ulla
1489 1257 1759 1319 acceperim,
1797 1277 1881 1308 nec

109 1319 292 1384 Regina
316 1321 460 1365 nostra
479 1320 764 1381 expenabat,
805 1332 851 1365 ut
874 1335 898 1364 a
935 1335 1005 1364 me
1029 1334 1149 1364 nunc
1173 1321 1286 1366 ratio
1314 1321 1582 1382 posceretur.
1651 1323 1773 1371 Illud
1795 1343 1877 1372 au-

112 1396 205 1431 tem
229 1384 324 1446 ipsa
346 1383 479 1429 facile
515 1385 636 1446 apud
672 1398 715 1431 te
749 1396 877 1447 potes
901 1383 1175 1446 expendere,
1201 1400 1336 1446 quam
1354 1384 1491 1447 justas
1514 1386 1607 1449 ipsa
1633 1403 1752 1435 nunc
1777 1407 1875 1438 mo·

106 1465 176 1504 ‚rae
200 1448 349 1494 causas
372 1447 591 1494 habeat.''·
1547 1482 1549 1486 ι

177 1514 310 1560 XIV.
343 1513 444 1558 Post
466 1511 676 1558 nonnihil
698 1511 942 1558 verborum
983 1511 1114 1574 super
1148 1512 1217 1559 his
1240 1514 1374 1561 rebus
1401 1515 1536 1568 ultro,
1561 1515 1766 1579 citroque
1782 1520 1879 1577 jac.

109 1589 255 1625 tatum
283 1576 465 1640 Regina
482 1577 539 1622 ad
560 1576 864 1639 graviffimum
889 1576 1026 1623 totius
1052 1578 1227 1641 negotii
1248 1593 1384 1640 caput
1406 1579 1592 1634 reversa,
1616 1581 1880 1636 “hoc‚''in-

107 1642 230 1705 quit,
255 1642 350 1688 “in
368 1641 525 1703 primis
541 1641 713 1695 notavi,
733 1640 968 1704 quod&in
988 1641 1194 1688 oratione
1214 1645 1399 1690 nomine
1420 1644 1777 1707 Reginae‘vestrae
1798 1649 1880 1694 de—

110 1707 303 1761 clarasti,
331 1714 367 1752 Se
387 1704 436 1751 in
458 1704 690 1767 mandatis>
705 1721 944 1767 procerum
968 1706 1249 1765 explicandis
1273 1707 1469 1771 posuisti.
1515 1710 1880 1759 Commemoras-

111 1770 146 1817 ti
165 1771 286 1817 enim
311 1787 367 1816 ex
390 1771 650 1834 Anglorum
675 1771 857 1832 Regum
880 1767 1095 1833 sanguine
1128 1788 1227 1817 eam
1258 1772 1515 1826 oriundam,
1558 1789 1723 1836 meque
1748 1790 1881 1824 natu-

111 1836 197 1882 rali
220 1836 302 1882 illo
325 1835 513 1882 vinculo
542 1834 597 1879 ‘ut
620 1835 874 1896 proximam
900 1852 1064 1896 genere
1088 1837 1144 1882 ad
1167 1853 1264 1883 eam
1289 1837 1572 1901 diligendam
1595 1840 1838 1905 constringi
1864 1859 1877 1889 t

110 1917 251 1963 quam
273 1918 367 1946 rem
392 1916 479 1963 ego
510 1897 702 1946 inficiari
740 1911 825 1945 nec
846 1901 970 1953 vo10,
1002 1915 1086 1946 nec
1120 1901 1291 1962 possum
1326 1920 1337 1947 ε
1389 1903 1490 1949 orbi
1513 1902 1650 1953 etiam
1676 1905 1879 1954 universo

109 1966 346 2028 perspicue
367 1963 558 2018 ostendi,
584 1981 656 2010 me
690 1963 737 2010 in
768 1963 980 2010 omnibus
1005 1963 1117 2011 meis
1140 1965 1393 2013 actionibus
1416 1967 1621 2014 adversus
1644 1967 1740 2029 ejus
1764 1970 1880 2017 salu-

110 2044 223 2084 tem,
262 2043 340 2077 aut
361 2028 491 2091 regni
515 2029 890 2092 tranquillitatem
924 2029 1036 2075 nihil
1060 2032 1289 2076 attentasse
1315 2050 1325 2077 :
1361 2037 1400 2078 ἃ
1430 2032 1508 2094 qui
1544 2031 1729 2079 intimos
1754 2050 1879 2082 meos

109 2094 277 2149 sensus,
320 2099 368 2142 Se
389 2093 692 2156 cogitationes
715 2105 899 2147 norunt,
926 2092 1059 2140 multi
1082 2095 1183 2140 sunt
1205 2095 1371 2143 conscii
1395 2113 1465 2142 me
1490 2113 1544 2142 ne
1568 2109 1663 2143 tum
1687 2098 1877 2158 quidem

110 2161 218 2206 cum
235 2158 485 2221 justissimas
514 2159 814 2204 offensionum
838 2158 988 2206 causas
1022 2159 1103 2206 illa
1127 2158 1239 2205 mihi
1263 2159 1529 2222 praebuisset,
1554 2161 1666 2208 meis
1684 2161 1880 2226 infigni·

111 2225 199 2271 bus
225 2222 505 2286 usurpandis,
530 2223 808 2284 titulumque
845 2224 976 2286 regni
1008 2224 1096 2270 mei
1132 2224 1434 2280 vendicanda,
1471 2243 1703 2288 nunquam
1727 2239 1879 2276 tamen

111 2288 161 2335 in
185 2289 388 2334 animum
415 2287 631 2334 inducere
653 2287 858 2350 potuiffe,
883 2287 994 2350 quin
1019 2289 1117 2335 haec
1139 2288 1348 2336 odiorum
1373 2290 1541 2336 semina
1561 2291 1619 2336 ab
1641 2290 1738 2337 aliis
1758 2294 1880 2354 poti-

36 2375 43 2380 ‘
115 2367 184 2407 us,
208 2370 346 2416 quam
369 2354 427 2398 ab
449 2370 502 2398 ea
521 2366 676 2398 exorta
697 2353 945 2400 crederem.
1007 2355 1258 2414 Utcunque
1281 2367 1429 2400 tamen
1456 2355 1553 2401 haec
1576 2355 1764 2409 habent,
1783 2373 1880 2403 me·

109 2432 190 2465 um
230 2417 396 2482 opinor
419 2417 531 2463 mihi
557 2416 726 2463 viventi
749 2417 972 2480 sceptrum
1009 2434 1100 2465 non
1122 2418 1287 2480 eripiet
1311 2437 1321 2465 :
1376 2433 1526 2481 neque
1547 2419 1699 2466 liberis
1726 2421 1776 2482 (fi
1797 2421 1891 2484 quiv

107 2499 167 2529 ex
192 2499 265 2530 me
287 2483 542 2540 nascentur)
577 2482 664 2528 erit
686 2482 1035 2544 impedimento,
1066 2499 1160 2546 quo
1185 2483 1332 2529 minus
1354 2483 1402 2530 in
1429 2500 1581 2531 meum
1603 2485 1756 2533 locum
1781 2485 1878 2532 suc-

98 2544 289 2596 cedent.
358 2548 405 2594 Si
428 2547 541 2609 quid
562 2561 716 2594 autem
737 2546 908 2593 interea
924 2547 1187 2594 humanitus
1210 2547 1443 2601 acciderit,
1469 2558 1700 2612 nunquam
1721 2562 1877 2600 ‘tamen

109 2610 229 2659 illud
251 2612 518 2674 comperiet,
542 2611 789 2675 quicquam
817 2629 844 2658 a
863 2628 934 2658 me
953 2611 1123 2659 factum
1147 2611 1291 2667 fuisse,
1316 2614 1441 2676 quod
1457 2612 1549 2674 jus,
1574 2615 1698 2676 quod
1721 2613 1801 2659 illa
1824 2615 1880 2660 si·-

108 2675 158 2723 bi
180 2675 228 2723 in
251 2692 444 2738 regnum
478 2676 663 2740 Angliae
687 2677 771 2722 esse
793 2678 1022 2732 asseveret,
1059 2677 1213 2740 aliqua
1234 2694 1290 2724 ex
1312 2690 1437 2736 parte
1481 2678 1633 2731 laedat,
1661 2683 1700 2724 ἅτ
1723 2677 1878 2725 immi·

0 2770 1 2774 =
53 2770 67 2783 ·,
110 2753 238 2788 nnat.
307 2741 431 2788 Illud
453 2754 604 2788 autem
622 2742 697 2803 jus
720 2742 855 2802 quale
877 2742 996 2795 estet,
1023 2740 1547 2805 nunquamdiligentius
1572 2741 1684 2789 mihi
1706 2759 1879 2804 expen-

110 2805 315 2852 dendum
339 2804 606 2853 existimavi.
673 2806 776 2852 Nec
802 2823 855 2852 ea
876 2807 932 2852 de
966 2822 1013 2852 re
1053 2823 1254 2869 unquam
1275 2806 1522 2869 disquirere
1543 2807 1675 2853 altius
1698 2808 1758 2853 est
1780 2807 1880 2854 ani-

109 2885 212 2917 mus
238 2887 249 2916 ε
296 2886 491 2933 eamque
523 2886 722 2932 quorum
759 2871 956 2927 interest,
990 2871 1284 2932 quaestionem
1316 2870 1503 2931 judiciis
1537 2870 1876 2933 disceptandam

105 2934 334 2997 relinquo.
366 2936 536 2982 Vestrae
551 2948 704 2982 autem
726 2935 919 2999 Reginae
941 2935 1070 2981 causa
1084 2934 1428 2997 fiquidemjusta
1439 2938 1515 2991 est,
1532 2935 1648 2982 illud
1663 2953 1687 2982 a
1707 2952 1778 2983 me
1794 2945 1879 2999 pro

108 3012 235 3046 certo
256 3002 494 3063 expectare
523 3001 683 3063 potest,
720 3018 793 3048 me
824 2999 952 3047 nulla
971 3000 1020 3047 in
1043 3017 1088 3046 re
1110 3000 1154 3046 ei
1187 2999 1441 3047 nocituram
1466 3017 1478 3047 ε
1511 3017 1562 3046 ac
1585 3001 1738 3047 Deum
1761 3017 1879 3063 pra:-

111 3062 283 3110 sentem
305 3065 441 3112 nostri
463 3065 678 3113 sermonis
701 3065 921 3115 arbitrum
948 3066 1094 3121 testor,
1118 3080 1191 3111 me
1209 3064 1440 3112 neminem
1461 3063 1705 3111 secundum
1730 3066 1879 3128 meip-

110 3126 203 3175 sam
226 3129 364 3184 nosse,
388 3145 527 3192 quem
547 3129 619 3176 illi
639 3129 895 3193 praeferam,
911 3141 988 3177 aut
1003 3130 1033 3176 si
1055 3144 1124 3179 res
1146 3128 1194 3176 in
1216 3129 1563 3176 controversiam
1582 3129 1751 3184 veniat,
1775 3146 1877 3176 eam

108 3189 241 3254 poffi’i
261 3193 521 3242 excludere.
588 3194 669 3240 Tu
690 3194 772 3257 qui
794 3206 1059 3258 competant
1094 3192 1225 3249 nosti,
1249 3192 1418 3257 inquit.
1487 3193 1668 3250 Quibus
1691 3194 1876 3240 tandem

111 3255 297 3318 opibuS,
320 3270 399 3305 aut
418 3275 511 3321 qua
529 3257 701 3304 virium
723 3256 892 3306 fiducia
913 3258 1094 3306 misellae
1117 3257 1210 3304 illae
1233 3269 1404 3305 tantam
1427 3274 1522 3305 rem
1545 3258 1833 3305 attentabunt
1855 3260 1875 3303 ?

109 3316 295 3368 Deinde
317 3338 410 3369 non
431 3325 574 3384 longo
594 3321 797 3372 sermone
825 3323 884 3370 de
905 3321 998 3370 illis
1022 3321 1276 3383 interjeclo,
1299 3324 1484 3370 tandem
1505 3323 1543 3370 is
1566 3322 1665 3369 finis
1687 3320 1791 3374 fuit,
1829 3334 1879 3368 ut

87 3429 89 3431 .
112 3390 210 3432 'rem
234 3401 439 3450 gravem,
464 3385 694 3448 &magni
716 3386 930 3449 ponderis
951 3388 1037 3434 effe
1057 3386 1258 3435 diceret:
1283 3402 1336 3434 ac
1354 3403 1474 3435 nunc
1491 3386 1690 3449 primum
1712 3384 1876 3431 serium

73 3472 82 3476 -
112 3447 172 3496 de
192 3465 246 3497 ea
286 3449 536 3499 sermonem
562 3449 603 3495 se
638 3449 854 3500 habuiffe.
920 3452 1083 3514 Itaque
1103 3451 1314 3521 longiore
1342 3451 1401 3499 ad
1422 3468 1520 3498 eam
1543 3447 1876 3511 expediendam

113 3508 257 3585 spatio
278 3515 363 3561 effe
384 3515 552 3577 opus.''
574 3515 675 3561 Post
688 3530 858 3577 paucos
878 3515 1048 3563 deinde
1061 3515 1158 3563 dies
1176 3515 1389 3563 accersito
1410 3515 1556 3562 rursus
1580 3515 1746 3576 legate,
1773 3520 1807 3541 “
1831 3512 1875 3559 se

111 3577 269 3627 mirari
289 3579 584 3638 vehementer
604 3577 685 3637 ait,
708 3577 822 3641 quid
842 3595 1082 3642 procerum
1105 3579 1151 3629 in
1174 3579 1272 3643 ipso
1294 3579 1437 3627 statim
1460 3577 1651 3640 Reginae
1672 3577 1876 3687 adveiitss!

1813 3659 1823 3688 Ι
1862 3657 1877 3686 1
