2010 3851
680 176 1283 236 IN'DEX.

78 266 287 314 Scarvaia
305 264 465 319 insula,
490 263 529 318 Ῐ,
556 277 634 325 42.

78 332 254 378 Scholre
298 330 493 391 publicae
533 328 732 388 primum
769 326 822 373 ad
850 328 927 373 Fa.

139 411 250 442 num
279 396 475 441 Andreae
497 404 683 452 apertae,
722 393 780 445 X,
812 395 882 438 18.
909 407 934 436 a

138 461 235 521 Jac.
268 460 319 504 .1.
355 455 592 511 ordinatae,
648 460 720 518 38.
763 472 790 501 a
825 457 921 516 Jac.

137 522 366 572 Kennedo
378 520 604 582 Episcopo
617 519 794 583 magnis
811 519 921 565 sum-

138 588 260 634 tibus
284 585 534 637 aedificatae,
559 586 667 638 XII,
695 601 772 646 23.
798 584 859 630 ob
881 583 928 629 id

136 654 313 699 Fanum
330 649 526 695 Andreae
543 649 740 694 maxime
755 664 924 693 merno-

134 714 297 766 rabile,
336 715 374 767 I,
403 729 478 776 24.
525 714 703 760 Scholae
726 711 924 774 publicae

136 778 448 832 Abredoniae,
465 777 540 824 26.
817 774 821 785 ¹

73 845 224 890 Sclata
245 843 405 896 insula,
431 844 470 898 Ι,
499 860 573 906 35.

71 911 285 956 Scomma
306 907 490 970 elegans
522 907 572 954 in
611 904 924 960 Bothuelium,

136 974 321 1027 XVIII,
349 989 423 1019 21.

70 1038 237 1092 Scona,
266 1039 426 1098 (Seven,
442 1039 628 1098 oppidum
642 1038 926 1097 adsz'nistram

137 1102 227 1148 Tai
273 1107 428 1163 ripczm,
472 1100 582 1147 mille
621 1102 760 1163 paſjz'ts
788 1101 925 1160 stipi-cz

133 1167 354 1224 Per-thum)
382 1167 469 1219 VI,
509 1182 550 1227 3.
605 1165 652 1211 in
687 1181 739 1210 ea
774 1165 923 1227 Reges

136 1231 379 1277 Scotorum
416 1228 600 1290 imperii
624 1228 818 1291 insignia
850 1244 922 1275 ac-

132 1293 287 1356 cipere
309 1293 445 1346 soliti,
464 1294 579 1340 ibid.
605 1295 717 1347 VII,
750 1309 821 1356 14,
849 1298 921 1358 58.

133 1359 272 1412 VIII,
297 1375 368 1422 13,
394 1376 470 1421 30,
497 1360 583 1412 IX,
619 1364 662 1406 8.
700 1359 919 1405 Coenobi-

133 1439 211 1469 urn
237 1425 576 1470 Menaenorum
599 1425 645 1470 in
668 1440 723 1470 ea
744 1436 923 1471 extruc-

135 1501 253 1543 tum,
278 1490 392 1542 VII,
416 1488 492 1535 26.

68 1553 341 1615 Scorpiones
360 1554 440 1616 qui
460 1551 812 1607 &vrarcubalistae‚
835 1554 923 1608 IX,

70 1634 207 1727 cht9a
230 1679 546 1728 commen-..itia
577 1679 718 1744 Regis
743 1681 923 1744 JEgyp-

134 1744 182 1790 tii
208 1747 316 1799 filia,
345 1747 406 1799 ll,
438 1760 508 1791 11.

73 1809 199 1856 Scoti
226 1813 336 1872 (The
359 1812 486 1863 Sem,
513 1809 921 1872 Britannicesepten·

129 1875 327 1921 trionalis
348 1875 526 1938 incolae.)
553 1876 723 1921 Eorum
744 1876 876 1938 origo
899 1893 924 1922 a

134 1939 341 1987 Gathelo
365 1939 583 1992 fabulosa,
609 1940 673 1993 ΙΙ,
707 1954 775 1985 11.
800 1939 920 1986 refu-

134 2015 273 2059 tatur,
308 2021 376 2051 12.
416 2006 575 2061 Scotos
615 2020 672 2050 ex
696 2004 923 2051 Hibernia

133 2068 184 2114 in
204 2068 485 2116 Britanniam
501 2067 710 2123 ῖιεὶῑῖίὶιῖἐ,
740 2085 809 2129 17.
830 2085 923 2131 quo

133 2144 340 2196 tempore
383 2133 667 2186 advenerint,
717 2137 792 2195 38,
847 2151 920 2198 39.

130 2197 331 2260 primum
351 2198 396 2244 in
423 2199 648 2252 AE'oudaS,
674 2199 820 2252 IV,2.
839 2193 919 2244 'de—

128 2262 238 2309 inde
278 2263 323 2308 in
364 2262 644 2309 Britanniam
674 2263 920 2323 trajiciunt,

126 2326 244 2374 ibid.
270 2329 447 2382 Regem
471 2326 554 2372 fibi
574 2341 728 2373 creant
751 2330 920 2390 Pergu-

127 2392 260 2445 fium,
288 2381 685 2455 3.}iposteri1i3ue
703 2391 799 2452 ejus
819 2410 921 2456 reg-

128 2456 549 2517 numjurejurando
562 2456 852 2511 confirmant,
875 2475 918 2522 5.

132 2538 160 2567 a
199 2521 411 2567 Maximo
449 2521 603 2584 legato
626 2522 766 2568 Rom.
791 2522 920 2584 supe-

126 2585 230 2640 rati,
278 2603 353 2651 50.
397 2592 437 2631 &
472 2586 626 2649 patria
663 2587 796 2648 pulsi,
841 2603 917 2651 5¹·

124 2666 265 2712 quam
305 2650 480 2697 infelici
518 2651 623 2696 ausu
655 2667 921 2713 recuperare

126 2728 366 2770 conantur,
393 2732 469 2776 5²·
492 2715 540 2761 in
567 2716 768 2762 Scotiam
790 2717 915 2762 rede·

127 2792 226 2833 unt,
249 2781 311 2835 V,
340 2796 379 2835 1,
406 2795 449 2826 z.
472 2795 579 2826 cum
598 2781 783 2826 Francis
805 2781 915 2827 ami-

125 2842 279 2895 citiam
324 2843 502 2900 ineunt,
558 2862 638 2910 53.
697 2845 919 2892 Monachi

123 2908 254 2955 Scoti
277 2909 553 2956 Monasteria
579 2912 627 2956 in
667 2911 920 2957 Germania

124 2973 348 3029 condunt,
368 2973 484 3021 ibid.
509 2975 570 3020 ob
592 2974 830 3021 vietoriam
857 2975 896 3021 se

118 3037 222 3084 curi
245 3037 303 3084 ab
326 3040 492 3103 Anglis
513 3044 551 3086 δι
567 3039 704 3086 Ρίἑὶίε
727 3039 918 3087 vincun-

117 3113 214 3157 tur,
239 3102 328 3157 VI,
374 3121 420 3169 5.
443 3118 551 3151 cum
592 3104 791 3151 maxime
823 3106 918 3151 An-

120 3165 212 3228 glis
235 3167 486 3228 conjuncti,
509 3169 624 3222 VII,
664 3186 743 3233 49.
778 3169 919 3224 VIII,

118 3245 169 3276 2.
233 3232 515 3280 Eduardume
557 3233 766 3298 Anglum
812 3249 920 3281 con-

123 3295 350 3342 troverfiae
395 3296 454 3344 de
496 3313 544 3343 re
581 3313 640 3344 no
697 3298 919 3346 arbitrum

123 3356 316 3414 faciunt,
377 3376 448 3408 10.
494 3314 779 3410 deilitionem
817 3379 918 3427 reg-

1052 260 1132 306 ciis
1156 258 1397 313 feriuntur,
1427 275 1505 320 47.
1540 259 1672 308 occisi
1713 260 1842 322 supra

1051 327 1208 370 decem
1235 322 1375 376 milia,
1406 324 1489 376 IX,
1523 339 1591 386 14.
1614 326 1839 372 Scotimi-

1051 389 1153 435 lites
1176 388 1326 435 Gallis
1350 387 1499 433 minus
1523 405 1722 450 rapaces,
1761 408 1837 454 52.

1042 453 1167 500 ‘vires
1189 468 1346 500 eorum
1370 449 1553 505 attritae,
1576 455 1638 506 X,
1658 458 1700 499 8.
1722 456 1841 501 mul-

1050 517 1084 563 ti
1111 534 1266 564 eorum
1293 515 1468 564 nobiles
1507 515 1554 562 in
1578 516 1737 563 Gallia
1761 535 1839 564 oc-

1047 582 1140 634 cist,
1169 599 1242 646 24·
1271 579 1394 628 Scoti
1411 580 1687 643 Anglorum,
1704 587 1744 626 ἂ
1768 583 1838 628 vi-

1047 646 1186 692 cissim
1233 644 1376 708 Angli
1420 645 1657 691 Scotorum
1703 645 1836 693 rebus

1046 710 1238 756 adversis
1272 709 1556 765 insidiantur,
1601 711 1716 764 XII,
1756 728 1834 775 54.

1043 775 1185 828 XIII,
1217 790 1285 837 ¹3·
1333 775 1389 820 ad
1414 773 1685 821 Fluidonem
1716 778 1834 830 caefi,

1047 842 1122 899 38.
1164 842 1213 888 &
1254 840 1419 885 iterum
1467 839 1523 885 ad
1560 840 1835 886 Muffelbur-

1042 919 1172 965 gum,
1219 905 1344 958 XIV,
1392 921 1463 966 50.
1489 903 1546 950 ad
1574 905 1689 950 iram
1729 922 1837 967 pro..

1043 969 1286 1027 penfiores,
1316 968 1444 1022 XVI,
1490 986 1564 1031 39.
1609 967 1833 1017 libertatis

1043 1031 1246 1078 vindices
1291 1032 1346 1078 ab
1391 1033 1556 1096 Anglis
1608 1034 1834 1083 auxilium

1041 1109 1221 1158 petunt,
1246 1114 1325 1161 49.
1354 1097 1639 1144 Elizabethae
1663 1099 1832 1161 gratias

1042 1173 1201 1222 agunt,
1229 1163 1379 1216 XVII,
1412 1179 1454 1208 2.
1481 1162 1713 1225 religionis
1734 1166 1833 1211 cul-

1043 1226 1110 1271 tui
1135 1232 1169 1272 ἃ
1198 1226 1361 1271 ritibus
1384 1241 1489 1272 cum
1513 1227 1679 1290 Anglis
1704 1245 1835 1275 eom-

1044 1290 1260 1336 munibus
1311 1290 1612 1346 subscribunt,
1695 1295 1830 1350 XIX,

1046 1371 1121 1417 39·

980 1419 1101 1467 Scoti
1126 1413 1270 1482 Jerni,
1315 1422 1365 1470 8:
1389 1421 1514 1468 Scoti
1536 1419 1716 1477 Albini,
1762 1424 1829 1478 Π,

1047 1501 1117 1531 1-.

1042 1513 1194 1596 ὃὲοῑῖἃ
1234 1549 1470 1608 (Scotland
1486 1570 1652 1613 regnum
1674 1555 1829 1599 Brim-

1041 1619 1206 1671 rzz‘cum)
1250 1616 1346 1673 ejus
1397 1618 1708 1678 geographica
1749 1621 1837 1664 de*

1041 1679 1240 1741 scriptio,
1267 1680 1306 1731 I,
1347 1695 1416 1741 ¹7·
1462 1680 1618 1726 doetos
1659 1677 1831 1729 'mona-

1040 1744 1149 1790 chos
1173 1742 1350 1798 habuit,
1376 1744 1438 1797 V,
1465 1761 1540 1808 53.
1563 1746 1659 1806 ejus
1696 1748 1830 1793 nobi-

1039 1808 1140 1854 litas
1165 1824 1307 1871 prope
1329 1809 1557 1864 exhausta,
1584 1812 1721 1871 XIII,
1751 1816 1827 1874 33.

1041 1890 1118 1936 43.
1145 1874 1330 1935 quando
1353 1873 1554 1934 primum
1577 1891 1603 1920 a
1637 1876 1830 1925 foemina

1037 1939 1309 2000 gubernata,
1334 1938 1463 1992 XVI,
1489 1956 1534 2002 4.
1573 1939 1669 2000 ejus
1692 1942 1828 1989 status

1039 2002 1188 2057 miser,
1229 2003 1318 2056 XI,
1365 2019 1407 2049 2.
1451 2004 1684 2050 Nobilitas
1709 2006 1829 2052 Chi-

1036 2067 1203 2130 rurgiae
1225 2066 1423 2122 addieia,
1452 2069 1595 2122 XIII,
1619 2086 1696 2132 42.
1722 2087 1826 2134 reg-

1037 2148 1147 2177 num
1169 2130 1446 2194 legitimum,
1469 2134 1622 2187 XVII,
1649 2153 1695 2196 4.
1722 2153 1828 2197 pro,—

1038 2212 1160 2243 ceres
1183 2196 1375 2260 Reginae
1399 2197 1563 2244 Mariae
1590 2200 1725 2246 matri
1750 2219 1828 2262 per
1863 2226 1866 2231 ¹

1037 2262 1267 2308 foecialem
1302 2262 1432 2324 regni
1476 2263 1827 2313 administratio-

1037 2344 1142 2372 nem
1167 2327 1407 2389 abrogant,
1432 2327 1565 2382 XVl,
1597 2345 1676 2393 45.

974 2391 1205 2437 Scoticum
1230 2407 1369 2445 mare,
1395 2392 1434 2444 I,
1469 2395 1539 2438 18.

975 2455 1347 2517 Scotobrigantas
1370 2457 1493 2518 apud
1519 2458 1738 2506 Senecam
1761 2460 1828 2507 le-

1035 2521 1240 2632 {lendum
1282 2536 1369 2583 pro
1408 2522 1546 2569 Scuta
1567 2522 1827 2588 BrigantaS,

1086 2620 1100 2641 2
1124 2602 1202 2649 '44’

973 2651 1151 2705 Scotus,
1180 2653 1311 2711 (scot,
1337 2670 1422 2714 cog.
1447 2650 1616 2698 celebris
1618 2655 1825 2716 familiae,

1034 2707 1117 2777 qu'ae
1131 2714 1394 2762 Balcluchiae
1417 2719 1665 2766 Comarchus
1695 2722 1828 2766 Prin-

1036 2786 1140 2843 cipes
1156 2780 1418 2843 agnqscebat‚
1445 2799 1578 2828 eorum
1620 2785 1743 2831 haeres
1774 2791 1830 2848 est

1036 2843 1128 2907 quae
1151 2863 1255 2891 nunc
1272 2845 1537 2892 Balcluchiae
1566 2849 1738 2910 Ducg‘fflz
1761 2856 1831 2898 in.

1019 2911 1234 2972 signitur)
1278 2911 1502 2965 Adamus,
1568 2912 1830 2970 Tuscilaus‚

1037 2973 1224 3037 capitali
1241 2974 1466 3038 supplicio
1489 2976 1829 3036 affe&us‚XIV,

1041 3056 1116 3103 39·

975 3103 1134 3151 Scotus
1152 3103 1336 3167 [joam]
1361 3104 1586 3157 mirabilis
1607 3107 1706 3170 eJus
1724 3126 1750 3157 a
1769 3109 1835 3157 ci·
1899 3123 1901 3127 ·

1040 3167 1102 3214 bo
1125 3168 1412 3226 abstinentia,
1436 3171 1570 3229 XIV,
1593 3191 1673 3238 40.

977 3235 1136 3280 Scotus
1172 3233 1436 3298 [Michael]
1482 3238 1702 3286 Balveriae
1739 3239 1835 3285 Co-

1040 3298 1268 3355 marchus,
1311 3299 1361 3347 in
1394 3300 1680 3368 Norvegiam
1707 3305 1836 3367 lega·

1040 3373 1112 3409 tus
1135 3362 1306 3419 missus,
1329 3367 1466 3421 VIII,
1495 3385 1537 3430 3.

126 3421 176 3468 ni
223 3438 361 3486 quam
385 3424 607 3473 Balliolus
652 3428 811 3500 Anglo
852 3428 918 3502 fe·
977 3427 1138 3474 Scotus
1181 3428 1362 3493 [Valt.]
1402 3431 1832 3494 Baicluchius,Jac.

124 3498 266 3542 cerat,
291 3493 523 3545 revocant,
551 3505 622 3553 14.
649 3489 810 3554 saepms
825 3507 920 3539 νιε-

123 3551 273 3623 ·νὶἐὶί,
303 3568 378 3618 15.
410 3553 482 3601 16.
516 3554 564 3600 in
598 3556 738 3601 verba
776 3556 923 3621 Angli

117 3632 272 3677 jurare
294 3618 457 3677 coaffi,
494 3634 566 3683 17.
594 3619 920 3669 diris'Pontifi-

1037 3492 1101 3539 V.
1116 3509 1150 3539 „e
1173 3493 1385 3542 manibus
1407 3495 1747 3559 Duglaffiorum
1787 3497 1836 3542 vi

1037 3556 1214 3619 eripere
1251 3571 1460 3614 conatur,
1506 3558 1636 3616 XIV,
1664 3576 1740 3622 27.
1786 3560 1837 3608 in

1038 3621 1288 3671 custodiam
1329 3624 1482 3687 datus,
1529 3639 1604 3688 39.
1654 3622 1838 3695 liberat-i

1750 3695 1837 3736 rel-
