1992 3801
140 186 272 273 396
445 188 805 253 RERUM
895 182 1574 248 Sco'rrcarzom

141 288 336 337 arbitrio
353 286 418 335 sui
436 282 942 334 statusincolumitatem
966 281 1205 329 collocare.
1275 285 1511 346 Qantum
1535 281 1693 330 auxilii
1722 281 1768 330 in
1792 284 1914 331 ami-

145 354 210 400 cis
230 352 484 399 absentibus
507 349 713 398 adversus
737 344 969 408 praesentia
992 347 1191 408 pericula
1209 347 1330 402 effet,
1353 348 1380 394 fi
1412 364 1611 410 unquam
1634 347 1763 402 alias,
1785 360 1910 396 certe

148 418 236 464 hac
258 417 350 479 ipsa
384 419 528 463 aestate
565 431 654 461 non
681 413 818 458 modo
839 409 1056 472 intelligi,
1086 410 1159 456 sed
1181 411 1326 458 oculis
1349 411 1536 472 speelari
1563 409 1769 474 potuisse,
1801 426 1910 459 cum
1950 441 1951 444 =

150 482 334 544 Anglus
352 480 460 527 hinc
483 495 563 526 nos
586 478 643 523 ab
666 474 822 522 amicis
847 473 1042 520 desertos
1065 473 1217 529 ferret,
1237 488 1391 538 ageret
1415 493 1425 520 ε
1451 476 1644 537 totisque
1664 475 1838 521 viribus
1861 475 1912 523 in

148 545 400 609 perniciem
433 545 623 590 nostram
659 538 962 593 incumberet,
995 537 1128 585 illinc
1157 540 1326 586 auxilia
1355 538 1468 604 saepe
1497 534 1726 603 promissa,
1757 553 1810 586 ac
1831 538 1913 590 diu

147 611 321 674 sperata
343 621 514 656 teneret
530 604 734 652 clastibus
757 602 840 649 suis
862 603 1041 650 obsessa.
1546 616 1549 619 *

217 677 323 722 XX.
357 675 473 720 Haec
495 688 596 717 cum
622 686 706 732 pro
729 667 900 714 foedere
927 666 1129 730 Anglico
1146 666 1499 730 disputarentur,
1521 683 1573 713 ac
1596 682 1685 713 non
1708 665 1843 729 pauci
1866 665 1920 715 in.

147 756 255 787 ‘earu
285 737 546 783 rententiam
570 735 677 781 ituri
698 733 851 785 estem,
875 731 1011 780 multi
1034 746 1192 779 contra
1212 731 1495 781 differebant.
1562 733 1704 779 Erant
1725 729 1846 778 enim
1865 730 1915 778 in

150 821 208 852 eo
229 816 458 851 conventu
482 798 702 861 plaerique
718 795 910 843 Gallicis
928 796 1250 859 largitionibus
1268 795 1816 858 praeoccupati,nonnulli
1835 795 1921 842 eti-

152 886 246 924 am,
280 869 359 931 qui
395 865 523 928 quod
545 881 569 909 e
592 861 788 925 publicis
824 860 1109 909 detrimentis
1131 860 1206 906 sua
1228 860 1555 920 comparabant
1588 860 1917 914 emolumenta,

152 931 344 980 omnino
363 947 386 975 a
405 945 516 992 pace
533 926 852 973 abhorrebant.
920 926 1023 971 Nec
1044 927 1247 976 deerant,
1264 923 1429 985 quibus
1452 923 1598 985 Angli
1620 925 1667 970 in
1689 922 1920 986 pollicen-

152 999 215 1044 do
236 994 428 1042 facilitas
450 993 555 1038 effet
574 990 787 1050 suspecta,
803 989 1055 1052 'praesertim
1080 1005 1184 1035 cum
1210 1005 1276 1035 res
1299 987 1498 1050 Anglica
1520 1000 1616 1035 tum
1639 987 1921 1050 potissimum

152 1061 371 1125 penderet
393 1073 449 1103 ex
468 1055 656 1104 arbitrio
677 1054 877 1100 Thomae
900 1051 1070 1100 Volsaei
1088 1051 1348 1099 Cardinalis
1367 1052 1452 1098 viri
1470 1051 1617 1115 pravi,
1634 1057 1682 1099 -δε
1705 1050 1921 1098 ambitio·

153 1127 204 1179 fi,
242 1129 285 1174 8:
315 1122 395 1185 qui
426 1119 612 1179 consilia
631 1117 786 1166 omnia
808 1119 865 1165 ad
887 1118 1010 1164 suam
1040 1116 1252 1180 privatim
1275 1116 1609 1171 aucloritatem‚
1643 1120 1693 1165 &
1717 1115 1921 1179 dignita.-

153 1202 246 1236 tem
281 1186 587 1248 ampliandam
625 1184 812 1230 referret
833 1202 843 1229 ;
868 1182 1066 1244 ideoque
1087 1199 1140 1228 ea
1158 1182 1214 1228 ad
1236 1196 1420 1227 ornnem
1452 1180 1644 1228 fortunae
1666 1179 1823 1226 flatum
1846 1196 1922 1227 ac·

153 1252 482 1302 commodaret.
538 1247 606 1297 Hi
628 1261 726 1295 tum
744 1264 902 1294 omnes
925 1246 1106 1294 diversis
1124 1244 1377 1293 rationibus
1398 1245 1602 1299 adducti,
1620 1244 1694 1292 sed
1717 1243 1816 1307 pari
1834 1244 1922 1291 stu-

156 1320 238 1366 dio
262 1330 410 1363 tamen
433 1314 667 1361 Gallicum
687 1313 837 1359 foedus
857 1312 1125 1359 tuebantur:
1148 1311 1468 1374 negabantque
1489 1309 1774 1372 repentinam
1793 1308 1925 1355 illam

152 1383 291 1430 host-Is
322 1379 639 1427 liberalitatem
675 1378 759 1423 effe
783 1377 1047 1440 gratuitam.
1114 1375 1218 1423 Nec
1244 1391 1363 1421 nunc
1394 1374 1594 1437 primum
1617 1373 1797 1437 Anglos
1831 1373 1924 1420 illis

154 1447 324 1494 artibus
338 1444 610 1491 adincautos
632 1442 840 1489 homines
861 1440 1157 1501 decipiendos
1181 1439 1262 1485 uti.
1303 1438 1568 1486 Eduardum
1590 1437 1926 1502 primunzjura·

155 1510 274 1566 tum,
308 1513 356 1559 8..
378 1508 594 1556 omnibus
625 1508 781 1570 legum
815 1506 1009 1553 vinculis
1040 1502 1329 1551 constriEtum
1366 1504 1422 1549 ad
1453 1503 1582 1549 litem
1619 1502 1926 1555 dirimendam

155 1576 377 1623 arbitrum
399 1573 615 1627 electum,
637 1572 724 1618 sese
743 1588 823 1634 per
841 1571 1060 1617 summam
1081 1568 1293 1630 injuriam
1313 1570 1490 1631 Regem
1514 1569 1753 1614 Scotorum
1783 1565 1923 1620 creas-

156 1639 215 1686 se.
283 1640 449 1701 Nuper
480 1638 618 1684 etiarn
650 1635 915 1683 Eduardum
939 1646 1151 1697 quartum
1189 1631 1427 1680 Caeciliam
1452 1631 1590 1679 filiam
1619 1630 1778 1688 Iacobi
1803 1629 1923 1677 tertii

157 1705 254 1752 filio
289 1702 584 1766 despondisse.
650 1702 771 1749 Cum
806 1713 956 1746 autern
981 1699 1135 1762 puella
1169 1696 1383 1744 nubendo
1407 1695 1704 1751 maturuiffet,
1741 1694 1930 1758 nuptias

155 1786 302 1832 prope
321 1780 495 1830 paratas
514 1766 746 1813 occasione
766 1764 876 1811 belli
893 1781 948 1810 ex
971 1762 1125 1810 nostris
1147 1760 1404 1810 domesticis
1422 1760 1607 1808 dissidiis
1626 1772 1820 1823 arrepta,
1838 1759 1926 1806 dis-

157 1835 347 1881 solvisse.
382 1832 552 1894 Neque
576 1847 697 1877 nunc
719 1829 842 1876 aliud
867 1828 1068 1891 Anglum
1091 1843 1309 1890 quaerere,
1334 1825 1473 1888 quam
1498 1837 1548 1871 ut
1569 1825 1732 1887 injet‘lla
1749 1825 1824 1886 spe
1847 1840 1924 1869 va-

157 1915 219 1945 na
240 1896 519 1950 dominatufi,
555 1912 637 1942 nos
661 1894 708 1941 in
730 1910 885 1940 veram
908 1892 1166 1939 servitutem
1200 1891 1365 1954 rapiat,
1388 1906 1439 1936 ac
1463 1889 1696 1938 destitutos
1727 1888 1925 1935 externis,

158 1960 343 2008 auxiliis
367 1973 464 2008 toto
489 1958 655 2007 virium
679 1959 853 2005 suarum
878 1956 1116 2006 molimine
1137 1955 1342 2003 incautos
1368 1953 1614 2016 opprimat.
1682 1954 1786 2000 Nec
1807 1952 1927 1999 illud

158 2028 367 2089 quidem,
402 2025 451 2072 in
483 2041 576 2088 quo
598 2024 772 2071 exultat
801 2039 958 2070 eorum
989 2022 1152 2077 oratio,
1194 2036 1353 2066 verum
1380 2018 1595 2065 tutiorem
1622 2019 1706 2065 effe
1730 2016 1927 2079 ‘propin-

156 2108 315 2154 quam,
340 2106 477 2152 quam
503 2089 804 2153 longinquam
832 2086 1077 2134 amicitiam
1111 2103 1124 2132 ε
1147 2083 1469 2131 dissentionum
1492 2083 1614 2130 enim
1639 2083 1787 2128 causas
1808 2080 1930 2128 inter

158 2156 336 2202 vicinos
361 2171 591 2218 nunquam
617 2151 864 2200 defuturas.
934 2152 1061 2213 Qas
1084 2149 1399 2212 saepenumero
1417 2147 1538 2194 casus
1561 2148 1742 2210 gignat,
1767 2150 1816 2196 δι
1838 2149 1937 2208 Ρο-’

157 2220 378 2267 tentiores
401 2236 492 2266 non
516 2235 616 2265 raro
637 2216 728 2264 levi
749 2216 981 2268 occasione
1002 2214 1157 2262 oblata
1179 2213 1338 2261 serant.
1386 2212 1658 2259 Concordiae
1680 2212 1823 2275 leges,
1845 2208 1932 2272 qui

160 2285 363 2348 superior
384 2285 432 2330 in
456 2299 684 2330 armorum
709 2281 796 2327 erit
820 2279 1083 2334 certamine,
1107 2294 1191 2341 pro
1213 2277 1290 2325 suo
1311 2275 1500 2324 arbitrio
1521 2276 1793 2338 praescribet.
1827 2274 1927 2322 Ne-

158 2365 251 2412 que
282 2365 481 2411 unquam
505 2348 625 2394 inter
654 2345 850 2393 finitima
872 2361 1013 2408 regna
1035 2356 1126 2390 tam
1158 2343 1355 2389 sanctum
1382 2340 1508 2387 fuiffe
1529 2340 1745 2388 amicitiae
1767 2337 1930 2385 vincu-

161 2414 278 2468 lum,
302 2413 429 2476 quod
452 2428 543 2458 non
573 2413 644 2458 vel
677 2410 841 2457 oblatis
871 2407 1199 2463 occasionibus,
1231 2408 1303 2454 vel
1321 2404 1518 2471 quaesitis
1540 2405 1681 2452 causis
1701 2402 1932 2468 saepiffime
1971 2458 1975 2463 ,

157 2477 420 2523 violaretur.
487 2477 656 2540 Neque
677 2475 944 2538 sperandum
970 2473 1147 2536 Anglos
1178 2487 1299 2518 nunc
1322 2470 1470 2533 magis
1487 2467 1513 2514 a
1531 2469 1664 2516 nobis
1698 2469 1948 2521 violandis>

160 2553 508 2604 temperaturos,
533 2556 671 2603 quam
696 2541 807 2601 (1)a
829 2550 897 2585 tot
917 2538 980 2585 sui
1002 2535 1233 2599 sanguinis
1254 2535 1460 2601 Regibus
1477 2532 1788 2582 abstinuerint.
1827 2534 1935 2582 Foe-

160 2609 324 2653 derum>
344 2604 465 2652 enirn
490 2604 715 2659 saunitas,
746 2602 1100 2665 &jurisjurandi
1122 2600 1306 2665 religio,
1326 2605 1367 2648 δι
1388 2601 1644 2663 pactorum,
1665 2604 1703 2645 &
1728 2613 1929 2647 convens-

160 2684 314 2717 torum
347 2669 456 2716 fides
479 2668 596 2716 inter
629 2668 773 2715 bonos
807 2665 1051 2714 firmifftma
1080 2665 1182 2712 sunt
1212 2664 1412 2718 vincula,
1448 2662 1568 2710 inter
1597 2664 1741 2710 malos
1774 2662 1928 2710 oblata

162 2734 491 2782 commoditate
512 2733 570 2781 ad
593 2732 844 2780 fallendum
867 2731 996 2779 retia.
1063 2730 1182 2778 Haec
1199 2743 1349 2776 autem
1373 2726 1676 2779 commoditas
1694 2727 1741 2774 in
1765 2726 1928 2774 finium

163 2798 534 2862 propinquitate,
554 2801 603 2847 ὅτ
630 2796 802 2860 linguae
825 2794 1119 2850 commercio,
1149 2798 1202 2844 &
1222 2792 1330 2840 vitae
1352 2793 1480 2841 cultu
1509 2809 1601 2840 non
1632 2791 1833 2838 dissimili
1853 2793 1926 2850 vel

164 2862 364 2910 maxime
387 2863 466 2909 fita
487 2863 563 2910 est.
631 2863 774 2924 Qod
797 2862 828 2907 fi
850 2862 949 2907 haec
969 2857 1127 2906 omnia
1152 2858 1292 2922 longe
1321 2857 1444 2906 secus
1473 2857 1711 2911 haberent,
1746 2857 1840 2902 duo
1861 2869 1930 2904 εει.-
1966 2849 1970 2853 ’

163 2944 271 2973 men
293 2927 427 2973 nobis
451 2925 733 2989 providenda
754 2925 870 2979 sunt,
895 2925 1104 2978 alterum,
1125 2939 1183 2969 ne
1199 2936 1376 2970 veteres
1396 2921 1567 2970 amicos
1580 2920 1697 2983 saepe
1719 2921 1776 2968 de
1797 2920 1931 2969 nobie

162 2991 282 3037 bene
300 2991 484 3038 meritos
506 2988 1030 3051 inauditosrejiciamus:
1051 2987 1263 3041 alterum,
1280 3004 1335 3033 ne
1354 2985 1512 3033 frustra
1532 2985 1795 3047 altercando
1812 2995 1929 3033 tem-

167 3071 253 3116 pus
273 3055 349 3100 hic
379 3068 671 3115 teramus2ea
693 3053 938 3116 praesertim
957 3053 1015 3100 de
1036 3067 1102 3106 re,
1125 3051 1182 3098 de
1203 3067 1294 3114 qua
1315 3051 1432 3098 nihil
1451 3050 1531 3099 nifi
1551 3050 1600 3097 in
1625 3049 1830 3097 omniurn
1854 3065 1930 3097 or·

162 3117 322 3164 dinum
347 3132 577 3165 conventu
602 3118 812 3165 constitui
834 3118 993 3178 potest.
1059 3115 1168 3162 Hoc
1188 3116 1386 3163 maxime
1404 3117 1540 3178 pafto
1554 3113 1752 3162 Gallicae
1773 3113 1949 3162 fafflou‘
1986 3107 1992 3110 ’

160 3183 230 3230 nis
254 3182 460 3252 homines
483 3194 744 3237 tenuerunt,
768 3198 824 3230 ne
843 3182 1092 3247 quicquam
1111 3191 1216 3228 ante
1236 3193 1387 3229 certos.
1403 3180 1462 3227 de
1479 3179 1726 3228 Gallorum
1747 3176 1928 3226 auxiliis

155 3259 349 3295 nuncios
370 3245 702 3294 decerneretur.

216 3378 230 3427 ξ
239 3378 280 3427 1)
308 3375 337 3414 F
340 3389 381 3414 or-
398 3375 576 3415 William
596 3375 660 3414 the
679 3389 894 3426 conqueror,
919 3374 1021 3413 Wil-
1076 3374 1176 3413 their
1193 3375 1350 3423 rubieas
1367 3387 1410 3413 or
1423 3374 1637 3420 emulators‚
1651 3371 1690 3410 fi>
1703 3371 1786 3410 that
1801 3369 1848 3408 of
1859 3369 1931 3408 the'

164 3428 566 3478 &iam‘RuquHemy
582 3427 648 3465 the
666 3429 755 3475 first,
775 3429 870 3478 king
886 3427 1021 3477 Steph-
1075 3429 1265 3477 catalogue
1294 3428 1339 3465 of
1364 3428 1418 3466 au
1446 3427 1512 3465 the
1530 3426 1681 3475 Englilh
1703 3422 1925 3473 ,monarcha

163 3498 225 3529 en,
262 3485 392 3532 Henay
434 3493 474 3521 2.
504 3480 671 3520 Richard
704 3493 742 3519 ι.
778 3481 874 3530 king
903 3481 1020 3532 John,
1075 3483 1163 3530 only
1182 3482 1336 3519 Edward
1359 3492 1393 3518 1.
1420 3481 1575 3519 Edward
1595 3492 1632 3530 3.
1650 3477 1720 3515 and
1736 3475 1864 3523 Henry
1883 3488 1923 3526 5.

163 3537 295 3586 Henry
314 3550 350 3586 3.
377 3536 507 3585 fleury
523 3546 563 3583 4.
592 3535 754 3573 Edward
765 3545 805 3583 4.
832 3535 963 3582 Henry
981 3546 1019 3582 7.
1077 3534 1215 3584 (altho'
1230 3534 1318 3583 they
1339 3533 1454 3570 found
1473 3533 1572 3570 some
1587 3526 1810 3568 treasonable
1828 3527 1927 3576 plots

165 3603 262 3625 were
281 3589 436 3627 infested
455 3586 549 3626 with
579 3587 667 3625 civil
697 3599 790 3625 wars
809 3588 880 3624 and
898 3587 1018 3624 rebel·
1073 3589 1149 3623 and.
1162 3585 1401 3637 conspiracies
1413 3585 1550 3634 against
1564 3583 1684 3628 them,
1700 3579 1924 3630 yet)enioy-

168 3641 278 3677 hons-
335 3643 547 3680 Edwardz.
578 3639 744 3678 Richard
763 3652 801 3677 2.
829 3641 959 3688 Henry
979 3640 1016 3677 6.
1073 3641 1117 3677 ed
1135 3652 1245 3689 peace
1275 3647 1315 3678 at
1339 3638 1454 3679 home
1474 3637 1520 3688 by
1545 3633 1684 3690 having
1709 3639 1812 3684 great
1831 3643 1929 3668 war⁸

167 3694 322 3732 Edwerd
340 3708 376 3745 5.
398 3696 468 3732 and
486 3692 652 3732 Richard
665 3707 702 3746 3·
722 3705 818 3734 were
832 3691 961 3733 killed.
974 3692 1020 3744 b'y
1070 3692 1217 3732 abroad.
1732 3693 1738 3695 ⁴
1794 3681 1928 3732 XXI.
