2025 3831
312 167 605 234 Ltssca
680 162 1556 237 DnctMusQuAttTus.
1700 180 1834 249 407

74 268 180 325 lius,
204 269 254 318 &
275 266 503 313 Robertus
524 258 842 310 Carnicrucius
866 262 1034 309 favoris
1056 276 1164 324 erga
1185 259 1444 323 Du'glaffios
1467 259 1649 322 suspeffi
1673 262 1730 307 ab
1752 278 1839 307 au··

78 337 122 383 la
138 332 315 380 fuissent
337 328 517 383 remoti,
541 344 698 374 eorum
722 327 877 374 munia
914 327 971 372 ad
996 326 1246 372 Robertum
1271 326 1536 372 Britannum
1560 324 1710 372 aulica
1732 342 1838 388 gra-

64 399 141 452 „tia
174 411 270 444 tum
301 395 555 446 florentem,
596 391 781 455 aliisque
805 391 959 438 multis
994 389 1246 437 ministeriis
1269 389 1534 453 praefectum
1553 387 1729 436 fuerant
1754 390 1836 436 de·

79 465 184 510 lata.

145 523 362 572 XXXIX.
395 522 495 568 Post
516 522 615 567 haec
637 519 768 567 rebus
792 537 882 570 non
903 519 1036 582 plane
1060 518 1167 566 foris
1190 517 1379 580 pacatis,
1404 520 1529 578 (nam
1557 515 1700 578 Angli
1723 532 1839 563 non·

80 591 186 637 dum
208 587 387 634 reversis
410 587 599 632 domum
619 583 782 647 legatis
807 586 961 630 Arnen
981 582 1212 630 Teviotiae
1230 582 1383 629 vicum
1407 583 1677 640 cremarant)
1700 580 1756 626 ab
1769 597 1840 625 ar-

81 654 164 701 mis
186 653 385 714 reliquus
404 667 546 696 annus
565 647 655 695 fuit
685 648 884 709 quietior
920 666 930 693 :
968 647 1042 693 sed
1060 648 1286 694 latronum
1302 645 1492 692 audacia
1512 645 1716 693 nondum
1743 645 1843 704 pla-

78 733 136 765 ne
153 731 247 763 erat
268 715 528 777 compressu.
597 715 758 773 Itaque
780 713 897 766 Rex,
934 724 984 759 ut
1006 724 1177 758 metum
1212 709 1385 757 caeteris
1405 709 1628 771 injiceret,
1654 708 1842 755 Guliel-

79 797 204 828 mum
225 781 522 827 Cocburnum
558 779 628 840 (1)
650 776 1066 829 Henderlandium‚
1086 779 1136 825 ὅς
1159 776 1393 821 Adamum
1433 776 1618 821 Scotum
1636 774 1840 819 'latrones

78 846 274 908 insignes
296 843 571 906 Edimburgi
593 841 909 904 deprehensos,
934 839 1119 902 capitali
1143 838 1367 902 supplicio
1389 838 1557 886 affecit.
1625 837 1842 884 Proximo

81 926 217 964 anne,
245 909 391 956 mense
413 907 709 954 MartioRex
734 908 803 968 (2)
830 905 1048 952 Iacobum
1083 903 1307 950 Moraviae
1332 903 1568 950 Comitem
1601 901 1843 949 Vicarium

77 974 212 1036 regni
232 972 343 1020 fecit
362 991 373 1019 ε
407 974 457 1022 &
480 972 536 1018 ad
554 970 749 1018 limitem
771 971 902 1024 misit,
919 981 968 1016 ut
986 968 1220 1016 Comitem
1254 967 1603 1015 Northumbriae
1625 967 1819 1014 conveni
1834 990 1848 1001 ·
1912 1025 1919 1029 ν

80 1043 211 1091 ren&
234 1054 339 1085 cum
355 1053 413 1083 eo
435 1036 491 1083 de
516 1051 642 1100 pace,
666 1041 705 1082 Sc
725 1035 856 1082 rebus
878 1033 1155 1097 repetendis,
1181 1032 1516 1095 reddundisque
1539 1044 1709 1096 ageret.
1755 1031 1846 1078 Sed

79 1103 130 1149 id
163 1101 446 1165 colloquium
485 1112 586 1147 orta
605 1100 723 1146 inter
744 1115 820 1146 eos
843 1099 1078 1145 eontentio
1093 1097 1302 1152 diremit,
1343 1097 1486 1143 altero
1509 1097 1700 1151 nitente,
1725 1095 1846 1145 utin

83 1165 378 1227 Scotiajuxta
402 1166 471 1226 (3)
497 1165 620 1228 leges
657 1164 713 1210 de
752 1163 977 1226 expianda
998 1162 1121 1208 caede
1144 1162 1338 1209 Roberti
1359 1161 1468 1209 Cari
1502 1160 1658 1216 factas,
1679 1162 1841 1216 altero,

82 1242 132 1277 ut
153 1230 200 1278 in
223 1230 396 1294 Anglia
428 1229 735 1277 conveniendi
766 1230 892 1275 locus
934 1228 1055 1274 effet.
1124 1228 1303 1273 Interea
1346 1225 1474 1281 misti,
1497 1226 1579 1289 qui
1617 1239 1845 1289 utrunque

84 1296 260 1357 Regem
281 1312 332 1341 ea
347 1294 407 1340 de
430 1311 476 1339 re
492 1293 791 1341 consulerent.
860 1293 936 1339 Ad
965 1308 1015 1355 17
1037 1290 1263 1338 calendas
1278 1290 1394 1337 Maii
1427 1290 1585 1338 habito
1608 1307 1850 1353 procerum

85 1372 316 1406 conventu
339 1360 433 1422 post
458 1360 643 1420 longam
664 1357 1039 1419 disceptationem
1063 1355 1120 1401 ad
1143 1355 1376 1417 vesperum
1402 1355 1540 1418 usque
1577 1357 1847 1417 produfitam'

83 1423 185 1470 Rex
206 1423 437 1470 Comitem
464 1422 1003 1476 Bothueliae‚Robertum
1029 1420 1357 1475 Maxuallium,
1380 1421 1622 1467 Valterum
1642 1422 1849 1474 Scotum,

31 1504 46 1511 ‘
85 1493 128 1534 a:
151 1489 362 1535 Marcum
377 1489 547 1534 Carum
567 1487 613 1533 in
632 1503 780 1533 arcem
795 1484 1204 1548 Edimburgensem
1218 1484 1534 1531 custodiendos
1553 1484 1696 1531 dedit.
1722 1485 1852 1530 Mar-

83 1551 186 1606 ciae,
212 1558 251 1598 &
273 1552 502 1598 Teviotiae
525 1550 616 1612 fere
639 1550 868 1614 principes
890 1549 1030 1596 alium
1046 1549 1137 1596 alio
1160 1549 1399 1612 relegavit,
1424 1561 1545 1596 ratus
1564 1566 1640 1596 eos
1657 1550 1766 1596 belli
1785 1549 1856 1595 se·

86 1615 211 1662 mina
232 1617 350 1663 clam
372 1616 579 1663 adversus
614 1615 793 1677 Anglos
823 1615 1045 1678 spargere.
1113 1612 1212 1676 Ipse
1236 1614 1385 1663 mense
1403 1613 1529 1676 Julio
1548 1614 1730 1660 circiter
1746 1616 1852 1660 οξτο

86 1680 289 1727 millibus
304 1680 544 1727 hominum
567 1680 750 1734 coactis,
765 1679 1108 1742 expeditionem
1128 1678 1185 1724 ad
1202 1678 1492 1740 reprimenda
1510 1677 1750 1725 latrocinia
1766 1678 1860 1724 sus·

65 1745 212 1808 ⁴cepit
247 1763 258 1791 :
295 1752 334 1792 δε
358 1761 524 1808 magna
545 1744 776 1793 celeritate
797 1747 854 1791 eo
877 1741 1104 1806 profestus
1122 1743 1259 1789 castra
1277 1744 1335 1790 ad
1354 1745 1503 1789 Evum
1527 1743 1697 1790 flumen
1721 1743 1856 1806 posu-

9 1808 13 1816 *
87 1809 140 1856 it.
209 1810 317 1857 Non
343 1810 500 1873 procul
523 1810 632 1856 inde
653 1804 888 1856 habitabat
910 1809 1102 1857 Ioannes
1126 1807 1482 1871 Armistrangius
1518 1806 1731 1871 princeps
1755 1807 1858 1854 uni-

92 1891 141 1919 us
161 1873 367 1920 santonis
391 1876 637 1921 latronum.
694 1875 737 1920 Is
756 1885 931 1920 tanturn
955 1872 1018 1919 sui
1044 1884 1217 1918 metum
1238 1872 1399 1919 vicinis
1419 1873 1674 1926 incusserat,
1699 1885 1748 1919 ut
1768 1872 1856 1920 eti-

91 1953 163 1984 am
189 1938 332 2002 Angli
355 1939 412 1985 ad
431 1940 576 1985 multa
594 1939 796 2001 passuum
815 1937 959 1984 millia
981 1937 1234 2000 penderent
1255 1938 1296 1983 ei
1316 1936 1513 2001 vectigal
1539 1955 1550 1984 :
1576 1953 1627 1983 ac
1644 1934 1858 1984 Maxua'l·

92 2002 179 2057 lius
199 2005 335 2050 etiam
358 2003 454 2064 ejus
477 2003 730 2066 potentiam
744 2001 1076 2055 reformidaret,
1096 2001 1399 2065 omnibusque
1420 2001 1671 2049 rationibus
1694 2001 1737 2049 ei
1757 2000 1858 2048 exi-

0 2081 2 2088 *
78 2065 210 2114 ‚tium
246 2067 505 2114 intentaret.
572 2069 766 2119 Ioannes
790 2085 814 2114 a
846 2067 1008 2130 Regiis
1043 2065 1254 2112 ministris
1277 2066 1472 2119 illectus,
1512 2067 1721 2129 neglecto
1752 2065 1861 2112 fidei

91 2131 288 2194 publicae
304 2131 680 2194 diplomate,cum
694 2130 875 2178 circiter
885 2130 1224 2194 quinquaginta
1234 2130 1465 2194 equitibus
1483 2132 1725 2179 comitatus
1738 2130 1860 2178 iner-

96 2195 180 2242 mis
203 2198 259 2242 ad
286 2197 458 2258 Regem
481 2197 670 2251 veniret,
695 2195 857 2243 incidit
878 2195 923 2241 in
943 2197 1269 2258 exploratoreS,
1290 2195 1487 2258 quieum
1501 2196 1629 2242 velut
1650 2213 1675 2242 a
1693 2196 1734 2243 se
1752 2212 1837 2258 cap
1853 2225 1866 2238 .

95 2272 193 2306 tum
214 2261 272 2306 ad
293 2262 361 2332 (Αἰ)
383 2277 488 2307 eum
507 2262 832 2322 perduxerunt.
899 2259 972 2306 lbi
1003 2277 1108 2305 cum
1132 2259 1305 2319 majore
1328 2260 1551 2308 comitum
1575 2273 1702 2324 parte
1724 2261 1866 2308 fracta

94 2325 205 2388 gula
226 2326 374 2386 periit.
444 2324 541 2388 Qi
571 2324 708 2373 caedis
741 2327 943 2372 auctores
982 2323 1176 2378 fuerant,
1200 2325 1342 2387 vulgo
1363 2324 1585 2378 serebant,
1617 2324 1659 2372 se
1680 2325 1866 2388 pollici-

97 2401 194 2435 tum
217 2389 344 2435 fuiffi:
364 2389 604 2444 facturum,
630 2402 679 2437 ut
700 2389 797 2452 agri
817 2388 985 2436 Scotici
1002 2388 1252 2451 propinqui
1273 2388 1451 2452 aliquot
1479 2388 1628 2435 millia
1659 2391 1862 2452 passuum

47 2458 50 2459 ’
98 2453 263 2517 Anglis
287 2468 512 2516 parerent,
533 2455 563 2500 fi
601 2471 654 2500 ea
691 2472 759 2501 res
783 2453 866 2500 fibi
887 2454 1070 2507 honori,
1113 2453 1519 2516 emolumentoque
1554 2453 1673 2501 soret
1704 2474 1716 2502 ε
1755 2471 1864 2503 cum

98 2517 242 2580 Angli
256 2532 413 2564 contra
431 2518 599 2566 fuerint
615 2519 710 2579 ejus
734 2531 882 2566 morte
900 2517 1192 2564 vehementer
1212 2518 1370 2573 laetati,
1405 2532 1455 2566 ut
1471 2519 1551 2580 qui
1589 2520 1720 2580 gravi
1740 2520 1863 2566 hoste

95 2579 276 2629 liberati
297 2583 449 2630 effent.
515 2585 585 2648 (5)
606 2585 710 2638 Sex,
733 2583 814 2646 qui
835 2581 1387 2644 superfueruntcomitum
1423 2584 1538 2644 eju5‚
1563 2584 1770 2631 obsidum
1794 2586 1867 2630 lo-

99 2660 154 2692 co
175 2646 376 2702 retentis,
397 2665 500 2695 cum
523 2648 640 2694 nihil
663 2649 786 2711 apud
801 2664 878 2693 eos
898 2648 997 2692 Rex
1019 2648 1107 2693 hoc
1142 2659 1268 2694 metu
1290 2648 1546 2709 proficeret,
1573 2649 1670 2710 post
1691 2665 1861 2710 paucos

100 2711 268 2772 menses
288 2714 656 2775 poenasluerunt.
726 2712 804 2759 Ab
824 2712 891 2758 eis
912 2711 995 2773 qui
1013 2710 1141 2758 domi
1170 2711 1499 2774 superfuerant,
1522 2729 1665 2759 novos
1687 2713 1864 2759 obfides

0 2789 11 2822 ι
72 2775 271 2837 -exegit.
338 2776 568 2823 Lidaliani
601 2776 768 2824 relictis
807 2775 1019 2822 domibus
1042 2776 1089 2822 in
1113 2776 1336 2840 Angliam
1370 2776 1651 2840 populariter
1672 2776 1868 2824 commi-

100 2852 286 2911 grarunt
312 2859 323 2887 :
356 2846 397 2888 δε
421 2858 560 2903 prope
582 2840 861 2904 quotidianis
882 2839 1214 2887 incursionibus
1243 2840 1417 2888 vicinas
1453 2842 1664 2905 regiones
1685 2841 1870 2889 infesta·

104 2903 226 2953 bant.
294 2903 453 2952 Paucis
468 2907 564 2968 post
577 2906 738 2954 diebus
757 2907 858 2952 Rex
876 2920 1084 2968 proceres
1107 2904 1332 2968 relegatos
1344 2905 1548 2953 libertati
1565 2905 1772 2959 restituit,
1791 2923 1869 2953 ac·

104 2967 248 3029 ceptis
270 2968 327 3014 ab
348 2969 413 3016 eis
437 2970 685 3018 obsidibus.
753 2971 824 3016 Ex
855 2969 925 3016 his
959 2969 1175 3016 Valterus
1210 2970 1370 3017 Scotus
1409 2971 1615 3018 Roberto
1653 2971 1868 3018 Ionstono

105 3042 226 3084 notae
255 3032 535 3081 crudelitatis
558 3035 751 3090 latrone,
787 3046 837 3081 ut
865 3032 986 3097 Regi
1008 3032 1354 3097 gratificaretur,
1381 3035 1621 3083 interfeEto
1646 3035 1867 3099 capitales

104 3111 209 3142 cum
224 3112 285 3169 ea·
297 3095 470 3144 familia
489 3097 678 3162 suscepit
695 3097 1043 3154 inimicitias,ac
1063 3097 1243 3163 magnis
1265 3099 1497 3164 utriusque
1517 3098 1669 3166 gentis
1689 3099 1871 3160 damnis

68 3170 71 3173 ’
97 3171 326 3207 Διτκειτωῐ.

119 3261 127 3278 ,.
170 3226 272 3273 XL.
302 3223 520 3297 lJroximo
536 3243 674 3283 anno,
693 3228 774 3290 qui
793 3227 883 3277 fuit
909 3244 925 3276 ι
951 3246 971 3294 5
994 3246 1018 3292 3
1041 3244 1082 3284 1,
1119 3244 1188 3276 res
1230 3225 1398 3277 accidit
1438 3229 1641 3278 novitate
1678 3227 1869 3295 quidem

108 3288 407 3343 admirabilis,
429 3295 470 3338 δι
487 3291 614 3352 cujus
636 3291 926 3341 admirationi
941 3292 1057 3341 nihi-l
1074 3303 1154 3340 aut
1169 3294 1363 3342 auctoris
1379 3295 1644 3350 obscuritas,
1664 3305 1743 3341 aut
1756 3305 1874 3340 tem-

102 3353 233 3416 ,poris
254 3353 418 3407 omnia*
428 3353 676 3424 diligenter
691 3357 1218 3421 explorantis-curiositas
1239 3359 1437 3408 detraxit
1457 3378 1469 3408 :
1497 3362 1696 3413 ‘Ioannes
1711 3359 1872 3406 Scotus

163 3482 361 3532 (1)-Laird
381 3485 425 3524 of
443 3485 697 3531 Hendetland,
730 3488 801 3525 and
830 3489 956 3527 Adam
1064 3487 1131 3542 (3)
1159 3490 1228 3528 See
1245 3490 1312 3529 lib.
1328 3502 1398 3542 13.
1418 3503 1498 3542 cap.
1516 3489 1581 3532 26.

28 3573 29 3576 ,
93 3531 198 3575 :Scot
211 3537 256 3574 of
264 3537 467 3585 Tustxilaw,
483 3539 673 3588 bothlong
684 3539 779 3578 fince
791 3541 955 3595 decay'd.
1053 3543 1128 3592 ’(4)
1156 3544 1204 3581 Μ
1218 3545 1261 3586 ,8.
1290 3544 1450 3592 Regem.

6 3627 7 3630 ,
28 3591 37 3648 5*
91 3653 96 3657 ὁ
144 3587 227 3658 42)
254 3591 324 3631 His
340 3605 427 3635 own
445 3592 583 3654 bastard
602 3591 764 3654 brother,
1063 3595 1081 3647 (
1089 3596 1127 3648 5)
1151 3596 1255 3641 Vide
1272 3598 1363 3651 cap.
1381 3611 1450 3653 33.

1789 3697 1879 3751 ho-
