1992 3801
106 178 237 263 366
366 181 722 248 RERUM
843 181 1540 252 ScoTrcARuM

106 278 293 325 scientia
314 278 389 325 sua
406 279 614 326 adversus
639 278 1006 326 maledicentiam
1028 280 1321 330 inimicorum
1339 283 1520 339 fretam,
1554 289 1595 331 δε
1618 284 1875 334 misericor-

108 344 185 389 dia
208 359 316 406 erga
349 343 476 391 suum
499 344 762 407 sanguinem
798 357 1052 406 permotam
1088 346 1183 405 ejus
1205 346 1409 409 inopiam
1445 349 1530 396 suis
1567 348 1760 397 fortunis
1785 351 1874 398 sus-

107 409 308 454 tentasse.
377 408 591 455 Tandem
614 423 716 453 cum
739 407 787 454 in
812 408 1002 455 muliere
1026 415 1065 455 δε
1089 409 1226 456 vidua
1248 411 1296 456 id
1320 411 1463 458 aetatis
1488 429 1577 459 non
1601 413 1701 460 satis
1725 416 1877 476 praefi·

107 470 176 520 dii
209 472 400 527 videret,
440 473 481 518 se
496 471 677 518 'vicinos
705 473 874 534 RegeS,
919 476 968 522 ὃς
991 473 1196 520 nationes
1226 474 1493 531 circumisse,
1529 491 1784 540 rogantem,
1823 490 1877 526 ut
1935 486 1949 516 -2'

105 553 373 584 communes
396 535 516 587 casus
539 535 828 598 respicerent,
849 553 937 582 neu
960 537 1159 600 Regium
1190 538 1455 603 sanguinem
1477 540 1874 603 violenda‘tyran-
1926 557 1943 581 f
1975 571 1980 599 ς

103 601 224 649 nidis
243 600 498 662 oppressum
521 600 567 645 in
590 600 734 654 luctu,
758 600 965 654 miscrii3‚
983 607 1024 647 δε
1047 601 1293 649 formidine
1316 603 1509 650 sinerent
1541 606 1872 653 contabescere.

106 668 163 713 Se
184 681 292 712 vero
311 665 386 710 etsi
410 664 457 711 in
481 663 744 727 gravissimis
765 664 893 711 malis
917 666 1127 722 versetur,
1146 683 1237 713 non
1254 666 1319 713 ita
1340 668 1496 714 animo
1514 670 1597 715 esse
1620 670 1865 729 dejectum,

106 743 266 778 tit-non
287 727 432 791 speret
453 730 700 791 aliquando
722 728 836 783 fore,
859 740 907 775 ut
925 729 1194 785 amicorum,
1217 735 1351 794 (quos
1371 732 1597 795 plurimos,
1616 734 1765 780 adhuc
1788 735 1872 781 ha-
1914 759 1917 765 -
1974 733 1975 736 ’

106 796 214 842 beat
235 794 282 839 in
304 793 494 856 Anglia,
519 799 556 838 &
577 793 824 851 Hibernia)
845 792 1017 839 auxilio
1039 794 1281 850 restitutus,
1303 813 1386 859 psro
1405 796 1568 844 merito
1591 797 1756 860 cuique
1774 816 1880 863 gra·

103 860 214 906 tiam
238 857 403 904 referre
424 857 580 920 posset,
616 856 863 919 praesertim
884 858 1105 918 adjunctis
1126 861 1183 906 ad
1205 859 1327 905 suam
1353 859 1513 907 sectam
1538 863 1775 908 Scotorum
1799 864 1875 909 vi-

103 925 261 971 ribus:
297 938 378 984 per
409 937 523 983 quos
559 922 589 966 fi
614 921 659 968 in
692 936 884 984 regnum
924 923 1094 976 redeat,
1113 923 1246 983 ¹brevi
1270 923 1492 977 futurum,
1518 938 1567 971 ut
1607 925 1872 989 intelligant

102 986 398 1036 firmissimum
422 984 619 1031 amicum
644 984 725 1030 fibi
746 996 953 1048 paratum
980 1003 991 1031 ε
1026 987 1078 1036 &
1100 1003 1155 1032 eo
1177 998 1382 1049 tempore
1407 991 1631 1050 paratum,
1666 1005 1758 1050 quo
1780 991 1876 1037 veri

104 1052 241 1099 amici
264 1047 500 1099 conciliari
522 1048 706 1095 soleant.
776 1048 921 1095 Tanti
943 1053 1094 1096 autern
1118 1049 1330 1097 beneficii
1351 1051 1410 1106 se,
1456 1052 1644 1116 suosque
1679 1055 1887 1115 posteros¹

104 1118 169 1167 ita
206 1125 428 1179 perpetuo
464 1129 686 1160 memores
709 1111 824 1168 fore,
868 1127 915 1159 ut
936 1130 1123 1161 omnem
1145 1115 1345 1162 melioris
1368 1115 1563 1163 fortunae
1583 1118 1875 1165 accessionem

105 1181 273 1228 debere
295 1180 336 1225 se
357 1179 420 1224 eis
444 1177 642 1225 libenter
664 1176 927 1224 faterentur.
998 1178 1196 1226 Addidit
1217 1191 1435 1242 praeterea
1468 1182 1612 1227 multa
1640 1181 1699 1228 de
1731 1182 1876 1247 Regis

102 1244 314 1294 laudibus
339 1241 505 1304 partim
526 1259 648 1296 vera,
673 1240 838 1304 partim
861 1241 1015 1306 qualia
1037 1243 1229 1306 praesens
1249 1244 1432 1291 fortuna
1453 1245 1756 1308 exprimebat.
1841 1238 1844 1242 ⁴

168 1310 301 1357 XIII.
335 1308 436 1354 Post
457 1307 555 1354 haec
589 1307 711 1353 dicta
741 1322 845 1352 cum
873 1309 1030 1353 Petrus
1064 1309 1324 1364 reticuisset,
1366 1311 1468 1356 Rex
1489 1326 1595 1356 eum
1617 1310 1874 1358 sevocatum

102 1377 226 1423 bono
248 1371 402 1419 animo
423 1371 508 1417 effe
524 1372 644 1432 juffit
664 1388 676 1417 ι
713 1370 758 1416 se
786 1371 843 1417 de
866 1371 1098 1434 postulatis
1133 1372 1227 1433 ejus
1250 1374 1305 1418 ad
1329 1375 1577 1420 concilium
1601 1375 1866 1423 relaturum.

101 1444 273 1489 Eorum
308 1435 592 1490 sententiam,
617 1436 694 1482 etsl
718 1435 799 1482 fibi
829 1435 880 1482 sit
902 1437 1069 1482 necesse
1096 1436 1143 1482 in
1168 1437 1300 1483 rebus
1319 1438 1601 1503 gravioribua
1625 1439 1766 1502 sequi,
1801 1452 1870 1487 ta·-
1924 1498 1928 1504 Ι
1966 1483 1967 1486 ,

102 1522 207 1554 men
232 1515 463 1564 utcunque
483 1500 554 1547 illi
572 1502 881 1555 decernerent,
898 1499 938 1545 se
954 1503 1217 1547 effecturum
1242 1501 1450 1564 spondet,
1464 1520 1519 1549 ne
1537 1520 1639 1549 eum
1660 1504 1871 1568 aliquan-

102 1572 164 1619 do
185 1567 244 1615 ad
266 1565 306 1613 se
328 1565 578 1628 confugisse
599 1563 837 1628 poeniteat.
906 1565 1039 1612 Petro
1061 1567 1230 1628 egresso
1271 1582 1375 1612 curn
1407 1566 1635 1615 sententiae
1658 1585 1875 1632 rogaren-

106 1647 199 1689 tur,
237 1629 571 1694 prudentiores,
605 1633 656 1680 ὅς
676 1629 843 1692 quibus
867 1629 1010 1690 major
1031 1643 1126 1676 erat
1146 1647 1296 1677 rerum
1321 1631 1419 1677 usus
1438 1648 1531 1678 rem
1556 1631 1780 1695 integram
1804 1651 1875 1680 re-

97 1696 347 1766 jiciendam
371 1694 611 1742 censebant
637 1712 647 1740 z
683 1695 771 1740 five
794 1694 918 1755 quod
946 1710 1059 1740 vana
1080 1710 1183 1756 quae
1203 1696 1611 1757 praetenderentur‚
1632 1697 1872 1745 ‚existima-

101 1776 230 1814 rent:
264 1760 354 1806 sive
376 1760 504 1825 quod
525 1761 626 1822 plus
650 1776 674 1806 e
700 1757 823 1805 bello
845 1757 1151 1820 prospicerent
1173 1759 1384 1821 periculi,
1400 1777 1538 1822 quam
1558 1777 1583 1806 e
1600 1762 1801 1815 victoria,
1822 1779 1871 1813 e-

101 1829 214 1877 tiam
238 1826 267 1872 si
292 1836 412 1871 certa
435 1825 556 1876 esset,
593 1823 891 1871 emolumenti
915 1825 1220 1885 expectarent.
1310 1825 1376 1870 At
1395 1825 1536 1885 major
1558 1841 1679 1887 pars,
1718 1827 1790 1873 vel
1809 1827 1874 1875 ob

104 1888 382 1956 imperitiam
406 1906 574 1944 rerum,
599 1891 649 1939 δε
670 1886 926 1948 animorum
948 1887 1313 1943 inconstantiam,
1344 1888 1418 1935 vel
1440 1901 1488 1935 ut
1504 1889 1625 1952 Regi
1647 1890 1875 1953 gratifica-

104 1970 277 2013 rentur,
304 1954 378 2016 (ι)
414 1970 535 2002 nunc
565 1954 623 2001 de
644 1950 774 1999 causa
795 1951 917 1998 Petri
955 1952 1220 2008 differenda,
1278 1965 1328 2000 ut
1349 1969 1452 2016 quae
1489 1954 1595 2000 ess‘et
1625 1953 1875 2014 justiffima,
1922 1979 1930 1982 ·

106 2024 337 2071 fortunam
360 2018 561 2066 hominis
584 2016 1030 2064 commiserabantur.
1079 2018 1222 2064 Nunc
1242 2017 1377 2064 rebus
1397 2016 1446 2065 in
1466 2015 1638 2081 Anglia
1659 2019 1876 2074 turbatis,
1938 2015 1953 2030 ⁹

101 2087 354 2151 animisque
387 2101 445 2132 ex
466 2082 593 2130 civili
631 2080 854 2129 discordia
876 2082 1025 2128 adhuc
1047 2081 1371 2128 fluctuantibus
1405 2082 1686 2129 occasionem
1709 2082 1872 2146 arripi-

100 2150 362 2206 endamj&
387 2149 515 2213 quod
538 2145 681 2210 Angli
711 2144 887 2209 semper
913 2145 1060 2192 facere
1084 2145 1429 2201 consueverunt,
1470 2145 1520 2192 id
1543 2145 1584 2192 se
1621 2146 1878 2209 aliquando>
1950 2143 1952 2149 ’

100 2215 298 2281 experiri
322 2214 506 2267 debere,
529 2224 577 2259 ut
601 2210 894 2257 inimicorum
913 2210 1094 2256 adversa
1112 2222 1320 2273 tempora
1343 2211 1400 2257 ad
1422 2210 1548 2257 suum
1574 2209 1697 2257 usum
1722 2212 1872 2259 trahe-

103 2295 223 2329 rent.
289 2275 749 2338 Vic'toriamquejam
773 2274 856 2321 fibi
878 2288 982 2322 ante
1004 2275 1228 2322 clafficum
1252 2273 1878 2339 augurabantur‚‘praesertim
1953 2313 1955 2317 .
1975 2261 1978 2265 Δ

103 2345 328 2409 adjunctis
353 2342 530 2408 magnis
556 2340 815 2404 Anglorum
838 2338 981 2401 copiis
1009 2358 1020 2387 ε
1051 2357 1153 2404 quae
1178 2339 1209 2386 si
1239 2339 1314 2402 spe
1347 2338 1588 2386 hominum
1610 2339 1876 2404 infrequen-

101 2411 250 2461 tiores,
263 2408 575 2461 convenirent,
596 2417 746 2451 tamen
769 2420 794 2450 e
829 2404 1009 2451 duobus
1032 2405 1225 2451 alterum
1245 2405 1402 2468 sponte
1423 2402 1697 2459 secuturum,
1725 2419 1773 2452 ut
1795 2406 1870 2466 vel

103 2477 302 2522 victores·
320 2485 448 2521 tanto
471 2468 694 2518 beneficio
717 2468 894 2531 Regem
919 2468 998 2514 fibi
1021 2467 1271 2517 obnoxium
1288 2466 1348 2524 ¹in
1370 2466 1566 2531 Regiam
1601 2467 1748 2516 sedem
1773 2470 1873 2517 col-

105 2541 316 2589 locarent
340 2557 353 2586 :
407 2538 465 2584 ab
503 2550 649 2597 eoque
669 2549 774 2596 quae
797 2532 986 2588 vellent,
1025 2531 1499 2595 omniaimpetrarent
1523 2549 1534 2579 ε
1562 2533 1637 2579 ‘vel
1657 2532 1693 2583 fi,
1710 2533 1877 2598 absque
1936 2547 1938 2549 ’

100 2603 350 2652 certamine
371 2617 468 2650 rem
491 2599 732 2662 transigere
754 2597 947 2659 possent,
970 2596 1226 2644 Henr-icum
1250 2595 1410 2645 sedatis
1432 2595 1872 2647 motibusrdomest'i‘-

103 2669 169 2716 cis
191 2669 398 2716 nondum
420 2681 564 2730 regno
585 2662 873 2715 confirmato,
896 2660 945 2707 in
967 2678 1079 2724 quas
1099 2661 1272 2708 vellent
1303 2659 1590 2708 conditiones
1623 2664 1875 2724 pertractu-

101 2750 193 2783 ros.
241 2732 387 2797 Qod
406 2731 437 2780 fi
459 2731 608 2779 facere
629 2727 882 2781 cunctatur,
908 2725 1030 2772 bello
1052 2724 1188 2774 semel
1209 2736 1335 2774 moto
1356 2725 1610 2788 permulta,
1624 2721 1728 2790 q'uae
1749 2741 1873 2774 nunc

104 2800 317 2853 laterent,
341 2796 499 2860 sponte
520 2793 563 2841 fe
584 2790 808 2840 oblatura.

167 2863 301 2909 XIV.
335 2862 452 2909 Haec
467 2874 575 2905 cum
596 2855 741 2918 major
754 2870 857 2919 pars
876 2854 1125 2911 censuisset,
1145 2857 1246 2904 Rex
1266 2871 1487 2903 novarum
1506 2869 1655 2902 rerum
1677 2852 1872 2917 cupidus

101 2926 153 2974 in
175 2942 275 2973 eam
292 2923 568 2973 sententiam⁴
584 2918 841 2974 inclinavit,
865 2935 919 2966 ac
940 2933 1126 2967 caeteros
1147 2920 1297 2967 fecum
1332 2919 1486 2967 traxit.
1552 2920 1676 2967 Nec.
1694 2919 1790 2981 post
1819 2917 1873 2970 id

99 2990 284 3038 cessavit
304 2991 491 3037 Petrum
508 2984 887 3034 honorificentius
909 2985 1161 3040 tractando,
1176 2983 1436 3047 ducernque
1449 2983 1776 3031 Eboracens'e'm
1792 2987 1885 3046 'apf'

100 3054 322 3120 pellando
350 3052 525 3116 populo
546 3051 781 3097 ostentare.
849 3048 955 3096 Nec
975 3049 1062 3096 hac
1083 3047 1385 3096 beneficentia
1405 3046 1873 3106 contentus'Catharie-

102 3136 209 3168 nam
233 3117 523 3165 Gordoniam
543 3113 742 3162 Comitis
764 3113 1016 3160 Huntilaeae
1039 3113 1197 3168 filiam,
1220 3127 1273 3159 ac
1291 3124 1457 3175 praeter
1473 3112 1757 3175 splendorem
1822 3125 1872 3157 e·

103 3184 223 3232 neris
248 3182 396 3229 forma
417 3179 785 3229 commendatam
808 3177 853 3224 ei
878 3193 1065 3226 uxorem
1081 3176 1226 3232 dedit,
1244 3177 1334 3224 hac
1353 3176 1569 3225 affinitate
1585 3176 1632 3223 in
1643 3176 1765 3239 spem
1797 3188 1870 3221 or·

103 3261 228 3299 tunae
251 3244 454 3293 melioris
487 3261 594 3291 eum
617 3243 982 3291 confirmaturus.
1050 3243 1230 3290 Interea
1257 3257 1314 3289 ex
1343 3241 1521 3289 consilii
1557 3241 1741 3288 decreto
1769 3239 1872 3287 Rex

100 3315 366 3373 comparato
387 3308 590 3356 exercitu
610 3307 658 3355 in
682 3304 903 3370 Angliam
924 3306 1071 3379 ducit,
1092 3306 1310 3379 ‘primum
1331 3305 1675 3370 circumspefle,
1715 3308 1757 3351 δε
1783 3317 1869 3365 ag·

99 3377 227 3426 mine
247 3375 307 3423 ad
323 3373 551 3439 praelium,
575 3372 608 3420 st
628 3387 720 3434 qua
739 3370 979 3433 repentina
999 3387 1068 3419 vis
1089 3381 1339 3436 ingrueret,
1363 3382 1545 3434 parato..
1590 3367 1789 3423 Deinde,
1812 3373 1864 3412 ut
1929 3395 1931 3397 ·
1973 3374 1981 3427 j

156 3506 220 3557 (1)
249 3505 278 3544 i.
308 3517 342 3543 e.
372 3505 418 3541 de
445 3514 516 3552 qua
540 3513 639 3539 nunc
657 3499 823 3540 disserere
854 3513 961 3549 para·
1014 3489 1099 3544 one.
1127 3501 1229 3541 Gen.
1253 3500 1468 3541 differendo.

101 3561 207 3597 bant.
249 3560 314 3598 On
339 3563 495 3596 account
524 3555 570 3592 of
592 3554 652 3592 his
680 3553 798 3599 cause,
832 3552 962 3598 which

98 3625 177 3651 was
197 3625 280 3651 now
313 3620 354 3652 to
387 3611 432 3651 be
465 3608 618 3648 debated
650 3620 688 3646 as
715 3618 736 3645 a
769 3619 857 3665 very
889 3607 963 3658 just

1790 3678 1873 3736 per
1928 3669 1934 3676 '
