2010 3851
341 148 628 214 Linea
689 140 1577 209 Di-:cmiusoci-AVUS.
1728 156 1854 219 533

101 244 178 292 Illi
199 244 346 292 nihilo
371 243 521 290 minus
544 240 591 287 in
613 240 819 304 incoepto
840 241 1088 304 persistunt.
1158 236 1398 286 Gilbertus
1420 252 1604 298 quoque
1637 234 1865 281 Caffiliffae

102 312 272 356 Comes
293 307 437 371 magis
460 306 704 368 usurpandi
719 307 834 367 juris
857 305 1002 359 causa,
1039 302 1177 366 quam
1200 302 1328 365 quod
1349 301 1596 363 quicquam
1621 300 1661 345 se
1684 298 1865 361 profec-

101 387 254 421 turum
274 373 485 435 speraret,
505 385 609 417 cum
627 369 770 430 judex
791 373 1036 434 legeretur,
1056 368 1098 414 se
1115 365 1344 415 excusavit
1362 383 1372 412 :
1400 364 1684 426 multamque
1705 360 1863 418 etiam,

102 455 208 500 quae
239 437 266 481 a
297 435 603 485 recusantibus
634 434 761 499 exigi
792 434 918 488 solet,
954 432 1140 480 obtulit.
1211 430 1373 477 Statim
1408 428 1599 475 nuncius
1630 445 1656 472 a
1686 428 1868 491 Regina

104 501 321 548 annulum
347 499 512 553 ferens,
548 516 654 546 eum
671 499 1027 560 judicarejubet
1061 515 1073 544 2
1107 497 1154 544 ni
1176 508 1346 558 pareat,
1382 493 1628 541 custodiam
1654 492 1867 538 minatur.

108 567 227 612 Cum
248 582 302 610 ne
316 565 529 611 custodia²
540 564 726 626 quidem
745 577 870 611 metu
885 562 1138 613 absterritus
1152 564 1274 615 e'fl‘et,
1289 560 1434 608 rursus
1450 575 1476 603 a
1489 557 1669 621 Regina
1680 555 1871 602 nuncius

106 629 437 690 perduellionis
460 645 644 691 poenam
669 629 888 675 recusanti
911 628 1126 673 intentat.
1157 628 1265 674 Hoc
1287 636 1412 671 metu
1430 624 1580 669 sedere
1599 620 1744 667 coafiti
1768 636 1874 683 pro-

105 693 342 747 nunciant,
369 692 410 739 se
433 709 523 740 non
536 695 692 740 videre
713 709 794 740 cur
817 690 1112 739 Botliuelium
1134 691 1458 738 condemnent.
1528 687 1574 733 Si
1597 685 1700 748 quis
1724 695 1876 731 tamen

99 757 226 817 jure,
252 763 291 804 Sc
315 757 476 804 ordine
498 760 649 820 postea
670 758 863 812 accuset,
879 768 1058 808 cavent,
1083 773 1139 801 ne
1159 753 1485 814 hocjudicium
1508 751 1611 813 ipsis
1635 749 1785 797 fraudi
1807 751 1875 795 sit.

111 823 216 868 Nec
238 821 470 870 immerito
492 823 556 870 ita
579 823 890 885 pronunciasse
912 819 1184 883 quibusdam
1206 821 1308 865 sunt
1329 818 1426 874 vifi,
1458 817 1585 879 quod
1608 815 1793 878 quaestio
1815 814 1881 861 eis

108 887 262 933 verbis
284 888 466 945 decreta
497 903 611 940 erat,
645 903 694 934 ut
716 906 771 934 ne
794 904 819 933 a
840 885 1116 933 severissimis
1148 886 1336 947 quidem
1353 883 1588 944 judicibus
1611 879 1881 927 Bothuelius

110 953 410 999 condemnari
431 955 588 1014 posset.
653 953 941 1014 jubebantur
977 950 1101 997 enim
1135 965 1338 1012 quaerere
1370 950 1428 994 de
1468 949 1612 997 cade,
1642 962 1745 1007 quae
1769 944 1886 990 satia

110 1016 264 1063 fuerat
288 1033 410 1063 nono
431 1018 681 1071 Februarii,
706 1019 810 1064 cum
837 1019 936 1064 Rex
959 1016 1142 1063 decimo
1164 1017 1239 1061 die
1263 1013 1399 1061 fuerit
1412 1011 1600 1059 occisus.
1622 1012 1692 1056 Ita
1711 1010 1886 1056 Bothu-

111 1081 228 1127 elius
264 1082 507 1128 absolutus
532 1084 743 1145 quidem,
783 1082 856 1129 sed
883 1098 974 1128 non
1011 1080 1200 1127 infamia
1222 1080 1439 1126 liberatus
1474 1079 1549 1123 est.
1619 1074 1886 1138 Suspicione

122 1146 246 1192 enim
271 1148 418 1200 aneia,
455 1163 596 1210 poena
615 1161 796 1194 tantum
819 1148 961 1194 dilata
985 1146 1238 1192 videbatur.
1307 1147 1372 1190 At
1396 1143 1589 1205 Reginae
1624 1141 1683 1187 ad
1705 1140 1887 1201 nuptias

118 1211 383 1271 properanti
406 1212 556 1273 quivis
583 1215 726 1267 color,
751 1211 944 1275 quanvis
965 1211 1210 1273 impudens
1234 1209 1334 1256 satis
1356 1221 1467 1254 erat.
1540 1207 1615 1253 Ad
1649 1205 1887 1251 cumulum

117 1274 253 1335 hujus
276 1275 572 1322 absolutionis
597 1279 851 1339 propositus
873 1277 934 1322 est
954 1276 1139 1322 libellus
1169 1273 1468 1325 celeberrimo
1499 1271 1585 1317 fori
1609 1272 1728 1317 loco.
1795 1270 1889 1317 Bo·-

118 1339 321 1386 thuelius
351 1342 431 1386 etsi
453 1341 663 1403 legitimo
679 1342 859 1404 judicio
882 1358 907 1387 a
929 1340 1066 1387 caedis
1085 1353 1212 1386 reatu
1235 1339 1452 1386 liberatus
1474 1338 1596 1391 esset,
1624 1349 1775 1382 tamen
1797 1338 1890 1398 quo

119 1403 196 1450 sua
216 1404 480 1452 innocentia
497 1407 670 1453 cunffls
691 1408 808 1454 soret
824 1406 1114 1471 perspeffior,
1130 1406 1170 1451 se
1183 1405 1303 1451 ferro
1321 1414 1526 1466 paratum
1548 1401 1899 1463 decernere‚(12

120 1469 153 1515 ii
175 1469 279 1532 quis
301 1468 482 1533 integra
503 1471 641 1526 fama,
684 1477 723 1518 δι
748 1473 932 1520 honesto
956 1475 1057 1518 loco
1080 1483 1210 1517 natus
1233 1486 1337 1515 eum
1360 1467 1522 1531 Regias
1544 1467 1681 1513 caedis
1704 1465 1892 1511 insimu-

120 1533 252 1580 laret.
321 1535 425 1582 Nec
448 1535 614 1588 defuit,
637 1537 719 1599 qui
741 1537 956 1598 postridie
980 1536 1111 1599 aeque
1135 1534 1345 1580 ferociter
1366 1549 1448 1595 per
1470 1532 1675 1577 libellum
1708 1528 1892 1592 publice

122 1599 406 1661 propositum
427 1601 742 1647 conditionem
761 1602 1005 1664 acciperet,
1026 1601 1166 1648 modo
1189 1601 1313 1647 locus
1333 1595 1595 1644 certaminis
1617 1596 1890 1659 designetur,

126 1663 176 1709 in
198 1679 292 1725 quo
313 1663 427 1711 citra
448 1665 706 1727 periculum
730 1684 896 1714 nornen
920 1667 1046 1713 suum
1072 1664 1274 1728 profiteri
1295 1663 1447 1726 possit.

192 1728 332 1775 XXV
381 1729 470 1776 His
494 1742 727 1794 utcunque
750 1731 1111 1786 succedentibus,
1137 1743 1288 1777 tamen
1308 1728 1490 1793 Regina
1508 1725 1555 1773 in
1571 1737 1800 1773 conventu
1825 1728 1894 1773 v'i-1

128 1792 173 1839 sa
194 1793 255 1838 est
275 1792 474 1840 ferocior
497 1812 508 1841 :
542 1799 592 1844 δε
615 1813 720 1858 quae
742 1810 875 1846 antea
894 1796 1041 1843 civilis
1060 1795 1199 1842 animi
1224 1795 1419 1858 speciem
1441 1793 1718 1856 praetulerat,
1744 1791 1898 1853 palam-

127 1857 384 1931 tyrannidis
405 1858 706 1923 cupiditatem
726 1861 793 1907 ibi
814 1862 1071 1909 renudavit.
1139 1861 1265 1907 Nam
1305 1859 1432 1922 quod
1471 1857 1657 1904 Sterlini
1696 1857 1743 1903 in
1767 1857 1897 1919 causa

127 1923 367 1986 religionis
388 1924 674 1986 promiserat,
711 1924 860 1988 palam
887 1927 952 1973 ibi
987 1925 1253 1989 promissum
1271 1923 1474 1988 negavit.
1542 1923 1598 1968 Id
1615 1935 1769 1969 autem
1785 1935 1902 1977 erat,

132 1999 181 2033 ut
204 1987 355 2049 primo
377 2005 835 2052 quoqueconventu,
860 2010 962 2055 quae
1005 2009 1087 2055 per
1109 1989 1401 2053 tyrannidem
1437 1987 1672 2035 pontificis
1700 1989 1901 2035 Romani

132 2052 238 2097 latae
259 2065 387 2124 erant
404 2054 547 2116 leges,
573 2055 900 2119 abrogarentur
924 2076 935 2104 z
973 2056 1191 2120 novisque
1229 2055 1408 2118 legibus
1431 2054 1627 2101 ecclesiae
1648 2052 1903 2101 instauratae

135 2118 377 2188 auctoritas
400 2118 687 2167 stabiliretur.
755 2123 924 2169 Praeter
945 2135 1096 2169 autem
1119 2121 1169 2168 id
1192 2119 1474 2183 promissum,
1498 2119 1604 2165 cum
1626 2117 1736 2164 bina
1756 2118 1907 2164 edieta

134 2181 445 2254 chirographo
475 2183 570 2246 ejus
593 2185 768 2249 signata
800 2190 1128 2248 proferrentur,
1160 2186 1235 2231 hic
1257 2182 1546 2247 ‚deprehensa
1565 2183 1713 2230 elusit.
1778 2182 1908 2246 Jussit

137 2261 258 2292 enim
283 2263 360 2308 qui
386 2247 445 2293 ab
467 2249 654 2295 ecclesia
676 2249 786 2295 miffi
808 2266 952 2305 erant,
978 2253 1069 2298 alio
1091 2251 1167 2298 die
1187 2250 1351 2298 redire.
1405 2250 1576 2311 Neque
1598 2248 1695 2310 post
1716 2247 1767 2294 id
1789 2262 1912 2296 tern-

139 2327 225 2373 pus
249 2312 542 2385 unquam-sui
563 2314 870 2362 conveniendi
890 2317 1072 2379 copiam
1092 2316 1217 2364 fecit.
1273 2314 1485 2379 ACtaque
1508 2326 1777 2367 conventus,
1801 2329 1907 2378 quae

140 2388 247 2449 ante
292 2377 418 2422 suum
463 2394 511 2424 in
537 2380 736 2426 Scotiam
780 2382 977 2428 reditum
1009 2381 1320 2429 consentiente
1360 2379 1598 2428 Francisco
1641 2379 1822 2433 marim,
1861 2394 1910 2425 e-

140 2441 239 2511 dlta
259 2454 403 2496 erant,
424 2442 504 2488 sub
529 2446 600 2505 (a)
626 2443 842 2492 amnistiae
860 2449 1009 2511 legem
1033 2448 1196 2494 cadere
1217 2445 1553 2510 pronunciavit.
1611 2445 1678 2489 Ea
1698 2461 1788 2490 vox
1809 2459 1915 2490 om·-

141 2505 276 2552 nibus
299 2507 535 2554 manifesta
555 2509 809 2572 tyrannidis
832 2512 1040 2574 'professio
1061 2511 1222 2559 videri.
1294 2512 1454 2574 Itaque
1475 2524 1582 2557 cum
1618 2510 1743 2556 Scoti
1766 2510 1914 2556 nullas

140 2569 339 2644 habeant
353 2573 478 2635 leges
494 2587 659 2635 praetei·
677 2589 985 2624 conventuum
1005 2578 1203 2632 decreta,
1226 2575 1404 2623 subibat
1420 2576 1502 2623 illa
1519 2573 1658 2621 tacita
1673 2576 1915 2638 cogitatio,

140 2651 247 2696 quae
268 2649 363 2682 vita
385 2638 537 2685 futura
557 2638 676 2686 foret
697 2639 778 2686 sub
798 2641 1025 2705 principe,
1068 2642 1197 2703 cujus
1239 2640 1479 2689 arbitrium
1502 2656 1585 2702 pro
1622 2640 1804 2704 legibus
1833 2639 1917 2687 ha-

143 2698 347 2809 beetndum
370 2703 492 2757 effet,
518 2704 740 2766 promiffis
763 2721 870 2753 vero
891 2707 1002 2755 fides
1024 2706 1206 2754 abesset.
1258 2708 1378 2754 Haec
1399 2706 1479 2754 sub
1502 2707 1639 2753 finem
1662 2717 1917 2754 conventus

138 2779 163 2808 a
211 2780 253 2809 a.
422 2788 431 2794 >1

213 2830 394 2877 XXVI.
426 2833 602 2881 Eodem
625 2844 834 2899 tempore
858 2835 1052 2901 Reginae
1073 2837 1132 2884 ad
1151 2837 1334 2900 nuptias
1357 2836 1584 2884 festinanti
1603 2835 1752 2883 libido
1774 2835 1922 2884 inces-

150 2893 203 2940 fit
234 2894 469 2942 consensus
508 2898 688 2961 publici
718 2902 881 2963 quavis
903 2917 998 2948 arte
1020 2902 1326 2965 exprimendi,
1363 2914 1414 2948 ut
1435 2900 1552 2949 nihil
1574 2901 1656 2948 nisi
1678 2917 1918 2963 procerum

149 2959 388 3032 volunta-te
409 2963 574 3036 gessisse
595 2964 844 3014 videretur.
912 2967 1182 3013 Bothuelius
1198 2967 1358 3030 igitur,
1386 2978 1436 3012 ut
1453 2966 1654 3030 publicae
1677 2967 1926 3014 auctorita-

153 3036 212 3069 tis
233 3021 380 3085 specie
403 3040 584 3090 nuptias
599 3029 878 3091 honestaret,
901 3032 1018 3078 hanc
1041 3032 1264 3078 rationem
1289 3042 1580 3079 commentus
1596 3031 1671 3078 est.
1721 3032 1920 3080 Nobiles

154 3103 313 3159 omnes
336 3089 533 3161 supremi
554 3094 746 3150 ordinis,
771 3098 848 3159 qui
870 3098 1057 3144 aderant
1078 3096 1287 3159 (aderant
1309 3110 1461 3143 autem
1488 3095 1725 3158 permulti)
1751 3097 1809 3143 ad
1827 3111 1922 3143 coe-

153 3168 262 3223 narn
283 3167 465 3201 lnvltat.
531 3157 607 3204 Ibi
628 3157 783 3207 solutis
806 3162 863 3208 ad
898 3161 1175 3208 hilaritatem
1199 3161 1364 3208 animis
1398 3161 1608 3208 omniurn
1631 3162 1826 3225 rogavit,
1872 3174 1923 3208 ut

151 3216 346 3263 studium
384 3218 527 3274 suum,
566 3222 694 3284 quod
714 3224 1021 3288 superioribus
1055 3225 1340 3289 temporibus
1360 3226 1672 3281 declarassent,
1707 3226 1754 3273 in
1778 3226 1925 3289 poste-

152 3297 252 3327 rum
268 3298 462 3355 ’quoque
479 3287 754 3359 praestarent.
802 3292 858 3338 In
879 3291 1118 3356 praesentia
1133 3303 1285 3338 autem
1301 3291 1504 3355 petebat,
1531 3303 1582 3338 ut
1601 3292 1706 3338 ciim
1729 3289 1924 3353 Regina:

84 3409 85 3413 ,
157 3346 360 3427 amhn-&7
374 3361 575 3422 nuptm&
597 3351 776 3424 l{b‹}110,
798 3372 937 3418 quem
961 3372 1015 3403 ea
1035 3357 1092 3404 de
1114 3373 1163 3404 re
1183 3357 1462 3411 confecerat,
1487 3356 1558 3403 illi
1578 3354 1922 3402 subscriberent.

159 3410 214 3456 Π)
237 3412 317 3457 ¹¹b1
334 3422 384 3462 ot
409 3415 468 3462 ad
489 3429 710 3480 prlnfflpls
731 3420 1016 3472 voluntatem
1045 3420 1385 3470 conciliandam
1415 3421 1547 3476 utile,
1581 3425 1621 3466 Sc
1644 3419 1767 3482 apud
1790 3431 1928 3467 caete-

212 3544 272 3593 (1)
303 3544 542 3595 Subintellig.
564 3545 776 3586 denunciat.
805 3551 869 3589 Cr,
1122 3551 1186 3603 (2)
1215 3551 1440 3600 Amnestiae,
1457 3550 1522 3590 the
1540 3551 1600 3589 a&
1619 3548 1664 3588 of
1676 3549 1859 3591 obliviosi.

1798 3716 1806 3721 K
1855 3672 1929 3707 ros
