1992 3801
140 157 271 242 536
445 152 1592 240 RERUMXSco‘i-mAnuM

132 273 203 303 res
244 272 348 304 cum
390 254 602 303 relufiari
642 271 736 302 non
776 249 1015 317 auderent,
1059 251 1225 314 jubent
1260 251 1553 305 Ecclefiasten
1597 258 1778 324 nuptias
1814 254 1894 312 fu.

132 333 252 368 turas
289 321 347 368 de
391 336 514 367 more
553 320 751 369 edicere.
793 319 852 365 Et
891 318 930 364 is
973 316 1161 380 quidem
1202 318 1418 367 hactenus
1459 323 1630 385 paruit,
1675 337 1725 373 ut
1744 325 1787 374 se
1816 328 1898 377 ³vi-

130 384 249 433 tium
282 384 472 449 quidem
513 384 623 432 scire
655 382 958 446 profiteretur,
998 398 1051 430 ac
1072 394 1280 446 paratum
1311 383 1388 431 seu
1411 387 1622 451 Reginae,
1653 389 1727 438 seu
1749 392 1895 440 Both-

129 450 253 499 uelio
293 466 398 498 cum
441 450 630 504 vellent,
669 445 885 495 indicare.
966 447 1012 494 Is
1054 462 1159 497 cum
1201 448 1250 495 in
1291 464 1442 498 arcem
1473 454 1710 501 accersitus
1746 456 1894 505 venis-

128 513 210 570 set,
257 509 439 580 Regina
476 531 582 561 eum
633 512 690 560 ad
735 511 1031 558 Bothuelium
1078 512 1266 560 remifit.
1348 514 1445 580 Qi
1497 531 1762 581 quanquam
1809 536 1897 569 nee

128 578 381 634 blanditiis,
407 594 491 625 nec
509 577 643 625 minis
666 577 959 624 Ecclefiasten
999 577 1057 623 de
1098 574 1328 641 proposito
1369 578 1639 639 deduceret,
1677 600 1762 632 nee
1796 601 1893 635 rem

126 642 446 709 disceptationi
486 642 772 690 committere
812 642 1017 696 auderet,
1061 654 1212 689 tamen
1252 644 1433 706 nuptias
1476 661 1680 709 apparat.
1754 650 1892 697 Unus

129 712 201 771 (ι)
231 710 486 757 Orcadum
518 708 768 770 Episcopus
790 706 851 752 est
883 706 1114 762 inventus,
1151 707 1232 770 qui
1253 709 1446 771 gratiam
1481 710 1677 759 aulicam
1711 709 1894 762 veritati

122 774 376 836 praeferret,
402 772 574 819 caeteris
597 770 966 826 reclamantibus,
990 770 1227 833 causasque
1248 772 1601 834 proferentibus,
1632 794 1713 824 cur
1735 779 1892 841 legiti-

124 854 215 885 mae
239 856 329 887 non
352 839 488 885 essent
509 835 683 898 nuptiae
704 851 811 881 cum
832 852 904 890 eo,
937 835 1020 897 qui
1040 836 1151 881 duas
1183 852 1342 882 uxores
1367 838 1516 884 adhue
1537 839 1661 887 vivas
1685 842 1891 899 haberet,

124 903 307 952 tertiam
336 903 431 965 ipse
454 917 598 962 nuper
618 900 746 946 suum
783 900 914 946 falsus
934 898 1209 946 adulterium
1245 900 1488 947 dimisisset.
1557 904 1628 949 Ita
1648 905 1896 965 indignan-

126 967 250 1015 tibus
272 967 484 1014 omnibus
508 963 657 1019 bonis,
697 964 839 1027 vulgo
868 965 1004 1010 etiam
1037 977 1295 1019 exem-ante,
1335 966 1606 1028 propinquis
1630 985 1712 1030 per
1740 970 1894 1017 literas

125 1032 511 1095 improbantibus,
534 1029 786 1083 inchoataS,
829 1034 868 1075 δε
891 1028 1089 1091 publicis
1107 1028 1379 1075 ceremoniis
1402 1031 1637 1086 simulatis,
1659 1034 1731 1092 (2)
1757 1032 1898 1083 etiai‘n

128 1096 264 1143 faCias
288 1093 629 1147 detestantibus,
655 1105 806 1140 tamen
832 1092 1173 1140 matrimonium
1197 1093 1468 1142 celebratur.
1539 1097 1633 1157 Qi
1657 1099 1844 1146 aderant
1867 1101 1894 1148 ὲ

126 1161 368 1208 nobilitate
390 1164 517 1223 (nam
538 1175 696 1205 omnes
719 1158 812 1204 fere
832 1158 994 1206 domos
1015 1157 1315 1214 discesserant,
1340 1170 1507 1220 praeter
1528 1176 1696 1222 paucos
1721 1163 1898 1211 Bothu-

124 1224 205 1272 elii
225 1225 414 1282 amicos,
441 1231 481 1271 δε
503 1221 808 1288 propinquos)
833 1223 890 1270 ad
913 1239 1090 1270 coenam
1111 1222 1313 1279 invitati,
1333 1229 1372 1270 δε
1398 1223 1489 1270 una
1509 1240 1614 1271 cum
1638 1225 1695 1272 iis
1719 1228 1895 1277 Crocus

74 1333 77 1339 ,
126 1290 293 1337 Gallus
315 1290 509 1353 legatuS.
577 1289 620 1335 Is
643 1304 903 1351 quanquam
940 1288 1155 1334 Gufianae
1179 1287 1387 1335 faCtionis
1410 1290 1532 1344 effet,
1572 1296 1612 1336 &
1635 1289 1681 1337 in
1706 1292 1895 1355 propin·

123 1370 220 1417 quo
241 1354 554 1407 diversaretur,
590 1353 841 1399 constanter
862 1366 1013 1399 tamen
1036 1351 1192 1399 venire
1212 1351 1433 1400 recusavit
1454 1370 1465 1400 :
1505 1370 1653 1417 neque
1671 1356 1790 1402 enim
1817 1370 1897 1404 ex-

120 1418 352 1466 istimabat
375 1419 400 1465 ὲ
421 1418 651 1482 dignitate
670 1416 930 1480 legationis,
963 1433 1054 1480 qua
1072 1416 1367 1480 fungebatur,
1399 1419 1500 1473 effe,
1536 1431 1586 1464 ut
1606 1436 1680 1466 eas
1703 1422 1898 1483 praesen-

124 1483 189 1529 tia
211 1481 286 1530 sua
307 1483 486 1546 nuptias
507 1482 739 1545 probaret,
762 1499 874 1545 quas
897 1483 1110 1528 audiebat
1131 1479 1241 1527 diris
1263 1482 1628 1530 execrationibus
1648 1487 1792 1548 vulgo
1815 1488 1894 1533 de-

122 1548 295 1595 voveri.
364 1545 619 1609 Propinqui
640 1562 826 1608 quoque
860 1545 1053 1608 Reginae
1076 1551 1115 1593 &
1139 1544 1393 1602 inchoataS,
1436 1553 1474 1593 δι
1500 1547 1637 1594 facias
1659 1548 1895 1612 improba·

114 1625 232 1659 ‘runt
255 1631 266 1659 :
293 1618 331 1659 δε
355 1613 507 1676 Reges
531 1611 812 1666 Galliarum,
832 1616 871 1658 δε
893 1611 1079 1675 Angliae
1100 1627 1183 1673 per
1204 1611 1379 1674 legatos
1401 1613 1466 1658 rei
1490 1612 1746 1661 foeditatem
1770 1631 1898 1662 aver·

120 1676 345 1724 sabantur.

152 1761 157 1770 ³
187 1743 362 1792 XXXI.
397 1742 514 1789 Haec
536 1741 612 1787 etfi
639 1741 823 1787 molesta
843 1750 989 1792 erant,
1029 1739 1162 1802 vulgi
1185 1751 1337 1793 tamen
1360 1741 1579 1789 moesticia
1601 1739 1737 1789 tacita
1771 1757 1898 1791 tanto

124 1806 271 1870 magis
299 1809 367 1868 (3)
392 1806 588 1869 augebat
611 1805 737 1852 ferox
758 1806 951 1869 Reginae
973 1805 1229 1867 ingenium,
1250 1817 1423 1867 quanto
1445 1805 1552 1860 visa,
1578 1823 1715 1869 quam
1739 1809 1897 1855 audita

123 1870 258 1917 altius
284 1874 353 1933 (Δί)
388 1871 433 1917 in
459 1870 613 1916 animo
644 1883 898 1933 penetrant.
968 1870 1138 1916 Euntes
1160 1868 1283 1918 enim
1307 1886 1388 1932 per
1414 1871 1570 1916 urbem
1594 1888 1730 1918 nemo
1753 1872 1895 1919 solitis

123 1934 532 1988 acclamationibus
557 1936 706 1998 Reges
731 1933 1102 1998 prosequebatur.
1158 1935 1308 1980 Semel
1334 1951 1422 1980 una
1446 1946 1625 1982 tantum
1650 1937 1901 1983 muliercu.

120 2001 167 2046 ia
199 2001 303 2046 curn
330 2000 443 2046 bene
465 2000 660 2062 Reg3nae
683 2011 866 2063 precata
886 2000 1008 2052 effer,
1050 1998 1192 2046 altera
1215 1998 1356 2045 astans
1379 1999 1533 2054 semel,
1569 2010 1708 2061 atque
1728 2000 1895 2048 iterum

122 2064 442 2126 proclamavit,
487 2076 534 2110 ut
558 2080 583 2109 a
603 2063 1000 2111 circumstantibus
1022 2063 1157 2109 facile
1179 2063 1385 2109 exaudiri
1408 2065 1549 2125 poss‘et
1587 2082 1597 2110 :
1635 2065 1702 2111 Ita
1729 2067 1896 2127 cuique

122 2129 191 2183 sit,
210 2127 278 2174 uti
300 2141 601 2190 promeretur.
668 2129 736 2176 Ea
752 2128 940 2191 quidem
964 2145 1031 2174 res
1051 2138 1144 2174 n'on
1166 2128 1328 2175 leviter
1342 2127 1439 2189 jam
1457 2128 1898 2193 Edimburgeniibus

118 2205 226 2240 ante
247 2193 472 2240 infensum
497 2193 593 2255 ejus
616 2193 821 2240 animum
843 2192 1165 2239 inflammavit.
1233 2193 1376 2239 Hunc
1397 2192 1652 2240 animorum
1678 2193 1781 2242 cum
1812 2195 1897 2241 do-

121 2258 205 2313 mi,
233 2257 430 2321 forisque
453 2258 629 2305 videret
652 2269 848 2312 motum,
881 2273 985 2304 cum
1009 2256 1166 2320 paucis
1189 2256 1490 2313 consultabat,
1511 2259 1750 2321 quomodo
1772 2256 1893 2306 suam

118 2322 373 2385 potentiam
397 2321 631 2377 stabiliret,
651 2328 689 2369 &
709 2321 756 2370 in
779 2323 1005 2386 posterum
1029 2322 1111 2369 fibi
1134 2339 1160 2369 a
1178 2320 1453 2369 tumultibus
1471 2321 1762 2386 prospiceret.
1798 2323 1897 2370 Pri·

115 2399 248 2434 *mum
267 2387 472 2433 omnium
494 2386 754 2434 decernitur
773 2387 821 2434 in
836 2386 1016 2434 Gallias
1039 2386 1230 2451 legatio,
1250 2399 1300 2433 ut
1318 2386 1494 2434 animos
1512 2388 1713 2450 Regum,
1735 2393 1773 2433 δι
1791 2387 1887 2434 Gu-

112 2451 344 2499 fianorum
364 2450 658 2514 praecipitatis
678 2450 852 2514 nuptiis
874 2449 1066 2498 offensos
1088 2450 1419 2498 reconciliaret.
1470 2452 1673 2514 Legatus
1694 2451 1835 2498 dele&
1849 2469 1896 2498 us

116 2515 390 2562 Gulielmus
427 2516 676 2580 Episcopus
711 2516 1087 2563 Dumblanenfis.
1156 2516 1379 2563 Mandata
1400 2514 1445 2563 ei
1466 2514 1572 2562 data
1601 2515 1702 2562 haec
1723 2516 1816 2564 fere
1838 2518 1892 2563 ad

111 2580 325 2628 verbum.
1286 2586 1288 2588 ’

181 2645 394 2693 XXXII.
432 2653 467 2673 ‘⁴
499 2644 704 2692 Primum
729 2660 812 2691 nos
833 2645 1067 2692 excusabis
1093 2645 1164 2709 (5)
1191 2643 1414 2707 Regibus,
1453 2643 1777 2706 avunculisque
1795 2638 1894 2691 rios-

116 2707 217 2763 tris‚
241 2710 370 2772 quod
393 2709 674 2763 matrimonii
696 2709 831 2757 nostri
874 2709 1044 2773 peraffi
1082 2723 1238 2755 rumor
1267 2706 1392 2772 prius
1416 2708 1472 2754 ad
1494 2724 1571 2754 eos
1596 2708 1895 2770 permanavit,

112 2772 261 2836 >quam
285 2789 366 2835 per
396 2774 513 2821 ullos
536 2774 706 2821 nostros
729 2773 923 2822 nuncios
943 2773 1183 2822 consilium
1205 2785 1258 2820 ea
1279 2777 1336 2820 de
1359 2790 1404 2820 re
1429 2774 1630 2820 nostrum
1654 2774 1895 2838 aperuisse·

171 2901 235 2950 (1)
265 2902 345 2941 Mr.
365 2905 489 2942 Adam
508 2903 714 2950 Bothwell,
742 2902 830 2940 who
848 2902 983 2942 there-¹

115 2956 213 2994 after
230 2956 300 2993 left
318 2957 477 3005 Orkney
507 2959 548 2995 in
580 2958 711 2995 favour
730 2957 775 2995 of
788 2959 867 2995 lord
892 2959 975 2995 Ro·

118 3009 213 3054 bert,
232 3009 319 3046 who
338 3023 413 3047 was
432 3013 540 3048 made
552 3012 627 3048 earl
648 3011 809 3056 thereof,
828 3013 898 3048 and
918 3011 976 3048 for.

115 3062 183 3099 the
199 3061 299 3099 same
315 3071 380 3110 got
398 3063 496 3101 from
515 3064 600 3101 him
617 3064 683 3100 the
702 3063 816 3113 abbey
833 3064 878 3102 of
891 3066 974 3102 Hou-

119 3113 397 3164 lyrood-house,
416 3115 542 3166 which
561 3125 601 3154 to
618 3116 678 3154 his
697 3116 760 3154 son
779 3130 854 3155 was
872 3130 954 3156 erec
970 3140 973 3143 -

57 3165 59 3172 ’
114 3170 177 3205 ted
194 3167 235 3214 in
250 3181 271 3204 a
285 3170 470 3218 temporal
488 3169 618 3208 lordfhi
623 3185 662 3220 p.

169 3219 236 3271 (2)
254 3220 343 3258 The
357 3222 493 3259 author
506 3222 595 3272 says,
615 3222 829 3278 QMary's
846 3223 974 3261 relati-

113 3287 183 3316 ons
199 3270 356 3313 det'ested
374 3274 444 3313 her
454 3276 583 3314 match
601 3277 695 3314 with
713 3276 921 3324 Bothwell,
938 3288 977 3314 as
995 3316 998 3318 ,

114 3329 205 3379 only
223 3341 244 3367 a
261 3327 523 3366 confirmation
551 3329 596 3366 of
619 3328 722 3366 their
746 3328 886 3377 having
905 3329 978 3368 dis-

116 3383 296 3431 approved
325 3381 370 3418 of
395 3381 426 3419 it
455 3381 568 3419 when
611 3382 642 3418 it
673 3394 747 3419 was
765 3395 786 3418 a
819 3382 979 3432 making

116 3448 159 3472 cr
177 3434 392 3484 beginning.
467 3435 541 3472 For
575 3433 678 3472 what
695 3434 874 3473 followed
911 3435 979 3473 the

116 3488 246 3524 match
267 3489 412 3537 already
440 3490 549 3538 made
582 3487 692 3525 could
709 3497 777 3524 not
794 3487 930 3526 hinder
948 3489 980 3526 it

117 3540 218 3578 from
236 3540 346 3588 being
363 3542 488 3578 made:
542 3541 602 3578 He
625 3540 700 3590 says
718 3539 784 3577 the
802 3540 912 3588 thing
929 3554 972 3578 o-

116 3604 180 3628 ver
198 3593 303 3641 again
325 3607 343 3630 a
363 3594 463 3638 little
482 3594 617 3644 below,
644 3607 682 3634 as
706 3593 816 3645 being
833 3606 974 3634 remar-

1030 2903 1144 2940 kable
1163 2904 1233 2940 and
1250 2914 1334 2951 very
1350 2904 1505 2941 certain.
1533 2905 1562 2925 “
1576 2902 1658 2940 Nec
1671 2902 1760 2940 ullis
1779 2902 1892 2941 ratio-

1030 2957 1140 2993 nibus
1153 2956 1282 2993 adduci
1301 2957 1423 3006 potuit
1441 2959 1593 3002 Crocus,
1624 2965 1666 2993 ut
1683 2968 1743 2993 eas
1761 2956 1892 3006 nupti-

1029 3022 1082 3054 as,
1116 3018 1205 3058 quas
1223 3010 1362 3057 reginae
1380 3010 1604 3060 propinquos
1630 3008 1824 3047 inchoatas
1852 3012 1889 3047 81:

1024 3062 1106 3112 jam
1124 3061 1238 3099 factas
1257 3063 1480 3113 improbare,
1495 3062 1792 3102 Guifianos.vero
1807 3074 1893 3106 om‘a

1029 3115 1138 3152 nium
1156 3116 1321 3153 maxime
1339 3116 1508 3154 detestari
1539 3115 1668 3162 sciret,
1695 3114 1890 3164 praesentifl.

1029 3168 1091 3207 sna
1108 3167 1363 3208 honestmeff'
1401 3168 1559 3207 Thoan.
1579 3168 1648 3206 lib.
1661 3179 1729 3216 40.

1083 3222 1145 3272 (3)
1174 3223 1241 3260 Al.
1269 3222 1442 3271 angebat.
1459 3218 1747 3260 vakriiFlacci
1764 3221 1890 3272 'Argo-

1029 3275 1171 3315 nautic.
1189 3275 1256 3314 lib.
1277 3275 1316 3314 6.
1337 3289 1373 3315 v.
1391 3287 1485 3326 279.
1510 3275 1614 3314 Hinc
1631 3273 1777 3312 animos
1794 3273 1890 3311 acies

1032 3336 1154 3376 auget.
1456 3361 1464 3371 .

1088 3381 1154 3430 (4)
1183 3383 1250 3420 See
1269 3391 1355 3421 note
1373 3396 1422 3421 on
1442 3382 1601 3432 l⁴ib.—15.
1622 3394 1701 3431 cap.
1723 3378 1788 3430 675.

1088 3436 1151 3486 (5)
1180 3437 1242 3473 To
1259 3436 1325 3474 the
1341 3437 1403 3475 old
1433 3448 1552 3487 queen
1569 3433 1720 3473 mother
1750 3429 1892 3486 Cathe-

1033 3487 1113 3526 rine
1131 3476 1372 3542 devedieis,
1410 3489 1481 3528 an'd
1512 3496 1552 3528 to
1573 3486 1639 3527 the
1656 3490 1780 3537 young
1798 3482 1894 3532 king

1027 3540 1184 3582 Charles
1203 3554 1242 3593 9.
1490 3540 1494 3550 “

1772 3651 1891 3694 mus-
