2025 3831
335 158 624 224 LIBER
684 152 744 218 D
781 172 1130 219 ECIMUS
1163 171 1594 228 QUARTUS.
1719 175 1848 241 397

147 258 278 307 XXI.
312 254 554 301 Adventus
589 250 800 313 Protegis
822 250 1084 312 divulgatus
1109 247 1279 295 amicos
1302 263 1469 311 magna
1489 250 1657 297 laeticia
1679 255 1846 303 affecit,

7 328 13 377 ἶ
83 322 248 371 dubios
269 316 574 370 confirmavit,
600 320 640 361 δε
665 318 832 361 multos
855 314 911 360 ad
935 314 1085 360 foedus
1108 311 1362 376 Anglieum
1395 313 1620 375 proclives
1642 318 1848 366 retinuit.

9 382 12 400 ’
88 388 413 447 Illeapparatu
441 379 553 427 belli
582 378 765 426 adverso
789 378 978 440 flumine
1009 378 1176 424 Glotta
1204 376 1450 423 Glascuam
1480 378 1854 441 miffovrecensuit

82 452 152 499 ibi
168 449 434 502 exercitum,
453 460 504 491 ac
526 444 748 506 praemiss'o
769 443 938 497 editio,
959 454 1009 489 ut
1021 441 1233 488 nobilitas
1247 441 1520 504 Edimburgi
1545 444 1702 505 praesto
1726 449 1850 504 effet,

87 513 320 563 luculenta
339 509 546 558 oratione
570 508 693 569 apud
726 523 805 555 eos
826 506 999 562 habita,
1027 507 1183 553 laudat
1202 521 1361 553 eorum
1382 507 1679 554 constantiam
1703 509 1750 556 in
1775 528 1854 558 an-

84 578 215 641 tiquo
234 577 406 623 foedere
423 573 746 625 conservando,
768 578 807 619 δι
831 570 1038 618 adversus
1064 570 1322 634 Anglorum
1345 570 1603 633 perfidiosas
1625 573 1855 633 pollicita-

85 641 233 690 tiones
257 638 609 704 providentiam.
662 636 816 683 Multa
833 633 1076 698 magnifice
1094 648 1422 682 commemorat
1443 635 1500 683 de
1521 637 1556 683 F
1560 636 1746 684 rancisci
1762 641 1856 686 Re-

85 705 156 770 gis
178 721 287 769 erga
317 706 555 751 Scotorum
584 715 772 765 gentem
793 699 965 755 animo,
990 699 1153 755 studio,
1178 703 1227 748 Sc
1250 699 1542 748 liberalitate.
1610 703 1854 758 Hortatur,

88 783 138 817 ut
160 769 464 817 fimultatibus
485 765 718 829 depositis,
740 766 850 812 dum
873 777 1060 811 externa
1081 764 1242 811 adsunt
1265 764 1453 820 auxilia,
1489 779 1701 830 acceptas
1725 768 1858 816 ulcis-

86 849 247 883 cantur
267 833 471 894 injuriaS,
496 838 536 878 δε
558 830 725 894 insigni
747 832 914 876 damno
936 827 1224 882 insolentiam
1246 827 1382 876 hostis
1403 829 1671 892 reprimant.

153 900 308 958 XXII.
343 900 428 944 Per
446 898 533 943 hos
563 896 659 942 dies
677 894 846 941 refecto
868 893 1032 947 milite,
1057 896 1107 943 δί
1126 894 1367 941 Scotorum
1389 893 1535 957 copiis
1557 896 1630 958 adj
1639 896 1783 944 unitis
1801 899 1861 946 ad

85 962 283 1012 limitem
307 962 514 1027 pervenit
534 962 593 1007 ad
616 960 908 1007 undecimum
930 958 1140 1004 calendas
1175 958 1473 1006 Novembri&
1528 961 1618 1007 Sed
1641 976 1747 1009 cum
1763 962 1860 1023 jam

85 1028 307 1090 Angliam
327 1028 599 1089 ingressurus
611 1038 750 1087 ponte
764 1024 936 1088 ligneo,
953 1023 1032 1084 qui
1048 1023 1107 1069 est
1121 1024 1177 1069 ad
1191 1023 1492 1080 Mulroffiam,
1507 1025 1742 1088 copiarum
1755 1045 1861 1090 par·

89 1105 182 1139 tem
205 1093 422 1152 majorem
443 1090 720 1145 traduxisset,
745 1088 893 1136 Scotis
910 1090 1070 1134 eadem
1088 1087 1390 1144 causantibus,
1409 1104 1513 1151 quae
1534 1090 1761 1152 superiore
1782 1110 1862 1140 ex·

87 1157 325 1219 peditione
344 1157 405 1202 ad
439 1157 667 1201 Solvaeum
702 1153 1052 1217 praetenderant,
1090 1168 1143 1198 ac
1174 1152 1395 1215 Angliarn
1415 1153 1598 1217 ingredi
1630 1159 1864 1205 renuenti-

89 1223 191 1275 bu5‚
218 1221 500 1283 transgressos
524 1236 703 1266 amnem
728 1220 886 1264 eadem
908 1216 983 1263 via
1001 1215 1186 1264 reduxit
1222 1235 1232 1263 ε
1265 1231 1403 1280 atque
1423 1219 1564 1279 paulo
1584 1220 1706 1268 infra
1728 1224 1785 1270 ad
1808 1225 1865 1270 fi-

90 1286 271 1332 nistram
292 1286 471 1332 Tuedse
488 1288 634 1347 ripam
654 1283 807 1345 positis
826 1281 974 1329 castris
1010 1282 1207 1329 Vercam
1227 1297 1377 1327 arcem
1399 1282 1458 1329 ad
1478 1284 1685 1332 dextram
1708 1303 1764 1334 ex
1783 1289 1864 1335 ad-

90 1351 217 1396 verso
248 1352 373 1397 sitam
409 1364 678 1412 oppugnare
713 1348 772 1394 est
795 1347 1038 1410 aggressus.
1107 1345 1295 1408 Equites
1326 1346 1502 1395 interea
1535 1361 1656 1396 trans
1679 1368 1863 1402 amnem

89 1413 204 1462 miffi
226 1415 375 1461 aditus
402 1430 561 1460 ornnes
583 1412 866 1465 obsidebant,
900 1428 956 1458 ne
979 1428 1070 1474 qua
1093 1409 1274 1456 inclusis
1294 1411 1469 1459 auxilia
1500 1413 1866 1466 intromitteren-

91 1491 182 1533 tur,
206 1479 408 1526 vieinum
431 1494 591 1541 agrum
614 1477 734 1523 ferro
756 1478 1033 1539 flammaque
1053 1475 1299 1522 vastabant.
1346 1477 1479 1524 Arcis
1496 1478 1596 1526 haec
1618 1481 1764 1528 forma
1786 1485 1864 1532 est.

93 1543 259 1590 Turris
291 1542 582 1590 munitiflima
601 1542 648 1588 in
671 1541 833 1587 intima
854 1556 957 1587 area
987 1539 1035 1586 in
1060 1556 1273 1603 magnam
1308 1541 1494 1605 assurgit
1524 1544 1815 1594 altitudinem
1851 1568 1865 1596 ;

89 1624 195 1654 cam
218 1608 392 1670 duplex
410 1624 562 1653 murus
585 1606 731 1653 ambit
754 1624 764 1653 :
790 1605 988 1652 exterior
1005 1604 1150 1651 latum
1173 1605 1410 1669 amplexus
1431 1607 1643 1669 spatium,
1667 1610 1716 1657 in
1740 1614 1868 1675 quod

94 1672 207 1719 belli
228 1685 433 1735 ternpore
454 1670 607 1718 rustici
627 1670 832 1717 solebant
864 1669 1132 1733 confugere,
1164 1686 1215 1716 ac
1238 1685 1420 1733 pecora,
1452 1671 1711 1737 frustusque
1734 1695 1868 1742 agro-

97 1753 198 1784 rum
222 1738 443 1784 conferre.
516 1733 708 1782 [nterior
729 1734 875 1782 rnulto
910 1735 1158 1798 angustior,
1196 1733 1269 1781 sed
1304 1734 1420 1782 foffis
1449 1736 1792 1798 circumduftis,
1819 1748 1873 1794 δε

96 1801 294 1848 turribus
327 1800 533 1848 excitatis
567 1800 806 1847 munitior.
871 1798 1159 1849 Exteriorem
1187 1799 1411 1846 ambitum
1434 1816 1538 1849 cum
1562 1803 1693 1852 Galli
1714 1807 1874 1872 caepis-

92 1866 189 1913 sent
210 1883 291 1929 per
312 1867 422 1918 vim,
442 1865 588 1929 Angli
608 1863 805 1912 immisso
825 1864 874 1910 in
895 1865 1073 1919 horrea,
1100 1878 1237 1928 atque
1260 1867 1514 1922 stramenta,
1539 1886 1639 1931 quae
1661 1870 1710 1917 in
1733 1874 1798 1919 eis
1820 1891 1871 1920 e-

67 1959 69 1961 ·
96 1944 215 1986 rant,
239 1930 371 1994 igne,
395 1930 596 1985 flamma,
621 1929 844 1993 fumoque
864 1946 940 1976 eos
963 1943 1231 1993 exegerunt.
1300 1930 1448 1977 Biduo
1469 1933 1636 1980 deinde
1657 1938 1872 1998 proximo

96 1995 315 2042 interiore
348 2011 480 2043 muro
504 1993 742 2042 tormentis
774 1994 1123 2050 converberato,
1153 1995 1390 2058 postquam
1412 1995 1514 2043 satis
1537 1997 1683 2048 facilis
1717 2004 1872 2051 aditus

96 2060 350 2124 patefactus
393 2060 649 2114 videbatur,
687 2059 853 2106 iterum
895 2058 1024 2106 Galli
1052 2076 1148 2106 rem
1168 2060 1355 2122 aggreffi
1387 2076 1470 2122 per
1508 2062 1662 2113 ruinas
1683 2068 1877 2130 quidem

99 2126 273 2172 strenue
295 2124 663 2171 transcenderunt
687 2142 697 2170 :
722 2123 798 2170 sed
832 2140 937 2170 cum
967 2139 1023 2170 ex
1055 2140 1155 2171 arce
1178 2124 1343 2171 intima
1373 2125 1525 2176 adhuc
1545 2130 1726 2196 integra
1747 2134 1875 2181 omni

100 2206 269 2253 genere
290 2188 485 2236 telorum
507 2188 592 2251 ipfi
614 2189 671 2234 ad
694 2204 852 2235 omnes
873 2189 988 2236 ἱξὶιιε
1006 2188 1199 2251 expofiti
1221 2201 1501 2251 peterentur,
1515 2197 1673 2259 paucis
1693 2199 1875 2248 suorum

98 2253 279 2308 amissis,
301 2252 434 2313 ejecti
455 2253 514 2300 ad
532 2252 784 2300 exercitum
806 2267 928 2300 trans
949 2254 1120 2300 flumen
1139 2254 1392 2304 redierunt.

162 2319 344 2365 XXIII.
379 2320 547 2365 Prorex
568 2333 675 2364 cum
697 2323 738 2364 δε
761 2320 1003 2366 Scotorum
1034 2318 1210 2367 animos
1232 2338 1259 2368 a
1293 2323 1429 2371 rebus
1449 2326 1663 2386 gerendis
1700 2329 1879 2380 videret

99 2382 294 2438 aversos,
335 2388 375 2430 δι
407 2390 491 2446 pro
522 2395 650 2429 certo
680 2383 966 2446 comperisset
1003 2383 1158 2446 copias
1198 2387 1460 2450 Anglorum
1480 2394 1872 2453 numerofiffimas,

101 2464 269 2510 nempe
308 2448 355 2494 in
394 2447 565 2510 quibus
602 2446 687 2510 ipsi
731 2446 927 2496 scribant
964 2450 1272 2514 quadraginta
1307 2452 1453 2501 millia
1488 2470 1767 2508 armatorum
1805 2463 1877 2508 fu-

97 2511 192 2567 isse,
229 2529 281 2560 ac
301 2526 520 2576 praeterea
549 2511 696 2559 millia
727 2511 801 2559 sex
831 2514 890 2560 ad
924 2515 1104 2561 Bervici
1141 2515 1306 2578 oppidi
1337 2517 1591 2585 propinqui
1621 2525 1875 2574 custodiam

100 2577 274 2631 relic'ta,
298 2575 433 2625 tertio
468 2578 576 2623 Idus
596 2577 877 2624 Novembris
899 2581 1037 2626 castra
1059 2581 1205 2628 movit
1234 2582 1291 2627 ad
1315 2582 1601 2635 Coenobium
1629 2591 1879 2638 monacha.

100 2659 203 2688 rum
229 2641 496 2705 (Ecclefiam
540 2643 726 2701 vocant)
750 2644 807 2689 ad
845 2642 920 2690 sex
942 2645 1000 2690 ab
1032 2661 1104 2700 eo,
1133 2645 1211 2692 ubi
1232 2646 1495 2697 consederat
1530 2651 1636 2700 loco
1675 2657 1880 2718 paffuum

101 2706 264 2754 millia.
332 2706 445 2754 Inde
484 2707 540 2753 de
564 2706 698 2753 tertia
718 2706 879 2769 vigilia
896 2709 1163 2758 Lauderam·
1186 2711 1418 2773 profectus
1453 2713 1619 2764 itinere
1656 2723 1881 2769 nocturno

99 2784 288 2834 propter
324 2771 524 2818 subitum
558 2771 678 2819 nivis
708 2773 858 2818 casum
880 2773 1165 2831 hominibus,
1190 2776 1468 2836 &jumentis
1489 2780 1787 2833 vehementer
1806 2790 1878 2849 (ι)

70 2837 80 2847 ’
102 2836 308 2884 afflictus.
375 2835 549 2887 Eadem
567 2836 634 2883 vis
654 2836 928 2898 tempestatis
949 2840 1119 2895 effecit,
1150 2853 1197 2887 ut
1222 2842 1364 2904 Angli
1387 2845 1513 2893 nulla
1525 2862 1574 2893 re
1594 2850 1718 2912 gesta
1734 2850 1884 2899 soluto

101 2901 308 2949 exercitu
325 2900 487 2948 domos
509 2900 808 2956 discederent.
876 2903 1060 2951 Hiemis
1098 2905 1330 2968 reliquum
1365 2924 1509 2972 prope
1529 2914 1740 2974 quietum
1773 2915 1882 2964 fuit.

107 2964 286 3035 Adulto
299 2964 396 3024 jam
418 2981 540 3020 vere,
565 2967 735 3013 Prorex
756 2968 803 3017 in
827 2981 1058 3015 conventu
1077 2970 1329 3019 nobilitatis
1347 2974 1497 3023 causas
1515 2977 1783 3040 explicavit,
1804 2997 1887 3028 cur

106 3026 191 3075 fibi
211 3028 486 3099 inf-lalliarn
507 3031 792 3081 redeundum
822 3033 943 3083 effet.
1011 3035 1188 3082 Verum
1226 3050 1331 3084 ante
1358 3040 1570 3088 calendas
1604 3044 1886 3106 Septembris

108 3092 153 3139 se
191 3091 442 3165 redi-turum
464 3095 784 3156 pollicebatur.
844 3097 919 3143 Ab
941 3097 1005 3144 eis
1030 3099 1219 3147 viciffim
1260 3102 1412 3164 petiit,
1438 3115 1489 3151 ut
1521 3105 1695 3156 interea
1715 3111 1818 3158 Rex
1841 3113 1884 3158 se

109 3156 296 3203 Sterhm
317 3168 571 3206 contineret
590 3177 602 3206 ε
643 3177 727 3209 nec
748 3177 926 3224 pacem,
951 3175 1029 3210 aut
1047 3162 1257 3212 inducias
1278 3178 1383 3213 ante
1403 3168 1532 3218 suurn
1553 3171 1756 3221 reditum
1778 3191 1884 3224 cum

108 3219 278 3284 Anglis
300 3217 468 3267 faceret
492 3240 503 3268 :
523 3240 690 3294 'neque
709 3225 958 3289 quicquam
981 3227 1030 3274 in
1053 3229 1444 3280 administratione
1466 3235 1598 3300 regni
1627 3236 1882 3288 innovaret.

112 3284 168 3396 gd
189 3301 314 3394 cums
326 3283 473 3357 sancte
494 3302 535 3332 ei
558 3288 820 3349 promiffum
840 3291 1006 3348 fuisset,
1031 3294 1089 3340 ad
1117 3310 1188 3357 13.
1223 3295 1436 3345 calendas
1471 3300 1601 3362 Junii
1620 3318 1727 3349 cum
1747 3302 1834 3352 suis
1857 3323 1883 3353 e

147 3364 267 3396 cotia
305 3360 434 3395 o·v.t.
706 3376 708 3378 v

176 3413 355 3460 XXIV.
389 3413 589 3463 Absente
606 3416 803 3482 Prorege
822 3437 930 3469 cum
963 3438 1122 3471 omnes
1141 3423 1297 3472 omnia
1326 3443 1419 3476 non
1441 3429 1583 3476 modo
1602 3429 1794 3493 impune
1816 3433 1889 3481 di·

116 3489 286 3534 cerent,
321 3476 394 3524 sed
415 3478 633 3540 facerent,
656 3497 863 3547 agerent,
890 3485 1078 3547 ferrent,
1112 3503 1341 3555 raperent,
1378 3494 1480 3544 Rex
1501 3494 1652 3544 adhuc
1672 3494 1888 3561 impubes

109 3642 117 3644 ,
166 3604 549 3656 (1)Afflictiscen.

1796 3719 1892 3754 ma-
