2025 3831
327 179 611 244 Ltssna
710 172 1566 237 DECIMUSTERTIUS.
1704 163 1830 248 383

67 284 228 334 forma,
256 276 474 323 ‘omnibus
512 273 711 334 denique
745 271 878 318 bonis
910 269 1080 317 artibus
1113 264 1304 313 Scoticae
1330 262 1583 323 juventutis
1614 262 1835 325 primario

66 345 255 407 nupfit.)
294 338 632 386 Discordiarum
656 335 777 381 enim
800 334 970 381 semina
992 347 1095 380 ante
1118 333 1253 377 finem
1275 328 1399 373 illius
1429 328 1542 399 'ann-i
1566 326 1662 399 sun-t
1696 328 1834 389 jaista.

68 412 236 458 Earum
256 404 435 451 initium
460 402 517 449 ab
535 401 696 447 ordine
719 398 1025 452 Ecclesiastico
1050 397 1108 442 est
1130 408 1298 441 ortum.
1335 392 1558 437 Extinstis
1580 407 1704 438 enlm
1729 410 1837 455 pro.

69 473 264 522 ceribus,
289 483 391 514 cum
417 466 463 514 in
491 466 704 512 omnibus
741 463 937 526 publicis
974 459 1272 507 conventibus
1299 456 1441 515 major
1462 471 1565 518 pars
1594 471 1650 500 ex
1681 472 1735 500 co
1758 476 1839 521 ge-

71 552 176 585 nere
194 532 434 580 hominum
454 530 575 585 effer,
599 530 646 576 in
671 527 1007 575 calamitatibus
1027 523 1224 588 publicis
1248 521 1383 568 multi
1406 519 1531 592 suum
1552 532 1736 593 agentes
1762 539 1816 568 ne
1831 554 1842 563 .

69 601 248 665 gotium
273 609 417 642 tantas
439 613 548 658 opes
579 603 918 654 compararunt,
945 603 994 636 ut
1016 590 1143 636 nulla
1165 604 1232 634 res
1255 601 1330 631 eos
1355 600 1500 645 magle
1525 597 1843 646 praecipitare.

67 667 144 719 rit,
169 677 304 726 quam
330 660 631 712 intoleranda,
647 673 740 719 qua
758 658 908 718 possea
925 666 1203 716 arroganter,
1224 648 1529 697 &immodice
1550 648 1651 694 sunt
1674 649 1735 694 usi
1760 668 1845 711 po.

71 728 229 777 tentia.
297 724 427 770 Caeso
466 724 523 770 ad
563 723 835 769 Fluidonem
870 721 939 779 (1)
969 717 1232 764 Alexandro
1277 716 1460 759 Stuarto
1492 714 1603 758 Fani
1641 715 1841 763 Andr-ese

70 789 447 852 Archiepisoem,
483 800 573 835 tres
597 787 650 833 ad
680 785 727 831 id
748 782 1045 831 sacerdotium
1070 781 1255 826 diversis
1284 778 1455 824 artibus
1484 778 1841 827 contendebant.

75 859 147 920 (2)
174 844 401 902 Galvinus
426 851 684 916 Duglaffius
708 846 894 895 familiae
915 845 1171 910 splendore,
1198 848 1244 892 δε
1269 843 1343 889 sua
1364 842 1550 897 virtute,
1576 848 1615 888 &
1639 842 1847 891 doctrina

72 922 233 973 fretus,
257 935 283 965 a
301 917 483 981 Regina
504 916 642 964 etiam
661 913 940 966 nominatus,
965 927 1113 958 arcem
1139 907 1433 954 Andreanam
1455 918 1667 969 occupat.
1711 908 1848 956 Ioan-

70 1003 150 1033 nes
189 984 474 1048 Hepburnus
513 979 852 1029 Coenobiareha
902 976 1192 1028 Andreanu5‚
1230 971 1592 1035 Archiepiscopo
1637 974 1846 1022 nondum

74 1051 260 1098 suffecto
297 1049 425 1094 velut
457 1047 677 1110 sequester
699 1054 944 1107 proventus
967 1040 1216 1104 colligebat
1242 1056 1253 1084 :
1290 1037 1523 1100 homoque
1549 1050 1729 1099 potens,
1754 1038 1850 1085 fac-

77 1115 236 1169 tiosus,
266 1115 318 1163 &
340 1111 553 1165 callidus,
586 1126 611 1155 a
631 1109 720 1156 suis
743 1105 978 1154 monachis
1004 1109 1164 1168 (penes
1194 1118 1309 1164 quos
1326 1101 1403 1162 jus
1435 1099 1642 1166 eligendi
1663 1103 1854 1166 antiquo

75 1195 205 1227 more
227 1177 310 1225 effe
329 1175 655 1231 contendebat)
678 1173 724 1219 in
747 1174 897 1219 locum
924 1169 1153 1217 demortui
1176 1167 1401 1222 suffec‘his,
1422 1166 1615 1212 Galvini
1638 1167 1853 1216 ministris

75 1243 213 1307 pulsis
254 1258 403 1288 arcem
437 1239 593 1286 valido
628 1236 839 1300 praefidio
865 1232 1156 1283 communiit.
1226 1231 1432 1278 Andreas
1460 1233 1709 1279 Formanus
1744 1250 1851 1281 cum

75 1310 259 1361 Romae,
300 1311 341 1353 δε
374 1305 424 1351 in
463 1305 565 1351 aula
588 1303 774 1349 Gallica
793 1317 818 1347 e
855 1299 1136 1363 superiorum
1160 1310 1421 1360 temporum
1450 1294 1611 1343 officiis
1634 1314 1852 1361 magnam

78 1371 273 1437 gratiam
297 1370 566 1434 colleg-Isset,
590 1381 754 1432 praeter
776 1363 1130 1418 Moraviensem‚
1161 1378 1299 1423 quem
1322 1360 1369 1406 in
1395 1361 1548 1407 Scotia
1565 1361 1659 1423 jam
1684 1365 1741 1410 ab
1762 1364 1856 1412 ini.

79 1438 147 1485 tio
170 1446 378 1483 tenuerat
409 1431 754 1496 Episcopatum,
795 1430 853 1476 ab
877 1427 1116 1476 Ludovico
1140 1424 1420 1473 duodecimo
1454 1425 1699 1474 Gallorum
1723 1430 1854 1493 Rege
1888 1490 1891 1491 ⁷

80 1499 336 1555 accaeperat‘
358 1496 814 1560 Archiepiscopatum
837 1491 1182 1542 Bituricensem.
1232 1489 1377 1537 Iulius
1395 1506 1505 1537 vero
1526 1492 1740 1539 Pontifex
1759 1496 1857 1540 Ro-

78 1556 240 1613 manus
262 1564 399 1611 etiam
424 1561 691 1614 honoribu3‚
726 1565 765 1607 &
787 1557 1050 1605 sacerdotiis
1075 1555 1360 1603 cumulatum
1384 1572 1409 1601 a
1431 1554 1474 1601 se
1493 1555 1665 1605 dimifit
1690 1577 1701 1605 ε
1750 1576 1857 1605 nam

83 1635 123 1678 δε
163 1627 571 1692 Archiepiscopatu
606 1625 719 1672 Fani
754 1624 971 1676 Andreae,
1013 1623 1047 1669 F
1051 1620 1418 1675 ermelinoduno,
1465 1624 1516 1670 δε
1548 1621 1860 1670 Aberbrothia

83 1692 327 1742 Coenobiis
359 1692 500 1755 longe
522 1687 868 1753 opulentissimis
891 1703 995 1734 eum
1018 1685 1208 1734 donavit
1233 1703 1245 1732 ε
1281 1690 1322 1732 δε
1341 1695 1560 1748 praeterea
1579 1687 1861 1752 legationem

87 1764 160 1821 (ut
180 1758 366 1817 vocant)
401 1756 426 1803 a
449 1758 591 1803 latere
620 1753 804 1816 adjecit.
874 1752 963 1800 Sed
986 1763 1124 1799 tantae
1161 1763 1261 1797 tum
1296 1750 1545 1812 Hepburni
1581 1769 1692 1816 opes
1714 1766 1860 1808 erant,

84 1822 278 1873 Humiis
300 1822 451 1870 adhuc
475 1836 582 1867 cum
603 1836 659 1867 ea
681 1817 857 1866 familia
879 1816 1201 1870 concordibus,
1238 1826 1288 1862 ut
1322 1832 1458 1861 nemo
1482 1818 1658 1877 prorsus
1681 1818 1863 1872 inveni-

82 1901 231 1945 retur,
256 1888 337 1951 qui
359 1886 568 1950 diploma
589 1883 821 1932 Pontificis
844 1881 1047 1930 Romani
1068 1881 1125 1930 de
1157 1880 1370 1927 Formani
1404 1879 1626 1929 elefflone
1657 1880 1841 1945 promul
1856 1910 1869 1923 ·

58 2004 62 2010 ,
85 1970 194 2018 gare
214 1953 404 2000 auderet
425 1971 440 2007 ;
472 1950 621 1998 donec
645 1949 906 1998 Alexander
927 1945 1130 1994 Humius
1154 1944 1332 2006 magnis
1356 1944 1786 2007 pollicitationibuS‚
1823 1953 1865 1996 ἅν

85 2029 251 2082 praeter
271 2017 363 2064 alia
383 2031 573 2063 munera
594 2013 828 2061 Coenobio
851 2010 1179 2075 Coldingamia
1202 2009 1376 2057 Davidi
1400 2008 1594 2057 minimo
1615 2012 1711 2074 ejus
1735 2011 1864 2059 fratri

87 2083 275 2132 donato,
303 2081 361 2128 ad
383 2081 559 2128 causam
585 2078 632 2126 in
655 2079 848 2141 speciem
869 2077 1100 2123 honestam
1121 2075 1342 2122 adductus
1367 2076 1518 2136 (quod
1534 2078 1867 2125 Formanorum

87 2146 266 2194 familia
298 2146 345 2193 in
367 2145 583 2192 clientela
604 2144 888 2190 Humiorum
911 2143 1033 2195 estet,
1073 2140 1232 2203 resque
1255 2156 1346 2187 non
1378 2139 1538 2203 iniqua
1567 2142 1665 2206 peti
1687 2142 1869 2190 videre-

86 2213 181 2270 tur)
207 2209 414 2274 diploma
435 2207 712 2271 Edimburgi
734 2218 912 2255 curaret
933 2204 1339 2270 promulgandum.
1393 2206 1459 2252 Ea
1477 2222 1546 2252 res
1569 2211 1865 2271 magnorum,

90 2292 196 2338 quae
219 2276 369 2338 postea
390 2274 672 2327 acciderunt,
693 2273 918 2320 malorum
942 2270 1029 2318 fuit
1051 2269 1255 2317 initium.
1320 2269 1605 2332 Hepburnus
1627 2271 1748 2319 enim
1772 2273 1868 2320 ela-

88 2339 127 2389 ti
149 2340 289 2387 animi
313 2339 384 2387 vir
405 2340 463 2386 ab
481 2356 537 2386 eo
558 2350 766 2401 tempore
787 2336 902 2392 dies,
919 2335 1161 2399 noctesque
1183 2333 1376 2382 exitium
1399 2333 1590 2384 Humiis
1610 2336 1786 2401 semper
1807 2338 1869 2386 est

86 2404 390 2454 machinatus.

154 2470 311 2517 XLV.
346 2468 526 2532 Regina
547 2468 594 2516 in
607 2467 786 2516 summo
809 2466 1069 2529 magistratu
1091 2465 1139 2513 id
1159 2481 1299 2512 unum
1317 2465 1538 2528 memoria
1557 2464 1751 2530 dignum
1770 2465 1871 2532 ges-

91 2532 162 2588 fit,
177 2534 313 2596 ‘quod
334 2534 388 2580 ad
414 2535 599 2581 fratrem
622 2532 808 2596 scripsit,
830 2544 880 2577 ut
899 2530 980 2586 sui,
1002 2537 1042 2579 δε
1061 2530 1311 2578 liberorum
1331 2530 1511 2578 suorum
1532 2531 1676 2579 aetatis
1695 2549 1874 2580 memor

90 2597 215 2645 bello
237 2597 492 2646 abstineret.
561 2599 670 2646 Neu
692 2595 943 2660 propinqui
967 2595 1033 2642 sui
1055 2612 1248 2660 regnum
1278 2596 1327 2642 in
1358 2607 1428 2642 tot
1461 2595 1680 2643 faRiones
1710 2597 1872 2661 sponte

89 2662 283 2710 divisum
304 2664 504 2710 externis
527 2675 746 2727 praeterea
763 2660 900 2708 armis
920 2660 1149 2708 infestaret
1173 2678 1184 2707 z
1219 2660 1293 2707 sed
1316 2659 1469 2724 potius
1490 2659 1654 2717 aetatiS,
1695 2668 1735 2709 δε
1758 2677 1872 2725 cog-

89 2726 289 2774 nationis
315 2744 492 2775 memor
508 2726 719 2775 adversus
741 2725 936 2772 aliorum
958 2724 1146 2787 injurias
1166 2736 1383 2773 tueretur.
1452 2725 1686 2773 Henricus
1708 2726 1867 2774 animo

90 2807 279 2856 magne,
305 2798 349 2840 δε
367 2793 474 2841 vere
494 2791 646 2856 Regio
669 2789 916 2855 respondit,
942 2790 1024 2837 fibi
1045 2807 1152 2838 cum
1178 2790 1326 2838 Scotis
1351 2790 1525 2854 pacatis
1545 2805 1724 2854 pacem,
1761 2808 1869 2840 cum

84 2845 368 2905 ’bellantibus
393 2858 567 2906 bellum
586 2857 700 2905 fore.
757 2855 879 2902 Cum
901 2854 1084 2919 Regina
1102 2871 1185 2919 per
1207 2855 1389 2921 nuptias
1413 2871 1438 2902 a
1461 2856 1725 2922 magistratu
1743 2856 1874 2905 exci-

92 2986 376 3035 Bell·the·Cat,
395 2988 610 3027 mentioned
622 2987 748 3026 before
766 2987 864 3037 (cap.
883 2984 951 3037 35)

94 3039 186 3078 who
203 3045 375 3079 returned
392 3042 506 3081 home
521 3056 541 3080 a
558 3042 632 3081 few
646 3044 732 3091 days
751 3039 875 3078 before
887 3040 955 3077 the

94 3093 184 3131 field
215 3093 260 3130 of
282 3094 310 3129 F
313 3094 475 3141 lowdon,
492 3097 563 3133 and
582 3096 671 3134 died
690 3092 954 3140 within-some

95 3147 182 3196 days
200 3146 413 3184 thereafter.
430 3148 530 3185 This
543 3149 736 3186 Archbald
751 3147 781 3184 is
793 3147 953 3190 'siruam—

95 3201 156 3246 ed,
176 3197 478 3245 for'distinition,
503 3201 598 3239 Cat
609 3213 663 3238 ει»
675 3215 689 3239 1
700 3213 761 3238 NG
794 3203 861 3238 Aa
873 3212 894 3237 c
906 3213 954 3237 n-

101 3264 248 3299 uato,
267 3252 365 3289 from
381 3252 448 3289 the
465 3266 546 3302 way
563 3253 609 3291 of
621 3254 681 3291 his
698 3252 955 3303 pronunciati-

98 3317 150 3343 on
171 3320 180 3343 =
212 3305 260 3342 he
280 3306 438 3342 married
459 3319 577 3355 queen
597 3306 799 3354 Margaret,
821 3307 955 3344 widow

98 3359 146 3395 of
159 3358 254 3407 king
270 3359 398 3410 James
416 3359 490 3395 IV.
512 3358 599 3396 who
618 3359 702 3396 hare
726 3367 768 3397 to
782 3359 867 3396 him
886 3373 958 3397 one

98 3412 189 3461 only
217 3411 414 3460 daughter,
445 3413 529 3460 lady
559 3412 752 3459 Margaret
785 3412 956 3461 Duglass,

89 3465 270 3502 aeountess
288 3466 332 3502 of
342 3466 510 3510 Lennox,
522 3463 958 3514 grandmother-torking

107 3538 110 3542 ·
131 3529 230 3555 ames
258 3518 328 3556 6th
360 3533 368 3555 :
393 3518 597 3555 thereafter
610 3516 658 3554 he
676 3517 835 3555 married
848 3519 959 3556 dame

157 3580 296 3617 argaret
308 3571 506 3616 Maxwell,
524 3570 589 3608 but
606 3571 677 3609 had
692 3583 741 3607 no
758 3569 955 3608 childrenz

102 3619 307 3664 thereafter
341 3625 476 3675 David,
493 3624 555 3665 son
582 3633 620 3665 to
639 3623 699 3665 his
720 3622 882 3672 brother,
917 3623 961 3662 fir

1007 2986 1156 3035 George
1174 2986 1218 3026 of
1231 2986 1507 3036 Pittendriegh,
1525 2987 1721 3026 succeeded
1738 2988 1814 3027 eat-l
1830 2989 1877 3027 of

1007 3042 1156 3088 Angus,
1186 3043 1258 3078 and
1277 3049 1314 3078 to
1343 3040 1426 3078 him
1459 3044 1550 3089 good
1582 3043 1658 3080 earl
1677 3041 1876 3080 Archbam

1008 3093 1097 3132 who
1124 3093 1198 3131 had
1216 3107 1264 3132 no
1283 3093 1396 3143 sons;
1426 3097 1497 3132 and
1532 3094 1567 3132 so
1591 3095 1660 3133 the
1690 3097 1802 3133 estate
1832 3095 1880 3133 of

1009 3149 1143 3196 Augus
1162 3147 1230 3185 fell
1249 3156 1288 3185 to
1303 3147 1367 3185 the
1382 3147 1476 3186 laird
1492 3148 1790 3195 ofGlenbervie,
1805 3151 1872 3186 de-

1009 3200 1161 3241 scended
1180 3203 1225 3240 of
1242 3201 1421 3239 William
1439 3201 1595 3251 Duglass
1615 3203 1724 3240 uncle
1743 3212 1782 3241 to
1796 3201 1875 3240 this

1009 3253 1167 3304 cheepin
1211 3253 1418 3293 Archbald.

1064 3307 1126 3357 (1)
1188 3309 1309 3346 atural
1329 3307 1392 3346 son
1406 3317 1444 3345 to
1458 3308 1552 3357 king
1567 3310 1693 3361 James
1708 3309 1772 3347 the
1786 3307 1872 3358 μὴ,

1013 3361 1121 3409 begot
1140 3374 1240 3411 upon
1255 3361 1320 3398 the
1341 3362 1418 3398 lord
1433 3361 1573 3412 ‘Boyd's
1604 3364 1800 3409 daughter,
1837 3361 1875 3399 so

1013 3413 1128 3452 much
1151 3416 1410 3452 *commended
1439 3415 1485 3465 by
1512 3415 1573 3453 his
1601 3417 1734 3452 master
1765 3413 1877 3455 Erus*

1014 3480 1098 3505 mus
1115 3467 1155 3505 in
1173 3468 1316 3517 adagio,
1349 3469 1520 3519 Spartam
1543 3470 1670 3505 nanus
1690 3481 1742 3514 es,
1774 3467 1879 3504 hand

1015 3533 1165 3560 exorna.

1069 3574 1138 3624 (2)‘
1160 3574 1290 3612 Grand
1322 3576 1430 3615 uncle
1458 3584 1496 3612 to
1516 3573 1580 3612 the
1598 3572 1782 3633 cheeping
1797 3574 1875 3616 earl

1016 3626 1223 3674 Archbald,
1245 3627 1369 3676 bisszop
1388 3628 1432 3666 of
1442 3628 1635 3667 Dunkeld.

1756 3705 1885 3759 differ
