1992 3801
164 148 294 230 362
470 150 830 218 RERUM
929 150 1611 231 Sffco‘rtcARUM

159 250 300 311 longe
322 247 458 295 etiam
481 250 732 301 minoribus
756 249 979 310 superatas
1003 253 1226 310 &captas
1250 249 1392 304 fuisse,
1417 265 1521 296 cum
1546 256 1586 295 δε
1610 249 1916 314 ignominiam
1972 277 1979 283 „

160 312 357 358 deletam
378 329 578 376 cuperet,
601 330 683 361 nec
712 314 876 375 justam
899 310 1010 358 belli
1032 314 1206 358 causam
1231 312 1478 360 obtendere
1500 315 1619 377 poffe
1650 314 1879 363 videretur
1903 334 1916 364 :
1972 304 1975 346 f

158 376 420 424 convocatis
450 380 640 425 ducibus
670 378 735 423 rei
758 376 997 422 maritimae
1033 376 1206 438 peritis,
1230 376 1483 439 oblatisque
1511 381 1702 424 navibus
1726 379 1915 435 selesffls,
1972 388 1973 393 ’

159 445 200 485 δε
220 441 374 488 navali
398 455 615 504 apparatu
642 442 710 503 (ι)
737 453 960 502 quantum
982 440 1153 487 vellent
1174 441 1378 486 hortatus
1404 443 1479 495 est,
1505 455 1555 488 ut
1578 442 1695 489 hanc
1719 444 1919 490 nominis

158 505 351 567 Anglici
378 506 613 558 ‘maculam
646 506 861 552 tollerent
898 521 911 550 :
961 505 1139 566 magnis
1178 503 1407 550 ostentatis
1452 505 1668 568 praemiis,
1710 508 1739 553 fi
1772 507 1922 570 ipsum

158 567 353 616 Silvium
375 585 451 616 aut
468 569 641 623 vivum,
666 581 743 615 aut
764 581 993 615 mortuum
1015 569 1075 614 ad
1096 567 1137 614 se
1159 568 1452 615 adducerent.
1515 570 1604 616 Sed
1624 570 1816 626 caeteris,
1841 570 1925 634 qui

155 632 370 680 virtutem
388 633 525 680 'hostis
548 649 652 685 cum
672 633 890 679 felicitate
910 632 1200 692 conjunclam
1219 645 1454 687 noverant,
1472 634 1791 681 cunctantibus
1822 637 1924 683 Ste·
1973 642 1975 670 3

155 697 333 760 phanus
350 699 507 744 Bullus
521 714 659 760 eques
678 710 796 743 notae
812 697 1093 743 fortitudinis
1107 696 1449 759 expeditionem
1463 697 1653 759 suscepit
1672 717 1682 745 :
1701 704 1741 744 δε
1758 699 1822 745 rei
1844 700 1899 746 be
1911 728 1926 740 -
1973 722 1976 757 g

155 761 215 807 ne
233 762 442 824 gerendae
465 763 637 808 occasio
658 762 900 807 videbatur
920 761 1090 815 oblata,
1115 762 1241 824 quod
1261 759 1453 808 Silvium
1479 761 1503 808 ὲ
1528 764 1561 808 F
1565 760 1742 809 landria
1755 779 1926 827 prope·
1973 769 1982 823 ξ·

154 825 279 872 diem
294 826 571 872 reversurum
584 826 968 888 sciebat‚e{1mque
987 826 1033 871 in
1051 826 1199 872 reditu
1213 825 1465 880 incautum,
1481 841 1573 872 non
1592 843 1763 890 magno
1777 844 1898 891 nego
1913 857 1927 871 .
1974 826 1976 862 ἰ

156 889 222 936 tio
244 892 363 953 posse
385 889 585 951 opprimi
609 889 829 951 sperabat.
862 888 1010 952 Igitur
1032 889 1176 935 tribus
1195 888 1379 950 &Regia
1391 889 1520 934 elaffe
1534 889 1725 936 navibus
1745 890 1921 946 eteritis,
1974 882 1982 925 1:

155 970 208 1007 ac
234 953 358 1000 brevi
388 953 630 1007 instrufiis,
665 953 773 999 litus
794 954 977 1016 Angliae
997 953 1153 1015 legens
1174 952 1230 997 ad
1253 951 1444 997 Maium.
1478 951 1671 1000 insulam
1714 954 1762 1001 in
1795 957 1922 1003 aestu-

151 1018 251 1064 ario
273 1020 307 1065 F
311 1018 453 1064 orthae
471 1017 687 1064 desertam
707 1016 922 1068 constitit,
946 1016 1038 1063 loci
1056 1014 1256 1063 maxime
1278 1026 1484 1062 naturam
1502 1015 1696 1072 secutus,
1719 1019 1847 1081 quod
1865 1021 1924 1067 ab

154 1082 283 1131 omni
307 1095 431 1145 parte
450 1081 597 1139 insula
615 1082 823 1128 stationes
845 1081 1008 1128 habeat
1027 1091 1143 1127 tutas
1158 1079 1366 1126 adversus
1384 1095 1542 1126 omnes
1559 1094 1798 1129 ventorum
1815 1099 1925 1146 pro·
1975 1127 1977 1137 ,

153 1147 290 1193 cellas
313 1165 323 1193 :
362 1152 402 1193 &
425 1163 547 1207 mare
567 1145 634 1193 ibi
656 1145 766 1194 sein
788 1147 1024 1209 angustum
1044 1156 1197 1208 cogat,
1218 1156 1269 1191 ut
1287 1143 1413 1190 nulla
1429 1143 1639 1192 navicula
1660 1148 1924 1208 praeteriens

152 1210 294 1256 latere
316 1211 473 1273 poffet.
537 1210 728 1258 Interim
751 1228 776 1258 e
797 1210 971 1273 scaphis
995 1207 1260 1271 piscatorii5‚
1283 1207 1366 1271 qui
1386 1208 1452 1254 rei
1468 1208 1710 1256 maritimae
1729 1212 1923 1273 peritio-
1975 1222 1985 1227 ”

149 1291 223 1321 res
246 1275 519 1322 haberentur
540 1276 742 1331 retentis,
782 1291 939 1322 eorum
961 1274 1139 1337 aliquot
1159 1273 1446 1320 continenter
1466 1272 1512 1319 in
1549 1273 1742 1336 speculis
1764 1275 1921 1332 habet,

153 1352 206 1385 ut
224 1357 358 1386 naves
371 1340 570 1393 hosfium
594 1341 770 1402 agni-tas
786 1339 869 1386 fibi
889 1338 1256 1385 commonstrent.
1294 1338 1416 1383 Cum
1437 1336 1504 1384 ibi
1522 1353 1614 1385 non
1634 1339 1801 1385 multos
1823 1341 1921 1388 dies

134 1403 211 1449 ad
223 1404 727 1463 anchorasrestitiffent,
745 1404 877 1450 Silvii
892 1420 1026 1449 naves
1038 1401 1186 1465 plenis
1198 1401 1311 1448 velis
1326 1401 1619 1450 advenientes
1642 1403 1772 1450 fimul
1795 1403 1917 1459 visae,
1976 1419 1979 1466 j·

152 1471 202 1515 ἃ
227 1468 396 1532 agnitae
418 1467 518 1515 sunt
542 1486 553 1515 ι
587 1475 627 1515 δε
651 1470 809 1515 Bullus
840 1467 1022 1515 sublatis
1053 1465 1260 1512 anchoris
1284 1467 1513 1528 praecepta
1526 1465 1625 1525 jam
1648 1467 1803 1513 animo
1828 1469 1925 1515 vic-

149 1532 271 1579 toria
292 1534 347 1580 ad
367 1550 570 1596 pugnam
594 1533 636 1580 se
658 1545 908 1596 comparat.
973 1531 1142 1578 Silvius
1165 1542 1342 1577 tantum
1364 1542 1564 1578 moratus
1586 1532 1696 1578 dum
1718 1530 1783 1578 sui
1800 1549 1927 1580 arma

150 1597 420 1659 expediunt,
444 1597 539 1644 suas
559 1615 694 1645 naves
712 1598 760 1645 in
782 1599 926 1644 hostes
948 1595 1165 1642 concitat.
1233 1594 1612 1657 Congrediuntur
1635 1596 1727 1651 duo
1745 1596 1925 1643 fortiffi-

151 1662 218 1707 mi
241 1662 379 1708 duces
398 1678 668 1725 magnorum
691 1663 973 1709 exercituum
992 1660 1167 1706 animos
1188 1657 1414 1721 gerenteS,
1429 1675 1480 1705 ac
1504 1671 1596 1705 tam
1623 1661 1693 1721 (3)
1719 1659 1920 1708 obstina-

151 1725 188 1771 ti
214 1740 491 1789 pugnarunt‚
532 1739 580 1774 ut
601 1726 775 1774 incerta
807 1725 998 1772 vic‘toria
1019 1741 1111 1770 nox
1144 1722 1353 1785 praelium
1384 1722 1644 1785 dirimeret.'
1703 1723 1921 1772 Postridie

151 1806 287 1836 mane
320 1791 498 1837 refeffls
520 1790 691 1837 viribus
721 1792 858 1838 duces
881 1788 1107 1836 exhortati
1140 1787 1351 1849 utrinque
1383 1786 1499 1851 suos,
1538 1800 1767 1859 certarnen
1790 1806 1924 1836 reno-

149 1866 296 1901 vant:
343 1871 395 1902 ac
429 1854 642 1902 manibus
675 1850 830 1901 ferreis
860 1855 1164 1916 (harpagonas
1188 1853 1372 1914 vocant)
1406 1851 1454 1897 in
1476 1852 1669 1898 hostium
1694 1869 1828 1900 naves
1852 1855 1924 1900 in-
1980 1875 1981 1881 ¹

143 1918 297 1979 jectis,
321 1920 448 1966 velut
468 1919 662 1982 pedestri
684 1935 736 1966 ac
758 1917 905 1966 stabili
927 1915 1021 1964 acie
1051 1914 1308 1962 comminus
1332 1916 1637 1970 decertarunt,
1672 1928 1797 1963 tanta
1818 1933 1924 1980 per·
1980 1928 1981 1931 ’

151 1982 335 2037 tinacia,
362 1997 411 2030 ut
433 1986 585 2030 aestum
607 1984 887 2031 relabentem
911 1981 1062 2029 neutri
1084 1980 1316 2033 sentirent,
1339 1979 1488 2032 donec
1510 1981 1567 2025 ad
1589 1981 1799 2027 cumulos
1822 1997 1922 2027 are-

148 2064 221 2094 nae
242 2048 291 2094 in
313 2049 424 2095 ostio
458 2048 551 2095 Tai
572 2048 716 2096 amnis
740 2048 879 2095 delati
907 2048 1059 2093 effent.
1128 2044 1198 2091 Ibi
1226 2043 1373 2090 minus
1398 2044 1491 2089 alto
1512 2043 1637 2090 'mari
1659 2061 1795 2091 naves
1821 2048 1923 2092 An-

146 2112 351 2174 glorum,
394 2130 498 2159 cum
522 2112 582 2159 ob
617 2113 983 2176 magnitudinem
1007 2109 1105 2173 regi
1129 2107 1278 2155 minus
1301 2107 1437 2154 facile
1461 2108 1649 2168 poffent,
1687 2109 1729 2154 se
1751 2109 1920 2157 dedere

146 2176 337 2223 fuerunt
357 2180 539 2224 coaetae.
602 2179 716 2225 Inde
737 2177 922 2224 adverso
946 2178 1050 2222 Tao
1073 2173 1354 2220 Taodunum
1380 2174 1531 2218 traelae
1553 2171 1618 2218 ibi
1642 2172 1920 2230 manserunt,

147 2241 298 2288 donec
315 2241 499 2304 sepultis
518 2242 710 2289 mortuis
728 2239 955 2288 vulnerati
974 2238 1163 2286 medicis
1183 2238 1239 2284 ad
1258 2238 1509 2283 curandum
1529 2235 1921 2286 distribuerentur.

147 2305 258 2352 Hoc
279 2306 486 2369 praelium
509 2306 675 2354 incidit
691 2306 737 2352 in
757 2306 987 2353 decimum
1008 2303 1130 2349 diem
1153 2302 1311 2348 mensis
1332 2300 1543 2364 Augusti,
1568 2318 1687 2348 anno
1709 2302 1926 2365 redemp-

147 2367 186 2416 ti
207 2372 387 2432 generis
409 2371 599 2418 humani
621 2371 861 2418 millesimo
890 2365 1357 2432 quadringentesimo,
1382 2366 1692 2426 nonagesimo·
1761 2367 1926 2414 Paucis

145 2435 246 2497 post
270 2435 429 2483 diebus
453 2435 623 2482 Silvius
645 2435 703 2482 ad
725 2436 902 2498 Regem
926 2432 1155 2496 profectus
1180 2429 1459 2492 Stephanum
1487 2429 1688 2482 Rullum,
1713 2431 1924 2478 navium-

146 2513 239 2560 que
261 2499 517 2562 praefec’tOS,
543 2506 583 2547 δε
603 2499 629 2547 ὲ·
651 2500 824 2547 caeteris
844 2495 1230 2544 honoratissimum
1248 2510 1479 2557 quemque
1502 2494 1622 2556 Regi
1641 2494 1812 2540 obtulit
1832 2513 1844 2543 ε
1871 2511 1925 2543 ac

144 2561 344 2611 invicem
364 2564 422 2611 ab
443 2580 499 2611 eo
517 2564 743 2618 laudatus,
765 2569 804 2611 δι
829 2560 1092 2609 muneribus
1115 2559 1175 2606 est
1196 2559 1407 2605 donatus.
1462 2558 1564 2604 Rex
1585 2556 1790 2620 captivos
1809 2575 1917 2608 cum

144 2626 234 2674 suis
253 2628 443 2675 navibus
468 2628 879 2692 unaRegiAnglo
900 2624 1158 2673 collaudata
1175 2618 1376 2670 militum
1399 2620 1668 2668 fortitudine
1690 2622 1937 2671 munificeu

145 2691 371 2740 reddidit:
390 2705 438 2739 ut
452 2693 532 2755 qui
551 2709 641 2739 non
657 2694 713 2739 de
728 2690 976 2755 praeda‚sed
993 2691 1048 2751 de
1063 2687 1211 2751 gloria
1227 2697 1455 2733 certamen
1469 2684 1915 2740 iniflentwirtutem-

145 2770 238 2817 que
271 2756 409 2804 etiam
430 2755 478 2805 in
501 2757 624 2804 hoste
661 2755 786 2820 apud
823 2755 864 2801 se
888 2755 1156 2800 honoratam
1190 2752 1275 2798 effe
1297 2749 1504 2796 ostendit.
1577 2749 1811 2798 Henricus
1835 2748 1918 2800 etsi
1954 2756 1966 2766 ‘

144 2819 328 2868 suorum
348 2820 581 2869 infelicem
605 2821 807 2884 pugnam
832 2817 952 2882 aegre
983 2819 1137 2869 ferret,
1172 2828 1324 2862 tamen
1348 2813 1469 2877 Regi
1493 2814 1730 2860 Scotorum
1754 2814 1926 2878 gratia-s

143 2882 244 2945 egit
268 2903 279 2931 ε
316 2888 365 2934 δε
396 2885 757 2933 munificentiam
784 2884 898 2945 ejus,
924 2887 963 2929 δε
986 2879 1129 2928 animi
1151 2877 1518 2942 magnitudinem
1543 2876 1584 2925 se
1605 2877 1802 2926 libenter
1823 2895 1948 2929 am-”

142 2947 285 3009 plecti
306 2949 367 2994 est
387 2950 622 3012 profeffus.
671 2971 674 2972 ⁷
1510 3005 1522 3016 .
1599 2978 1602 2990 ·

211 3011 324 3058 VII.
358 3013 494 3062 Circa
518 3015 616 3060 haec
639 3027 844 3076 tempora
866 3011 1115 3059 monstrum
1153 3006 1264 3054 novi
1296 3006 1476 3071 generis
1508 3023 1557 3053 m
1581 3005 1736 3054 Scotia
1762 3017 1920 3055 natum

143 3074 224 3130 est,
247 3075 462 3124 inferiore
484 3077 671 3141 quidem
687 3076 889 3140 corporis
908 3087 1036 3138 parte
1047 3072 1194 3136 specie
1213 3072 1368 3127 mariS,
1387 3087 1471 3119 nec
1489 3069 1738 3134 quicquam
1755 3070 1923 3120 acom-

142 3136 278 3186 muni
298 3140 537 3189 hominum
556 3142 706 3189 forma
722 3141 992 3204 discrepans.
1044 3135 1337 3185 Umbilicum
1354 3151 1464 3182 vero
1485 3136 1617 3198 supra
1640 3146 1804 3182 trunco
1819 3147 1921 3182 cor·
1945 3141 1948 3146 '

142 3203 288 3266 poris,
311 3219 364 3250 ac
384 3205 570 3268 reliquis
602 3206 817 3254 omnibus
847 3201 1064 3252 membris
1084 3199 1300 3264 geminis,
1333 3205 1374 3247 δι
1397 3199 1454 3246 ad
1475 3199 1623 3254 usum,
1647 3203 1691 3246 &
1721 3195 1916 3271 speciem

142 3266 362 3314 discretis.
432 3270 488 3316 Id
507 3271 611 3316 Rex
632 3269 879 3333 diligenter
900 3273 941 3315 &
963 3265 1270 3321 educandum,
1293 3271 1335 3312 &
1355 3262 1661 3312 erudiendum
1689 3270 1864 3313 curavtt
1899 3277 1914 3309 ε

142 3346 198 3378 ac
221 3331 420 3379 maxime
441 3333 488 3380 in
512 3334 711 3389 musicis,
734 3349 826 3396 qua
843 3333 890 3379 in
907 3348 955 3378 re
977 3328 1247 3377 mirabiliter
1263 3327 1477 3393 profecit.
1513 3381 1516 3384 ⁴
1545 3326 1674 3390 Qin
1695 3328 1745 3376 δί
1765 3327 1913 3395 γὸῐὶᾷε
1976 3365 1984 3373 f

141 3394 326 3460 linguas
362 3395 572 3453 edidicit,
595 3403 638 3446 &
658 3397 794 3445 variis
826 3392 1139 3443 voluntatibus
1168 3393 1263 3441 duo
1292 3407 1485 3457 corpora
1503 3386 1657 3455 secuml
1689 3385 1915 3437 discordia
1978 3442 1984 3475 L

199 3523 266 3575 (1)
295 3525 322 3564 i.
340 3539 374 3563 e.
394 3527 518 3571 oblato
534 3525 660 3570 navali
677 3533 865 3580 apparatu.
894 3524 940 3564 M
954 3526 994 3568 S.
1105 3523 1170 3577 (ε’.)
1198 3523 1244 3562 Μ
1262 3523 1303 3565 S.
1323 3520 1536 3578 obstinate.-

144 3579 230 3615 adds
246 3579 418 3628 permiffo
433 3581 528 3621 after
538 3581 692 3624 vellent.
1244 3610 1245 3614 ,

1781 3628 1983 3721 ais-3
