2045 3857
559 139 901 205 Linea
997 132 1371 202 Nouus.
1737 155 1878 218 255

38 232 42 236 „
94 235 624 315 petitameiconocavit
650 254 661 283 :
701 238 771 298 (1)
797 236 1105 299 Nithiamque
1128 232 1412 281 Gallovidiae
1434 234 1694 294 proximam
1723 234 1878 300 regio-

106 331 212 362 nem
250 308 367 358 dotis
389 303 578 351 nomine
607 302 753 351 dedit.
860 302 1011 365 Igitur
1044 311 1148 347 cum
1175 299 1232 346 ad
1252 297 1598 345 Kerlinfordam
1632 300 1876 364 oppidum,

101 391 154 426 ut
165 378 218 424 'in
240 390 292 421 ea
307 382 450 435 egente
471 367 744 431 opulentum
767 365 869 413 suos
887 364 1173 429 exposuisset,
1195 378 1263 410 res
1282 361 1528 425 improvisa
1546 377 1767 425 magnum
1791 366 1877 428 opp

41 489 43 491 ,
96 438 276 505 pidanis
293 448 515 482 terrorem
537 431 690 479 attulit
713 450 722 478 ε
749 431 865 478 adeo
885 442 933 477 ut
951 429 1098 477 statim
1121 428 1177 475 ad
1197 443 1306 475 eum
1328 425 1551 480 miserint,
1576 428 1656 488 qui
1679 429 1736 474 de
1765 445 1879 476 COR·

99 500 351 550 &itionibus
369 509 576 562 agerent.
644 497 747 543 Nec
766 495 1025 559 Duglaffius
1049 492 1211 541 abnuit
1237 510 1247 538 :
1278 492 1451 539 interea
1472 491 1529 538 de
1553 492 1678 537 hoste
1696 493 1874 539 securus

99 565 361 614 -Robertum
400 566 631 611 Stuartum
655 559 1018 609 Durisderanum
1057 574 1163 605 cum
1186 556 1395 603 ducentis
1424 554 1649 602 militibus
1681 556 1798 603 misit
1819 558 1878 604 ad

101 634 386 676 commeatus
405 628 453 675 in
477 643 612 673 naves
636 624 1002 687 importandum.
1072 619 1312 686 Oppidani
1336 634 1516 683 temp-us
1539 620 1597 666 ad
1618 619 1878 668 consultan-

100 695 211 742 dum
233 694 355 740 nac‘ci
374 690 544 739 auxilia
563 688 590 735 a
610 689 860 736 Dundalco
894 687 1142 734 accersunt.
1212 686 1332 732 Miffi
1373 683 1619 746 quingenti
1650 684 1829 746 equites
1861 706 1874 734 ε

95 775 153 807 eo
178 758 374 805 subsidio
407 753 631 818 oppidani
666 753 804 806 auc'ti,
844 758 882 798 &
913 751 996 813 ipsi
1023 750 1243 813 bipartito¹
1268 749 1316 795 in
1344 750 1515 795 hostem
1548 749 1725 796 ducunt
1765 767 1776 795 :
1827 766 1876 799 uz

95 822 312 869 omnibus
331 820 549 868 videlicet
573 818 693 865 caefis
727 817 876 880 (quod
900 813 1195 863 multitudine
1215 813 1320 861 freti
1349 812 1567 876 perfacile
1591 812 1714 860 ῗῑυέὶιιχ
1741 825 1875 876 puta*

97 887 227 948 bant)
251 886 390 934 etiam
413 885 606 933 navibus
631 883 900 944 potirentur.
971 882 1057 927 Sed
1083 879 1328 942 utrobique
1356 878 1484 933 victi,
1517 878 1743 941 oppidum
1767 895 1876 943 cap-

99 964 220 1006 tum,
238 952 537 1014 direptum,&
554 947 804 995 incensum.
825 945 1110 1010 Qindecim
1130 944 1453 1007 navigiis‚quae
1473 944 1519 990 in
1541 956 1676 1005 portu
1699 943 1871 993 stabant
1899 977 1903 982 ·

99 1017 254 1078 spoliis
279 1013 404 1063 urbis
436 1013 651 1067 oneratis,
694 1026 830 1074 atque
853 1010 1004 1057 obiter
1038 1012 1213 1056 Manna
1245 1008 1391 1055 insula
1413 1007 1605 1070 spoliata
1628 1008 1683 1054 ad
1719 1009 1872 1058 lacum

101 1081 320 1135 Rianum,
343 1080 423 1143 qui
444 1091 619 1140 partem
643 1076 923 1124 Gallovidiae
943 1074 969 1121 ὲ
992 1074 1174 1122 Caric‘ta
1191 1073 1385 1125 dirimit,
1408 1072 1660 1134 appellunt.
1694 1071 1766 1120 Ibi
1790 1075 1874 1121 sta·-

101 1145 185 1192 tim
210 1146 469 1208 Duglaffius
504 1158 607 1188 cum
644 1140 834 1187 rescisset
859 1152 1033 1202 patrem
1056 1138 1183 1184 suurn
1214 1139 1263 1184 in
1294 1137 1640 1197 expeditionem
1664 1138 1875 1187 adversus

101 1211 282 1274 Augias
316 1206 590 1272 profectum,
627 1207 683 1252 eo
713 1210 752 1251 Sc
775 1204 866 1265 ipse
889 1217 1113 1267 quantum
1138 1203 1297 1264 potest,
1332 1201 1527 1249 festinat.
1593 1202 1760 1250 Fuerat
1789 1219 1874 1250 au-

115 1289 206 1321 tem
233 1292 285 1321 ea
305 1270 544 1334 expeditio
566 1273 650 1317 hac
674 1269 873 1316 maxime
897 1270 954 1315 de
977 1267 1109 1315 causa
1128 1267 1357 1329 suscaepta.

171 1340 299 1386 LIV.
335 1337 592 1385 Richardus
630 1336 809 1396 Anglus
841 1350 943 1379 cum
978 1331 1177 1380 Scotiarn
1209 1331 1440 1393 superiore
1471 1347 1590 1377 anno
1620 1330 1766 1378 fuiss'et
1799 1332 1874 1381 in-

104 1405 289 1468 gressus,
323 1419 406 1449 nec
428 1400 676 1465 quicquam
699 1399 826 1454 sacri,
858 1410 936 1445 aut
959 1396 1140 1460 profani
1160 1396 1431 1444 inviolatum
1454 1396 1663 1444 omififfet
1683 1390 1876 1446 domum

103 1466 300 1515 reversus
322 1466 369 1512 in
395 1464 641 1512 maximam
682 1463 952 1511 seditionem
989 1460 1200 1515 incurrit,
1235 1477 1339 1525 quae
1363 1477 1546 1506 omnem
1583 1460 1721 1508 totius
1743 1463 1877 1526 regni

102 1530 560 1580 statem‘immutavit.
632 1529 756 1576 Huic
780 1529 902 1574 malo
927 1539 975 1575 ut
997 1527 1272 1580 mederetur,
1309 1541 1414 1572 cum
1437 1525 1738 1588 magistratus,
1759 1530 1877 1589 pree.

104 1597 299 1644 {esturas
324 1594 683 1658 provinciarum,
726 1600 763 1640 δε
789 1592 1020 1639 minorum
1043 1607 1194 1637 rerum
1217 1589 1474 1637 curationes
1509 1594 1581 1650 (ut
1606 1590 1653 1636 in
1684 1591 1772 1636 hoc
1794 1608 1876 1655 ge·

105 1677 212 1708 uere
230 1660 324 1708 fieri
343 1660 473 1716 solet)
501 1660 558 1705 ab
580 1657 682 1705 aliis
699 1657 746 1704 in
768 1657 879 1704 alios
900 1656 1200 1710 transtulisset,
1220 1668 1274 1702 ea
1289 1655 1468 1702 ratione
1486 1655 1697 1701 odiorum
1718 1653 1877 1703 incen-

104 1726 179 1772 dia
204 1743 295 1772 non
332 1739 425 1771 tam
448 1724 634 1771 fuerunt
655 1722 872 1778 extinebi,
898 1721 1040 1784 quam
1066 1722 1199 1775 tedia,
1225 1723 1273 1768 δί
1296 1719 1345 1766 in
1378 1731 1585 1781 tempore
1609 1735 1718 1766 mox
1741 1737 1876 1784 erup-

106 1805 220 1836 tura,
257 1790 411 1837 Scotia
426 1801 587 1836 contra
606 1787 936 1851 tranquillitate
951 1786 1123 1833 summa
1142 1784 1394 1838 fruebatur,
1410 1783 1495 1830 -sed
1516 1783 1690 1830 incerta
1715 1801 1726 1830 ε
1767 1802 1876 1833 nam

105 1861 148 1901 ἃ
163 1855 386 1916 juvenum
410 1854 574 1900 robore
599 1854 789 1900 florebat
814 1871 824 1899 ε
859 1868 942 1900 nec
961 1850 1050 1897 alia
1069 1864 1175 1899 aetas
1193 1848 1525 1911 imperatorum
1550 1848 1744 1896 feracior
1764 1860 1876 1896 erat.

99 1919 343 1966 ,r-Jobilitas
367 1918 507 1983 igitur
532 1918 642 1964 belli
667 1918 800 1964 avida
822 1916 870 1964 in
891 1914 1109 1964 omnibus
1132 1913 1594 1966 coetibussremebat,
1615 1926 1786 1960 tantam
1807 1916 1879 1961 ui-

103 1984 301 2031 ciscendi
322 1996 495 2031 veteres
524 1985 781 2047 Anglorum
807 1981 992 2045 injurias
1014 1977 1404 2044 opportunitatem
1427 1976 1624 2043 negligi,
1648 1994 1788 2041 quam
1809 1978 1883 2028 illi

104 2064 396 2111 nequaquam
416 2048 548 2095 rebus
571 2046 728 2094 nostris
744 2045 1016 2109 perturbatis
1035 2041 1310 2108 praeterituri
1326 2044 1479 2090 effent.
1548 2043 1778 2095 Robertus
1800 2059 1881 2090 au-

107 2124 200 2159 tem
225 2115 325 2160 Rex
349 2113 488 2160 homo
511 2127 671 2159 natura
687 2111 906 2174 quietior,
923 2116 962 2157 &
981 2111 1043 2156 ob
1064 2107 1452 2173 ingravescentem
1477 2119 1657 2155 aetatem
1680 2107 1738 2154 ad
1760 2107 1883 2155 bella

107 2174 390 2238 suscipienda
414 2175 585 2223 tardior
617 2176 814 2238 publicis
846 2174 1025 2237 injuriis
1061 2191 1153 2221 non
1186 2172 1289 2219 satis
1323 2172 1582 2235 permoveri
1617 2171 1880 2221 videbatur.

105 2242 301 2295 Ioannes
324 2242 362 2303 ej
372 2259 420 2288 us
440 2241 559 2288 filius
579 2253 688 2287 natu
712 2240 935 2288 maximus
959 2239 1146 2302 ingenio
1167 2237 1330 2301 segnis,
1350 2243 1389 2284 Sc
1403 2236 1513 2300 equi
1529 2237 1736 2300 percuffu
1752 2238 1883 2284 clau·

107 2306 193 2352 dus
217 2307 469 2354 adlabores
492 2305 1043 2366 castrenses-perferenuos
1065 2319 1223 2366 parum
1250 2301 1521 2349 credebatur
1536 2301 1730 2349 idoneus
1760 2319 1773 2348 :
1822 2302 1883 2350 ad

103 2371 367 2418 -Robertum
388 2370 501 2418 Fifae
522 2369 757 2417 Comitem
782 2382 892 2415 natu
912 2367 1176 2431 proximum
1199 2367 1250 2414 fit
1266 2381 1509 2430 procerum
1528 2365 1783 2413 concursus.
1808 2366 1885 2414 Ibi

96 2451 253 2498 ff-prope
270 2435 510 2497 deplorato
534 2436 646 2481 statu
666 2434 854 2496 publico
874 2433 1008 2480 facile
1029 2433 1146 2480 inter
1164 2448 1324 2478 omnes
1344 2430 1561 2478 convenit
1580 2431 1884 2481 ulciscendam

16 2507 18 2509 ’
42 2554 47 2560 ,
104 2500 197 2546 effe
219 2500 398 2547 cladem
417 2516 564 2562 nuper
586 2511 836 2561 accaeptam
861 2516 873 2545 :
906 2499 955 2545 in
977 2497 1028 2544 id
1043 2513 1149 2544 cum
1168 2495 1358 2560 quisque
1377 2495 1588 2543 alacriter
1605 2512 1791 2558 operam
1805 2495 1884 2543 su·
1952 2531 1960 2535 x

32 2585 36 2590 ’
105 2579 184 2616 am
206 2565 405 2619 offerret,
426 2566 627 2612 deieftus
650 2563 868 2611 indicitur
888 2562 935 2610 in
961 2562 1193 2626 proximas
1210 2561 1373 2608 Nonas
1395 2561 1608 2625 Augusti,
1631 2560 1707 2608 sed
1727 2561 1887 2609 occul·

113 2641 202 2684 tus,
229 2642 279 2676 ut
302 2637 529 2692 utrunque
552 2630 747 2692 Regem,
773 2632 821 2676 ὃς
845 2629 1052 2685 Scotum,
1076 2629 1128 2677 δε
1150 2626 1360 2692 Anglum
1382 2625 1518 2686 juxta
1550 2626 1726 2674 lateret.
1794 2625 1887 2674 Sed

111 2694 293 2758 Anglos
313 2712 381 2742 res
405 2694 597 2742 minime
620 2692 786 2740 fefellit
807 2711 818 2740 :
844 2692 928 2755 qni
949 2708 1055 2739 cum
1078 2702 1160 2754 'per
1179 2691 1489 2752 exploratores
1509 2707 1623 2744 rem,
1648 2691 1792 2747 diem,
1811 2690 1882 2738 lo·-

113 2772 313 2822 cumque
339 2758 645 2807 conveniendi
677 2759 1014 2821 comperissent,
1040 2762 1081 2803 δε
1115 2755 1198 2818 ipsi
1228 2753 1389 2803 contra
1424 2754 1704 2803 similidolo
1725 2771 1889 2818 capere

109 2821 258 2870 hostes
279 2838 518 2872 conantur.
586 2824 800 2871 Proceres
829 2821 956 2869 enirn
986 2832 1173 2868 caeteros
1196 2820 1464 2874 admonent,
1490 2832 1541 2867 ut
1572 2819 1672 2867 suos
1694 2820 1887 2884 quisque

103 2900 294 2949 paratos
312 2889 528 2944 habeant,
543 2904 634 2935 non
655 2887 702 2934 in
721 2900 896 2935 oerturn
915 2885 1107 2951 quidem
1125 2884 1266 2941 diem,
1284 2885 1359 2935 sed
1378 2884 1751 2951 quandocunque
1773 2899 1891 2950 opus

115 2951 238 3006 esset,
264 2964 315 3000 ut
335 2955 392 3001 ad
415 2953 543 3017 signa
564 2952 878 3000 convenirent.
1669 2990 1672 2993 .

40 3076 42 3078 η
182 3016 286 3063 LV.
319 3017 409 3064 His
430 3017 496 3066 ita
521 3017 782 3081 compositis
802 3033 907 3064 cum
926 3014 1024 3078 jam
1046 3013 1274 3069 audirent,
1299 3030 1392 3062 non
1415 3014 1578 3079 procul
1608 3031 1636 3062 a
1656 3013 1806 3064 limite
1839 3014 1891 3063 in

43 3091 46 3095 ’
103 3079 338 3128 -Teviotia
353 3083 594 3129 Scotorum
615 3083 675 3130 ad
710 3082 919 3146 triginta,
953 3093 1031 3129 aut
1062 3093 1112 3127 ut
1146 3078 1250 3126 vult
1283 3079 1560 3135 Froffardus,
1588 3080 1895 3145 quadraginta

37 3207 40 3209 Β
104 3143 266 3192 millia
295 3147 566 3202 convenistie,
591 3145 909 3201 decreverunt,
933 3145 1156 3209 quoniam
1185 3159 1291 3191 cum
1314 3156 1442 3193 tanta
1465 3144 1762 3192 multitudine
1783 3161 1896 3192 con·

67 3244 73 3247 -
115 3209 250 3272 gredi
267 3225 360 3256 non
380 3210 616 3266 auderent,
639 3211 756 3259 nihil
774 3225 880 3259 ante
900 3209 1037 3258 hostis
1059 3210 1311 3257 adventum
1331 3210 1425 3256 effe
1439 3210 1701 3256 conandum
1727 3227 1739 3257 z
1778 3215 1817 3256 δι
1840 3220 1894 3255 ut

45 3280 65 3307 4
102 3273 302 3336 iuterim
324 3274 612 3322 commodius
632 3277 851 3323 coelarent
868 3274 1130 3330 confilium,
1155 3272 1283 3321 domi
1301 3273 1492 3338 quisque
1510 3273 1598 3322 suae
1621 3273 1663 3320 se
1685 3273 1894 3321 contine-

53 3382 74 3399 „
117 3350 219 3386 rent
239 3339 353 3386 dum
374 3338 789 3388 animadverterent
808 3340 859 3388 in
880 3356 1021 3404 quam
1044 3339 1232 3387 tandem
1253 3338 1494 3404 regionem
1518 3350 1649 3387 tanta
1669 3337 1711 3384 se
1746 3336 1896 3385 effun-

94 3503 111 3506 γ,
127 3522 131 3523 ⁷
175 3468 236 3518 (1)
264 3469 366 3509 This
382 3470 461 3509 lord
492 3469 536 3507 of
558 3469 756 3508 Nithsdale
785 3469 858 3508 had
888 3472 978 3522 only
1031 3469 1230 3509 Nithsdale
1249 3470 1296 3522 by
1312 3469 1395 3519 her,
1413 3472 1486 3509 and
1503 3469 1543 3509 in
1561 3468 1627 3507 the
1644 3470 1730 3516 days
1744 3467 1790 3505 of
1799 3465 1896 3517 king

103 3533 194 3572 „one
210 3524 403 3572 daughter,
422 3522 580 3561 married
610 3532 649 3560 to
666 3524 797 3573 Hemy
813 3524 978 3563 Sinclare
1031 3525 1160 3577 James
1178 3525 1232 3563 11.
1251 3526 1450 3565 excambed
1466 3523 1498 3563 it
1514 3523 1572 3562 for
1589 3520 1786 3561 Caiumess
1801 3522 1896 3559 witn

27 3602 42 3609 ..
106 3575 200 3634 ζωή
224 3575 269 3625 of
281 3576 454 3640 Qrkney,
486 3575 576 3639 wbo
593 3585 656 3632 got
672 3575 739 3619 the
762 3576 921 3631 lordssxip
939 3578 984 3619 of
1033 3576 1101 3622 the
1118 3577 1228 3639 king-

1777 3664 1905 3717 deret
