2025 3831
278 177 573 243 Lissnn
665 171 1552 255 DEc1nusTERT1us4
1696 191 1821 256 373

62 275 352 329 commodum
383 272 489 327 suit,
521 269 624 318 vela
657 270 803 318 facere
825 273 994 335 coegit.
1063 273 1152 318 Sed
1183 271 1500 319 Hamiltonius
1535 271 1608 319 vir
1632 271 1824 320 minime

63 343 224 396 malus,
248 355 404 384 verum
428 336 571 399 paciS,
597 352 734 398 quam
760 336 869 382 belli
888 336 1062 383 artibus
1083 336 1336 382 instructior
1357 336 1445 382 sive
1465 336 1656 397 periculi
1680 350 1823 393 metu,

65 409 153 455 five
171 401 364 450 naturali
384 400 547 447 inertia
563 400 720 446 omiss'o
737 399 784 448 in
807 399 1011 450 Galliam
1032 398 1195 448 itinere
1213 402 1271 447 ad
1293 415 1453 461 rupem
1472 400 1506 444 F
1509 401 1673 462 ergusri
1694 402 1829 464 oppi-

64 457 173 520 dum
204 465 442 519 Hiberniae
472 463 680 514 adversus
704 464 1020 514 Gallovidiam
1044 464 1176 514 {itum
1206 464 1400 527 appulit.
1467 463 1648 511 Urbem
1666 464 1830 525 spolia·

65 548 158 581 tam
180 524 401 583 incendit,
425 540 562 589 atque
580 528 687 574 inde
706 542 924 589 tanquam
944 546 990 576 re
1010 528 1127 575 bene
1146 531 1281 592 gesta,
1297 529 1346 575 in
1364 525 1565 576 Scotiam
1585 528 1642 575 ad
1661 529 1833 576 Aeram

65 609 246 662 portum
274 595 422 645 Co'ilae
444 593 546 640 vela
567 592 693 644 fecit.
760 593 861 638 Rex
884 591 941 637 de
962 592 1058 654 ejus
1085 593 1236 642 reditu
1256 591 1422 643 certior
1443 590 1606 646 factus,
1629 607 1681 638 ac
1703 591 1834 655 supra

69 675 208 724 quam
230 657 324 705 dici
358 657 516 719 posset,
552 655 692 702 iratus
715 672 798 702 nec
832 655 985 712 minis,
1023 672 1106 709 nec
1129 655 1340 703 convitiis
1372 656 1580 703 adversus
1614 671 1719 702 eum
1750 657 1833 704 fibi

65 736 317 785 temperare
352 720 505 784 potuit
529 737 540 766 ε
573 720 686 766 iram
708 720 846 771 etiam
870 719 966 779 ejus
988 721 1296 772 incendebant
1317 737 1341 766 e
1373 720 1532 766 Gallia
1553 720 1696 767 literae
1734 722 1833 767 An·-

66 805 138 841 nae
161 785 353 849 Reginae
379 783 613 832 blanditiis
636 784 694 829 ad
716 784 889 832 bellum
926 783 1180 848 Anglicu'm
1201 784 1464 839 illicientes,
1487 789 1536 834 &2
1557 784 1710 832 alterae
1735 787 1838 832 An-

24 850 28 854 ’
70 852 191 898 dreae
217 851 432 901 Formani
449 847 785 910 promiffionem
805 848 861 894 de
880 848 1010 901 classe
1032 849 1273 903 mittenda,
1293 849 1419 897 velut
1443 865 1606 896 vanam
1623 851 1834 899 omnium

67 914 350 966 sermonibus
381 912 646 977 exprobrari
676 912 995 976 significantes,
1062 914 1182 969 Rex,
1216 929 1264 959 ut
1286 913 1394 963 huic
1416 914 1538 961 malo
1560 914 1836 970 mederetur,

70 981 223 1043 quoad
248 980 404 1041 posset,
425 994 481 1024 cx
505 977 681 1033 consilii
701 976 922 1030 sententia
954 976 1318 1033 Hamiltonium,
1337 978 1419 1041 qui
1440 978 1584 1034 curfis,
1607 996 1745 1042 quem
1770 993 1839 1027 te-

71 1060 182 1100 nere
198 1043 336 1105 jussus
358 1055 471 1096 erat,
516 1041 675 1096 omifl‘o
697 1042 855 1096 urbem
875 1058 1110 1104 nunquam
1132 1042 1277 1089 Scotis
1296 1042 1547 1097 inimicam,
1567 1045 1617 1093 &c
1635 1056 1731 1090 tum
1764 1047 1838 1106 (1)

69 1109 254 1172 Regum
278 1107 448 1153 foedere
470 1106 760 1167 conjunctam
783 1106 1027 1158 crudeliter
1048 1108 1263 1163 vastasset,
1287 1107 1553 1169 bellumque
1575 1123 1667 1154 non
1688 1107 1841 1157 indic-

39 1164 44 1170 ’
68 1184 169 1226 tum
192 1170 348 1224 amicis
369 1169 613 1226 intuliffet,
635 1171 856 1233 abrogata
876 1171 1015 1217 classis
1049 1171 1318 1234 praefectuta
1338 1172 1396 1219 ad
1418 1172 1459 1219 se
1490 1171 1647 1221 venire
1669 1171 1792 1234 justit
1824 1192 1837 1222 ε

68 1235 448 1298 successoremque
483 1233 527 1281 ei
550 1234 850 1289 destinaverat
880 1237 950 1296 (a.)
984 1235 1288 1285 Arcibaldum.
1315 1235 1600 1299 D-uglaffium
1624 1238 1842 1302 Angufiae

73 1301 325 1354 Comitem,
341 1301 467 1346 miffo
489 1314 594 1344 curn
617 1315 673 1344 eo
701 1301 770 1362 (3)
790 1300 973 1353 Andrea
994 1299 1161 1353 Silvio,
1172 1300 1254 1362 qui
1275 1300 1451 1347 claffem
1467 1301 1705 1365 reciperet.
1750 1303 1845 1351 Sed

73 1363 389 1420 Hamiltonius
408 1376 511 1410 ante
528 1364 775 1420 adventum
794 1380 951 1416 eorum
971 1381 1051 1426 per
1068 1365 1238 1412 amicos
1256 1364 1314 1412 de
1331 1365 1473 1428 Regis
1491 1381 1601 1429 erga
1617 1366 1844 1416 seyolun-

70 1441 166 1476 tate
188 1427 352 1475 certior
375 1429 537 1483 factus,
574 1428 720 1474 statim
742 1428 844 1474 vela
862 1427 910 1474 in
932 1429 1076 1480 altum
1098 1428 1228 1484 fecit,
1259 1445 1312 1476 ac
1335 1428 1529 1476 fortunae
1550 1432 1735 1478 incertae
1756 1449 1843 1495 po*

70 1493 181 1550 tius,
197 1510 336 1557 quam
352 1493 468 1545 irato
487 1494 608 1557 Regi
626 1492 668 1549 se
689 1492 974 1546 committere
992 1493 1152 1557 elegit.
1218 1494 1346 1540 Dum
1365 1505 1519 1541 autem
1538 1494 1742 1543 Galliam
1761 1514 1845 1560 pe-

73 1557 149 1615 tit,
184 1558 264 1611 diu
286 1557 478 1614 adversis
499 1556 674 1614 venti-s,⁴
694 1567 755 1612 “ac
777 1555 914 1603 foedis
935 1557 1273 1621 tempestatibus
1298 1558 1514 1619 jauatus,
1546 1559 1767 1623 diffipata,
1791 1577 1848 1610 ac·

74 1622 275 1670 multum
308 1634 472 1669 vexata
493 1622 623 1676 claffe
644 1621 755 1677 sero,
788 1637 840 1668 ac
863 1621 1197 1674 maritimarum
1227 1639 1376 1673 rerum
1400 1639 1509 1670 cura
1528 1624 1651 1687 apud
1681 1625 1849 1674 Gallos

74 1687 294 1748 deposita,
310 1685 359 1733 in
374 1685 655 1737 Britanniam
671 1685 894 1741 minorem
916 1687 1112 1750 appulit.
1152 1687 1227 1739 Ibi
1247 1685 1382 1738 navis„
1396 1688 1476 1736 illa
1496 1700 1624 1738 tanto
1644 1688 1849 1754 sumptu,

72 1766 126 1806 ac
148 1751 304 1807 labore
329 1749 550 1807 aedificata
571 1750 756 1805 sublatis
789 1752 1080 1805 armamentis
1102 1752 1151 1806 in
1171 1764 1308 1816 portu
1337 1752 1588 1802 Bristonico
1620 1755 1695 1818 (4)
1719 1771 1848 1804 com-

115 1826 286 1862 utrivlt.

76 1831 108 1879 Ρ
142 1879 322 1937 XXVI.
356 1881 537 1929 interea
555 1878 689 1935 domi
714 1879 815 1935 aliae
847 1880 1173 1932 discordiarum
1201 1881 1343 1929 causae
1373 1880 1567 1931 subortae
1594 1882 1711 1939 sunt,
1742 1901 1850 1948 quae

79 1944 268 1999 Scotum
280 1945 337 1990 ab
350 1944 506 2008 Anglo
525 1945 705 2008 penitus
729 1946 999 1998 alienarunt.
1043 1948 1286 2010 Regnante
1307 1945 1458 1994 adhuc
1483 1947 1689 1996 Henrico
1711 1949 1848 2012 septi-

79 2024 175 2063 mo,
202 2010 273 2073 (5)
302 2009 529 2065 Robertus
553 2010 708 2067 Carus,
723 2026 860 2074 eques
883 2010 1051 2058 nobilis
1070 2012 1131 2058 ob
1144 2009 1353 2075 egregias
1372 2011 1563 2063 virtutes
1593 2013 1764 2061 Iacobo
1784 2015 1854 2063 ita

79 2085 293 2135 acceptus
315 2086 426 2129 erat,
452 2086 503 2121 ut
519 2075 717 2126 eundem
739 2086 788 2125 oc
811 2075 882 2138 (6)
904 2075 1169 2139 pincernam
1192 2075 1274 2122 fibi
1297 2075 1571 2140 principem,
1602 2079 1652 2127 δε
1674 2078 1851 2126 machi-

82 2153 245 2184 narum
269 2137 553 2193 bellicarum,
587 2142 637 2187 &
660 2138 803 2185 medii
825 2140 983 2187 limitis
1005 2140 1271 2204 praefectum
1291 2155 1478 2190 crearet.
1543 2143 1590 2189 Is
1613 2157 1719 2189 cum
1737 2159 1857 2191 acer-

80 2201 429 2256 latrociniorum
444 2202 616 2249 vindex
632 2203 754 2258 effet,
774 2220 866 2252 non
886 2206 1105 2267 majorem
1123 2205 1264 2269 Regis
1285 2204 1506 2269 gratiam,
1522 2222 1661 2269 quam
1680 2207 1855 2256 limita-

81 2282 275 2319 neorum
296 2265 456 2313 odium
480 2266 562 2314 fibi
583 2266 866 2318 conciliavit.
933 2268 1084 2333 Igitur
1106 2285 1212 2316 curn
1235 2275 1276 2317 δε
1303 2270 1466 2334 Angli,
1490 2274 1540 2321 δε
1565 2271 1707 2327 Scoti,
1730 2289 1851 2337 quo-

81 2346 185 2377 rum
207 2330 436 2380 licentiam
454 2331 738 2393 judiciorum
760 2331 1007 2384 saeveritate
1028 2333 1379 2396 comprimebat,
1403 2335 1435 2383 fi
1456 2351 1549 2399 qua
1568 2336 1752 2383 daretur
1771 2353 1856 2385 oc-

84 2394 219 2449 cafio,
245 2394 380 2454 juxta
398 2394 437 2454 ej
447 2413 496 2442 us
517 2396 663 2443 exitio
690 2396 1003 2459 imminerent,
1027 2399 1212 2446 tandem
1233 2398 1282 2445 in
1304 2412 1540 2450 conventu.
1556 2399 1756 2456 solenni,
1770 2403 1860 2465 qui.

19 2516 22 2517 ⁷
82 2458 204 2514 inter
216 2459 415 2522 Anglos,
430 2466 469 2507 &
489 2461 647 2507 Scotos
665 2478 823 2518 reruni„
837 2463 1191 2527 repetundarum
1209 2463 1338 2516 clausa
1351 2465 1462 2512 solet
1478 2463 1659 2528 agitari,
1673 2475 1773 2513 orta
1786 2466 1856 2513 al-

83 2524 349 2582 tercatione,
372 2537 466 2579 tres*
480 2525 626 2587 Angli
645 2526 861 2582 homines
873 2527 1151 2583 audaciflimi
1172 2530 1364 2580 Ioannes
1385 2530 1563 2584 Heron,
1584 2529 1855 2589 Lilburnus,

84 2584 136 2640 ἃ
161 2588 406 2636 Starhedus
423 2589 628 2653 aggreffi,
656 2608 770 2638 unus
793 2592 951 2639 lancea
970 2591 1173 2640 aversum
1195 2593 1435 2650 transfixit,
1457 2594 1627 2657 reliqui
1639 2593 1738 2655 jam
1756 2595 1857 2643 sau-

86 2651 210 2698 cium
233 2652 544 2701 confecerunt.
614 2656 736 2702 Cum
759 2672 828 2703 res
858 2659 915 2704 ad
938 2657 1109 2705 bellurn
1145 2656 1342 2720 spectare
1362 2658 1610 2714 videretur,
1624 2659 1865 2710 HenricuS.

85 2716 187 2772 Rex
208 2716 277 2764 vir
298 2717 474 2780 alioqui
501 2718 662 2781 justu5‚
684 2736 769 2769 nec
797 2720 949 2769 minus
973 2722 1174 2770 facinori·
1194 2722 1460 2785 turpissimo,
1490 2740 1631 2787 quam
1660 2724 1858 2772 Iacobus

85 2779 285 2828 infensus
309 2782 518 2844 perfecit,
550 2795 599 2831 ut
621 2785 814 2833 Ioannes
836 2787 1207 2839 Heronloannis
1231 2787 1368 2834 frater
1389 2789 1530 2835 Furdi
1552 2787 1859 2845 Comarchus,

84 2846 138 2895 &
161 2845 308 2908 Angli
328 2846 489 2902 limitis
513 2848 752 2911 praefec'tus
774 2866 880 2898 cum
896 2849 1122 2907 Lilburno
1160 2855 1286 2914 (nam
1308 2853 1403 2900 duo
1423 2852 1591 2915 reliqui
1620 2853 1730 2916 fuga
1750 2853 1860 2901 vitae

84 2907 429 2972 consuluerunt)
448 2911 594 2969 Sc'otis
613 2914 902 2970 dederentur.
972 2915 1156 2979 Qihus
1179 2917 1399 2980 acceptiS,
1412 2923 1452 2965 &
1472 2918 1521 2965 in
1545 2917 1859 2969 Fascastellum

87 2988 238 3019 arcem
261 2973 459 3031 incl-usis,
483 2977 737 3035 Lilburnus,
755 2979 829 3030 ibi
844 2980 1038 3031 decessit.
1107 2980 1232 3029 Illud
1249 2997 1438 3044 quoque
1453 2981 1503 3028 in
1526 2981 1753 3030 manifesti
1769 2983 1863 3031 cri-

89 3035 229 3095 minis
245 3038 551 3101 expiationem
574 3042 788 3099 statutum
809 3045 886 3101 est,
910 3044 1029 3097 utin
1045 3046 1346 3098 conventibus
1365 3047 1517 3111 Angli.
1532 3046 1704 3110 priores
1723 3047 1864 3101 fidem

31 3171 38 3178 ι
88 3099 326 3166 publicam
347 3101 492 3154 solum
513 3107 748 3164 Scoticum
775 3108 955 3175 ingreffi
991 3121 1224 3175 peterent,
1246 3109 1408 3176 ibique
1437 3122 1691 3163 conventus
1719 3111 1864 3175 habe-r

89 3243 222 3281 vernor
240 3240 414 3283 toqueen
431 3235 568 3287 Maryt
599 3237 664 3286 his,
679 3237 740 3276 son
757 3239 862 3296 ιῙὸοὶιη
874 3242 950 3280 first
1058 3242 1124 3294 (3)
1152 3242 1262 3282 Laird
1280 3244 1326 3283 of
1338 3245 1471 3295 Largo.

90 3285 255 3335 marquis
283 3287 328 3324 of
338 3287 553 3336 Hamilton,
573 3290 634 3328 his
661 3291 723 3339 son
737 3294 865 3344 James
893 3295 949 3334 se·
1057 3291 1130 3348 (4)
1154 3299 1223 3336 Al.
1247 3300 1492 3349 computruit·

91 3341 186 3398 cond
209 3341 387 3430 ngarquis,
415 3340 476 3378 his
495 3342 558 3381 son
574 3344 703 3398 james
717 3345 820 3385 third
848 3360 949 3388 mar·
1006 3403 1043 3441 R
1060 3351 1121 3402 (5)
1149 3351 1261 3443 inrd
1288 3352 1333 3391 of
1353 3353 1546 3399 Cesfoord,
1576 3352 1799 3405 predecessor
1824 3356 1866 3392 to

92 3403 173 3440 qum
200 3404 217 3429 1
264 3405 335 3442 24.
547 3416 550 3419 ,
1047 3404 1164 3442 oxbur
1220 3434 1230 3444 .
1869 3412 1872 3417 ’

147 3446 210 3496 (1)
241 3447 312 3484 For
329 3446 424 3496 king
441 3449 572 3499 Henry
602 3449 669 3488 the
697 3450 766 3489 Sth
789 3453 835 3491 of
847 3455 950 3504 Eng-
1059 3455 1124 3506 (6)
1138 3419 1332 3510 Ciiiefcup
1357 3461 1494 3506 bearer,
1509 3461 1641 3497 master
1652 3458 1768 3496 ofthe
1780 3459 1865 3496 ord·

96 3495 182 3541 hnd
193 3499 273 3536 lord
289 3499 335 3538 of
346 3501 507 3548 Ireland,
538 3506 610 3540 and
627 3502 722 3552 kIng
737 3506 866 3557 James
884 3508 950 3548 the
1005 3522 1138 3558 nance,
1153 3514 1223 3550 and
1235 3516 1384 3552 warden
1397 3514 1442 3552 of
1451 3514 1516 3551 the
1530 3513 1667 3550 middle
1680 3511 1867 3560 marches;

94 3548 164 3596 4th
182 3551 227 3589 of
242 3553 430 3602 Scotland,
459 3564 498 3593 at
523 3555 602 3594 this
621 3557 714 3595 time
733 3572 832 3598 were
851 3561 894 3599 in
911 3574 952 3601 a·
1006 3563 1066 3601 for
1083 3564 1190 3603 there
1209 3566 1293 3604 used
1310 3575 1348 3605 to
1367 3568 1411 3606 be
1428 3566 1534 3604 three
1552 3567 1718 3603 war-dens
1744 3568 1784 3602 or
1801 3564 1872 3602 the

97 3601 192 3652 mity
209 3606 280 3642 and
301 3620 421 3654 P‘ssace·
1007 3617 1191 3664 marches,
1220 3620 1266 3658 of
1279 3619 1346 3665 the
1362 3621 1449 3671 east,
1484 3620 1585 3668 west,
1614 3620 1685 3659 and
1710 3617 1868 3665 middle,

77 3665 85 3668 ⁷
149 3655 212 3708 (τ)
239 3658 446 3711 Archbald,
465 3661 646 3707 firnamed
663 3663 947 3718 Bell-theca.
1005 3667 1062 3720 see
1075 3683 1155 3723 cap.
1175 3683 1243 3724 29·

1733 3734 1869 3782 rentg
