<?xml version="1.0" encoding="UTF-8"?>
<!DOCTYPE html PUBLIC "-//W3C//DTD XHTML 1.0 Transitional//EN"
    "http://www.w3.org/TR/xhtml1/DTD/xhtml1-transitional.dtd">
<html xmlns="http://www.w3.org/1999/xhtml" xml:lang="en" lang="en">
 <head>
  <title>
</title>
<meta http-equiv="Content-Type" content="text/html;charset=utf-8" />
  <meta name='ocr-system' content='tesseract 3.04.00' />
  <meta name='ocr-capabilities' content='ocr_page ocr_carea ocr_par ocr_line ocrx_word'/>
</head>
<body>
  <div class='ocr_page' id='page_1' title='image "./rerumscoticarumh01buch_0104.png"; bbox 0 0 2091 3796; ppageno 0'>
   <div class='ocr_carea' id='block_1_1' title="bbox 174 81 1631 161">
    <p class='ocr_par' dir='ltr' id='par_1_1' title="bbox 174 81 1631 161">
     <span class='ocr_line' id='line_1_1' title="bbox 174 81 1631 161; baseline 0.008 -13"><span class='ocrx_word' id='word_1_1' title='bbox 174 81 260 148; x_wconf 73' lang='lat'>86</span> <span class='ocrx_word' id='word_1_2' title='bbox 470 81 835 150; x_wconf 73' lang='lat' dir='ltr'>RERUM</span> <span class='ocrx_word' id='word_1_3' title='bbox 937 83 1631 161; x_wconf 69' lang='lat' dir='ltr'>Scorto-Anum</span> 
     </span>
    </p>
   </div>
   <div class='ocr_carea' id='block_1_2' title="bbox 156 180 1960 899">
    <p class='ocr_par' dir='ltr' id='par_1_2' title="bbox 156 180 1960 899">
     <span class='ocr_line' id='line_1_2' title="bbox 171 180 1960 260; baseline 0.01 -30"><span class='ocrx_word' id='word_1_4' title='bbox 171 181 316 248; x_wconf 61' lang='lat' dir='ltr'>Regis</span> <span class='ocrx_word' id='word_1_5' title='bbox 335 182 428 229; x_wconf 81' lang='lat' dir='ltr'>filia</span> <span class='ocrx_word' id='word_1_6' title='bbox 446 180 498 229; x_wconf 89' lang='lat' dir='ltr'>in</span> <span class='ocrx_word' id='word_1_7' title='bbox 519 181 869 232; x_wconf 67' lang='lat' dir='ltr'><strong>matrimonium</strong></span> <span class='ocrx_word' id='word_1_8' title='bbox 889 197 1078 249; x_wconf 88' lang='lat' dir='ltr'>accepta</span> <span class='ocrx_word' id='word_1_9' title='bbox 1095 202 1197 233; x_wconf 87' lang='lat' dir='ltr'>eam</span> <span class='ocrx_word' id='word_1_10' title='bbox 1223 189 1530 240; x_wconf 72' lang='lat' dir='ltr'>confirmavit.</span> <span class='ocrx_word' id='word_1_11' title='bbox 1553 193 1643 240; x_wconf 87' lang='lat' dir='ltr'>Sed</span> <span class='ocrx_word' id='word_1_12' title='bbox 1664 194 1783 243; x_wconf 74' lang='lat' dir='ltr'>hanc</span> <span class='ocrx_word' id='word_1_13' title='bbox 1801 198 1960 260; x_wconf 68' lang='lat' dir='ltr'>publi-</span> 
     </span>
     <span class='ocr_line' id='line_1_3' title="bbox 173 246 1955 323; baseline 0.012 -32"><span class='ocrx_word' id='word_1_14' title='bbox 173 248 276 293; x_wconf 83' lang='lat' dir='ltr'>cam</span> <span class='ocrx_word' id='word_1_15' title='bbox 294 247 504 295; x_wconf 81' lang='lat' dir='ltr'>laetitiam</span> <span class='ocrx_word' id='word_1_16' title='bbox 525 246 699 299; x_wconf 73' lang='lat' dir='ltr'>subitus</span> <span class='ocrx_word' id='word_1_17' title='bbox 713 250 1046 297; x_wconf 81' lang='lat' dir='ltr'>Orcadenfium</span> <span class='ocrx_word' id='word_1_18' title='bbox 1069 249 1117 297; x_wconf 88' lang='lat' dir='ltr'>in</span> <span class='ocrx_word' id='word_1_19' title='bbox 1133 249 1328 299; x_wconf 84' lang='lat' dir='ltr'><strong>Albium</strong></span> <span class='ocrx_word' id='word_1_20' title='bbox 1350 255 1581 306; x_wconf 78' lang='lat' dir='ltr'>exscenfus</span> <span class='ocrx_word' id='word_1_21' title='bbox 1620 258 1955 323; x_wconf 81' lang='lat' dir='ltr'>interpellavit.</span> 
     </span>
     <span class='ocr_line' id='line_1_4' title="bbox 171 311 1956 378; baseline 0.01 -20"><span class='ocrx_word' id='word_1_22' title='bbox 171 311 263 357; x_wconf 77' lang='lat' dir='ltr'>Eos</span> <span class='ocrx_word' id='word_1_23' title='bbox 286 325 474 374; x_wconf 86' lang='lat' dir='ltr'>repente</span> <span class='ocrx_word' id='word_1_24' title='bbox 493 312 598 365; x_wconf 79' lang='lat' dir='ltr'>Rex</span> <span class='ocrx_word' id='word_1_25' title='bbox 636 315 865 377; x_wconf 68' lang='lat' dir='ltr'>aggressus</span> <span class='ocrx_word' id='word_1_26' title='bbox 903 332 960 361; x_wconf 80' lang='lat' dir='ltr'>ex</span> <span class='ocrx_word' id='word_1_27' title='bbox 986 314 1107 378; x_wconf 86' lang='lat' dir='ltr'>agris</span> <span class='ocrx_word' id='word_1_28' title='bbox 1126 316 1185 361; x_wconf 87' lang='lat' dir='ltr'>ad</span> <span class='ocrx_word' id='word_1_29' title='bbox 1207 330 1402 378; x_wconf 66' lang='lat' dir='ltr'>montes,</span> <span class='ocrx_word' id='word_1_30' title='bbox 1429 320 1454 367; x_wconf 83' lang='grc' dir='ltr'>ὲ</span> <span class='ocrx_word' id='word_1_31' title='bbox 1478 323 1714 372; x_wconf 86' lang='lat' dir='ltr'>montibus</span> <span class='ocrx_word' id='word_1_32' title='bbox 1737 327 1793 372; x_wconf 91' lang='lat' dir='ltr'>ad</span> <span class='ocrx_word' id='word_1_33' title='bbox 1829 342 1956 377; x_wconf 82' lang='lat' dir='ltr'>mare</span> 
     </span>
     <span class='ocr_line' id='line_1_5' title="bbox 171 375 1953 456; baseline 0.01 -34"><span class='ocrx_word' id='word_1_34' title='bbox 171 375 421 439; x_wconf 82' lang='lat' dir='ltr'><strong>compulit.</strong></span> <span class='ocrx_word' id='word_1_35' title='bbox 481 377 556 426; x_wconf 82' lang='lat' dir='ltr'>Ibi</span> <span class='ocrx_word' id='word_1_36' title='bbox 575 378 877 442; x_wconf 79' lang='lat' dir='ltr'>trepidantes,</span> <span class='ocrx_word' id='word_1_37' title='bbox 916 381 970 429; x_wconf 85' lang='lat'>&amp;</span> <span class='ocrx_word' id='word_1_38' title='bbox 991 377 1042 425; x_wconf 61' lang='lat' dir='ltr'>in⁴</span> <span class='ocrx_word' id='word_1_39' title='bbox 1063 380 1412 430; x_wconf 82' lang='lat' dir='ltr'>conscendendo</span> <span class='ocrx_word' id='word_1_40' title='bbox 1435 385 1847 439; x_wconf 71' lang='lat' dir='ltr'>turbatosadortus</span> <span class='ocrx_word' id='word_1_41' title='bbox 1870 411 1953 456; x_wconf 89' lang='lat' dir='ltr'>pe-</span> 
     </span>
     <span class='ocr_line' id='line_1_6' title="bbox 170 441 1953 510; baseline 0.012 -26"><span class='ocrx_word' id='word_1_42' title='bbox 170 454 229 485; x_wconf 88' lang='lat' dir='ltr'>ne</span> <span class='ocrx_word' id='word_1_43' title='bbox 251 441 310 488; x_wconf 90' lang='lat' dir='ltr'>ad</span> <span class='ocrx_word' id='word_1_44' title='bbox 332 456 478 491; x_wconf 78' lang='lat' dir='ltr'>unum</span> <span class='ocrx_word' id='word_1_45' title='bbox 499 442 719 490; x_wconf 78' lang='lat' dir='ltr'>concidit.</span> <span class='ocrx_word' id='word_1_46' title='bbox 787 444 923 490; x_wconf 83' lang='lat' dir='ltr'>Belus</span> <span class='ocrx_word' id='word_1_47' title='bbox 945 460 1107 491; x_wconf 78' lang='lat' dir='ltr'>eorum</span> <span class='ocrx_word' id='word_1_48' title='bbox 1130 446 1232 492; x_wconf 85' lang='lat' dir='ltr'>Rex</span> <span class='ocrx_word' id='word_1_49' title='bbox 1251 446 1485 510; x_wconf 83' lang='lat' dir='ltr'>desperata</span> <span class='ocrx_word' id='word_1_50' title='bbox 1498 449 1637 499; x_wconf 86' lang='lat' dir='ltr'>salute</span> <span class='ocrx_word' id='word_1_51' title='bbox 1653 453 1742 501; x_wconf 35' lang='lat' dir='ltr'>*fibi</span> <span class='ocrx_word' id='word_1_52' title='bbox 1762 472 1953 507; x_wconf 86' lang='lat' dir='ltr'>manum</span> 
     </span>
     <span class='ocr_line' id='line_1_7' title="bbox 168 503 1953 586; baseline 0.011 -35"><span class='ocrx_word' id='word_1_53' title='bbox 168 503 344 554; x_wconf 81' lang='lat' dir='ltr'>intulit.</span> <span class='ocrx_word' id='word_1_54' title='bbox 410 506 595 558; x_wconf 83' lang='lat' dir='ltr'>Euenus</span> <span class='ocrx_word' id='word_1_55' title='bbox 618 507 744 555; x_wconf 84' lang='lat' dir='ltr'>bello</span> <span class='ocrx_word' id='word_1_56' title='bbox 760 507 1003 557; x_wconf 65' lang='lat' dir='ltr'>defunstus</span> <span class='ocrx_word' id='word_1_57' title='bbox 1026 510 1085 556; x_wconf 81' lang='lat' dir='ltr'>ad</span> <span class='ocrx_word' id='word_1_58' title='bbox 1107 511 1233 573; x_wconf 74' lang='lat' dir='ltr'>pacis</span> <span class='ocrx_word' id='word_1_59' title='bbox 1257 527 1398 575; x_wconf 84' lang='lat' dir='ltr'>opera</span> <span class='ocrx_word' id='word_1_60' title='bbox 1418 515 1656 564; x_wconf 78' lang='lat' dir='ltr'>conversus</span> <span class='ocrx_word' id='word_1_61' title='bbox 1678 519 1774 566; x_wconf 80' lang='lat' dir='ltr'>duo</span> <span class='ocrx_word' id='word_1_62' title='bbox 1791 538 1953 586; x_wconf 85' lang='lat' dir='ltr'>empo-</span> 
     </span>
     <span class='ocr_line' id='line_1_8' title="bbox 164 568 1953 642; baseline 0.009 -24"><span class='ocrx_word' id='word_1_63' title='bbox 164 569 236 619; x_wconf 78' lang='lat' dir='ltr'>ria</span> <span class='ocrx_word' id='word_1_64' title='bbox 254 568 367 622; x_wconf 77' lang='lat' dir='ltr'>locis</span> <span class='ocrx_word' id='word_1_65' title='bbox 389 572 649 621; x_wconf 83' lang='lat' dir='ltr'>commodis</span> <span class='ocrx_word' id='word_1_66' title='bbox 670 571 863 620; x_wconf 82' lang='lat' dir='ltr'>instituit</span> <span class='ocrx_word' id='word_1_67' title='bbox 882 591 895 620; x_wconf 73' lang='grc' dir='ltr'>ε</span> <span class='ocrx_word' id='word_1_68' title='bbox 930 573 1114 638; x_wconf 84' lang='lat' dir='ltr'>utrique</span> <span class='ocrx_word' id='word_1_69' title='bbox 1138 576 1198 623; x_wconf 89' lang='lat' dir='ltr'>ab</span> <span class='ocrx_word' id='word_1_70' title='bbox 1219 577 1433 627; x_wconf 83' lang='lat' dir='ltr'>amnibus</span> <span class='ocrx_word' id='word_1_71' title='bbox 1447 582 1643 642; x_wconf 83' lang='lat' dir='ltr'>praeterfl</span> <span class='ocrx_word' id='word_1_72' title='bbox 1651 583 1862 633; x_wconf 86' lang='lat' dir='ltr'>uentibus</span> <span class='ocrx_word' id='word_1_73' title='bbox 1877 587 1953 635; x_wconf 80' lang='lat' dir='ltr'>in—</span> 
     </span>
     <span class='ocr_line' id='line_1_9' title="bbox 160 635 1951 712; baseline 0.009 -30"><span class='ocrx_word' id='word_1_74' title='bbox 160 635 263 685; x_wconf 72' lang='lat' dir='ltr'>dita</span> <span class='ocrx_word' id='word_1_75' title='bbox 282 639 486 692; x_wconf 86' lang='lat' dir='ltr'>nomina,</span> <span class='ocrx_word' id='word_1_76' title='bbox 509 638 837 692; x_wconf 85' lang='lat' dir='ltr'>Ennerlothea‚</span> <span class='ocrx_word' id='word_1_77' title='bbox 863 644 903 686; x_wconf 76' lang='grc' dir='ltr'>δε</span> <span class='ocrx_word' id='word_1_78' title='bbox 922 640 1213 688; x_wconf 75' lang='lat' dir='ltr'>Ennerneffa.</span> <span class='ocrx_word' id='word_1_79' title='bbox 1246 643 1402 691; x_wconf 86' lang='lat' dir='ltr'>Enner</span> <span class='ocrx_word' id='word_1_80' title='bbox 1419 645 1545 692; x_wconf 80' lang='lat' dir='ltr'>enim</span> <span class='ocrx_word' id='word_1_81' title='bbox 1568 645 1705 712; x_wconf 68' lang='lat' dir='ltr'>prisci</span> <span class='ocrx_word' id='word_1_82' title='bbox 1723 650 1851 697; x_wconf 88' lang='lat' dir='ltr'>Scoti</span> <span class='ocrx_word' id='word_1_83' title='bbox 1868 668 1951 699; x_wconf 88' lang='lat' dir='ltr'>vo-</span> 
     </span>
     <span class='ocr_line' id='line_1_10' title="bbox 161 704 1949 776; baseline 0.01 -29"><span class='ocrx_word' id='word_1_84' title='bbox 161 712 272 773; x_wconf 68' lang='lat' dir='ltr'>cant</span> <span class='ocrx_word' id='word_1_85' title='bbox 302 705 478 759; x_wconf 88' lang='lat' dir='ltr'>locum,</span> <span class='ocrx_word' id='word_1_86' title='bbox 515 718 611 767; x_wconf 91' lang='lat' dir='ltr'>quo</span> <span class='ocrx_word' id='word_1_87' title='bbox 640 718 778 750; x_wconf 87' lang='lat' dir='ltr'>naves</span> <span class='ocrx_word' id='word_1_88' title='bbox 800 704 1035 767; x_wconf 82' lang='lat' dir='ltr'>appellere</span> <span class='ocrx_word' id='word_1_89' title='bbox 1055 707 1253 768; x_wconf 71' lang='lat' dir='ltr'>possunt.</span> <span class='ocrx_word' id='word_1_90' title='bbox 1322 709 1534 756; x_wconf 85' lang='lat' dir='ltr'>AEbudas</span> <span class='ocrx_word' id='word_1_91' title='bbox 1556 711 1698 776; x_wconf 84' lang='lat' dir='ltr'>longa</span> <span class='ocrx_word' id='word_1_92' title='bbox 1720 713 1949 764; x_wconf 81' lang='lat' dir='ltr'>bellorum</span> 
     </span>
     <span class='ocr_line' id='line_1_11' title="bbox 160 766 1949 838; baseline 0.01 -26"><span class='ocrx_word' id='word_1_93' title='bbox 160 766 351 817; x_wconf 65' lang='lat' dir='ltr'>licentia</span> <span class='ocrx_word' id='word_1_94' title='bbox 371 768 704 818; x_wconf 79' lang='lat' dir='ltr'>tumultuantes</span> <span class='ocrx_word' id='word_1_95' title='bbox 725 767 912 816; x_wconf 89' lang='lat' dir='ltr'>sublatis</span> <span class='ocrx_word' id='word_1_96' title='bbox 934 768 1055 817; x_wconf 85' lang='lat' dir='ltr'>inter</span> <span class='ocrx_word' id='word_1_97' title='bbox 1073 769 1248 818; x_wconf 85' lang='lat' dir='ltr'>incolas</span> <span class='ocrx_word' id='word_1_98' title='bbox 1273 773 1508 821; x_wconf 80' lang='lat' dir='ltr'>discordiis</span> <span class='ocrx_word' id='word_1_99' title='bbox 1525 777 1723 838; x_wconf 79' lang='lat' dir='ltr'>pacavit.</span> <span class='ocrx_word' id='word_1_100' title='bbox 1814 781 1949 829; x_wconf 86' lang='lat' dir='ltr'>Brevi</span> 
     </span>
     <span class='ocr_line' id='line_1_12' title="bbox 156 831 1848 899; baseline 0.008 -21"><span class='ocrx_word' id='word_1_101' title='bbox 156 831 325 883; x_wconf 84' lang='lat' dir='ltr'>deinde</span> <span class='ocrx_word' id='word_1_102' title='bbox 346 835 462 898; x_wconf 88' lang='lat' dir='ltr'>post,</span> <span class='ocrx_word' id='word_1_103' title='bbox 487 848 593 882; x_wconf 84' lang='lat' dir='ltr'>cum</span> <span class='ocrx_word' id='word_1_104' title='bbox 615 831 940 897; x_wconf 85' lang='lat' dir='ltr'>septemdecim</span> <span class='ocrx_word' id='word_1_105' title='bbox 963 836 1187 899; x_wconf 59' lang='lat' dir='ltr'>regnasset</span> <span class='ocrx_word' id='word_1_106' title='bbox 1209 837 1339 885; x_wconf 87' lang='lat' dir='ltr'>annis</span> <span class='ocrx_word' id='word_1_107' title='bbox 1358 852 1556 887; x_wconf 88' lang='lat' dir='ltr'>mortem</span> <span class='ocrx_word' id='word_1_108' title='bbox 1577 841 1711 890; x_wconf 86' lang='lat' dir='ltr'>obiit.</span> <span class='ocrx_word' id='word_1_109' title='bbox 1845 833 1848 835; x_wconf 63' lang='lat'>‚</span> 
     </span>
    </p>
   </div>
   <div class='ocr_carea' id='block_1_3' title="bbox 142 972 1947 1953">
    <p class='ocr_par' dir='ltr' id='par_1_3' title="bbox 142 972 1947 1953">
     <span class='ocr_line' id='line_1_13' title="bbox 220 972 1945 1034; baseline -0.001 -7"><span class='ocrx_word' id='word_1_110' title='bbox 220 979 336 1027; x_wconf 79' lang='lat' dir='ltr'>XX.</span> <span class='ocrx_word' id='word_1_111' title='bbox 371 976 604 1026; x_wconf 85' lang='lat' dir='ltr'><strong>SUFFE</strong></span> <span class='ocrx_word' id='word_1_112' title='bbox 619 972 822 1022; x_wconf 92' lang='lat' dir='ltr'>CTUS</span> <span class='ocrx_word' id='word_1_113' title='bbox 856 973 901 1019; x_wconf 81' lang='lat' dir='ltr'>ei</span> <span class='ocrx_word' id='word_1_114' title='bbox 919 974 1022 1020; x_wconf 77' lang='lat' dir='ltr'>Rex</span> <span class='ocrx_word' id='word_1_115' title='bbox 1042 975 1104 1021; x_wconf 88' lang='lat' dir='ltr'>est</span> <span class='ocrx_word' id='word_1_116' title='bbox 1125 976 1301 1022; x_wconf 85' lang='lat' dir='ltr'>Ederus</span> <span class='ocrx_word' id='word_1_117' title='bbox 1325 976 1559 1024; x_wconf 87' lang='lat' dir='ltr'>Dochami</span> <span class='ocrx_word' id='word_1_118' title='bbox 1582 978 1719 1026; x_wconf 84' lang='lat' dir='ltr'>filius.</span> <span class='ocrx_word' id='word_1_119' title='bbox 1766 983 1811 1030; x_wconf 87' lang='lat' dir='ltr'>Is</span> <span class='ocrx_word' id='word_1_120' title='bbox 1837 986 1945 1034; x_wconf 67' lang='lat' dir='ltr'>cfim</span> 
     </span>
     <span class='ocr_line' id='line_1_14' title="bbox 157 1036 1947 1111; baseline -0.001 -19"><span class='ocrx_word' id='word_1_121' title='bbox 157 1042 437 1110; x_wconf 77' lang='lat' dir='ltr'>pace-domi,</span> <span class='ocrx_word' id='word_1_122' title='bbox 462 1040 659 1104; x_wconf 67' lang='lat' dir='ltr'>foristlue</span> <span class='ocrx_word' id='word_1_123' title='bbox 681 1049 811 1102; x_wconf 82' lang='lat' dir='ltr'>parta</span> <span class='ocrx_word' id='word_1_124' title='bbox 831 1036 1075 1095; x_wconf 86' lang='lat' dir='ltr'>frueretur,</span> <span class='ocrx_word' id='word_1_125' title='bbox 1115 1054 1168 1086; x_wconf 88' lang='lat' dir='ltr'>ac</span> <span class='ocrx_word' id='word_1_126' title='bbox 1188 1040 1512 1088; x_wconf 81' lang='lat' dir='ltr'>venationibus</span> <span class='ocrx_word' id='word_1_127' title='bbox 1540 1059 1602 1090; x_wconf 85' lang='lat' dir='ltr'>ex</span> <span class='ocrx_word' id='word_1_128' title='bbox 1624 1057 1776 1093; x_wconf 88' lang='lat' dir='ltr'>vetere</span> <span class='ocrx_word' id='word_1_129' title='bbox 1794 1050 1947 1111; x_wconf 78' lang='lat' dir='ltr'>gentis</span> 
     </span>
     <span class='ocr_line' id='line_1_15' title="bbox 155 1102 1944 1178; baseline -0.002 -20"><span class='ocrx_word' id='word_1_130' title='bbox 155 1107 484 1158; x_wconf 85' lang='lat' dir='ltr'>consuetudine</span> <span class='ocrx_word' id='word_1_131' title='bbox 506 1105 789 1169; x_wconf 87' lang='lat' dir='ltr'>indulgeret,</span> <span class='ocrx_word' id='word_1_132' title='bbox 812 1102 962 1150; x_wconf 85' lang='lat' dir='ltr'>subito</span> <span class='ocrx_word' id='word_1_133' title='bbox 983 1105 1174 1152; x_wconf 84' lang='lat' dir='ltr'>affertur</span> <span class='ocrx_word' id='word_1_134' title='bbox 1194 1105 1413 1152; x_wconf 87' lang='lat' dir='ltr'>Bredium</span> <span class='ocrx_word' id='word_1_135' title='bbox 1437 1105 1697 1156; x_wconf 86' lang='lat' dir='ltr'>insulanum</span> <span class='ocrx_word' id='word_1_136' title='bbox 1725 1111 1845 1159; x_wconf 89' lang='lat' dir='ltr'>Gilli</span> <span class='ocrx_word' id='word_1_137' title='bbox 1871 1127 1944 1178; x_wconf 87' lang='lat' dir='ltr'>ty-</span> 
     </span>
     <span class='ocr_line' id='line_1_16' title="bbox 154 1169 1939 1241; baseline -0.001 -18"><span class='ocrx_word' id='word_1_138' title='bbox 154 1173 288 1223; x_wconf 80' lang='lat' dir='ltr'>ranni</span> <span class='ocrx_word' id='word_1_139' title='bbox 309 1171 624 1236; x_wconf 88' lang='lat' dir='ltr'>propinquum</span> <span class='ocrx_word' id='word_1_140' title='bbox 647 1183 817 1233; x_wconf 86' lang='lat' dir='ltr'>magna</span> <span class='ocrx_word' id='word_1_141' title='bbox 838 1183 944 1215; x_wconf 88' lang='lat' dir='ltr'>cum</span> <span class='ocrx_word' id='word_1_142' title='bbox 968 1169 1100 1216; x_wconf 81' lang='lat' dir='ltr'>claffe</span> <span class='ocrx_word' id='word_1_143' title='bbox 1116 1169 1355 1234; x_wconf 75' lang='lat' dir='ltr'>appulisse,</span> <span class='ocrx_word' id='word_1_144' title='bbox 1398 1172 1561 1220; x_wconf 87' lang='lat' dir='ltr'>aelate</span> <span class='ocrx_word' id='word_1_145' title='bbox 1582 1175 1761 1236; x_wconf 81' lang='lat' dir='ltr'>praedas</span> <span class='ocrx_word' id='word_1_146' title='bbox 1784 1193 1939 1241; x_wconf 78' lang='lat' dir='ltr'>agere,</span> 
     </span>
     <span class='ocr_line' id='line_1_17' title="bbox 153 1232 1940 1299; baseline 0.001 -12"><span class='ocrx_word' id='word_1_147' title='bbox 153 1237 382 1287; x_wconf 79' lang='lat' dir='ltr'>Adversus</span> <span class='ocrx_word' id='word_1_148' title='bbox 404 1239 527 1284; x_wconf 86' lang='lat' dir='ltr'>hunc</span> <span class='ocrx_word' id='word_1_149' title='bbox 548 1232 849 1282; x_wconf 88' lang='lat' dir='ltr'>tumultuario</span> <span class='ocrx_word' id='word_1_150' title='bbox 869 1246 1059 1298; x_wconf 87' lang='lat' dir='ltr'>repente</span> <span class='ocrx_word' id='word_1_151' title='bbox 1081 1235 1287 1282; x_wconf 89' lang='lat' dir='ltr'>exercitu</span> <span class='ocrx_word' id='word_1_152' title='bbox 1309 1235 1448 1282; x_wconf 62' lang='lat' dir='ltr'>duffio</span> <span class='ocrx_word' id='word_1_153' title='bbox 1468 1239 1607 1295; x_wconf 68' lang='lat' dir='ltr'>noe&#39;tu</span> <span class='ocrx_word' id='word_1_154' title='bbox 1625 1239 1822 1289; x_wconf 88' lang='lat' dir='ltr'>hostium</span> <span class='ocrx_word' id='word_1_155' title='bbox 1846 1244 1940 1299; x_wconf 24' lang='lat' dir='ltr'>cas-</span> 
     </span>
     <span class='ocr_line' id='line_1_18' title="bbox 155 1298 1943 1369; baseline 0.002 -17"><span class='ocrx_word' id='word_1_156' title='bbox 155 1305 238 1352; x_wconf 87' lang='lat' dir='ltr'>tris</span> <span class='ocrx_word' id='word_1_157' title='bbox 259 1315 432 1368; x_wconf 85' lang='lat' dir='ltr'>quanto</span> <span class='ocrx_word' id='word_1_158' title='bbox 454 1300 608 1365; x_wconf 91' lang='lat' dir='ltr'>potuit</span> <span class='ocrx_word' id='word_1_159' title='bbox 628 1315 734 1347; x_wconf 89' lang='lat' dir='ltr'>cum</span> <span class='ocrx_word' id='word_1_160' title='bbox 757 1298 937 1346; x_wconf 73' lang='lat' dir='ltr'>filentio</span> <span class='ocrx_word' id='word_1_161' title='bbox 958 1299 1203 1363; x_wconf 80' lang='lat' dir='ltr'>praeteritis</span> <span class='ocrx_word' id='word_1_162' title='bbox 1222 1301 1458 1348; x_wconf 88' lang='lat' dir='ltr'>stationem</span> <span class='ocrx_word' id='word_1_163' title='bbox 1484 1302 1670 1350; x_wconf 86' lang='lat' dir='ltr'>navium</span> <span class='ocrx_word' id='word_1_164' title='bbox 1693 1308 1943 1369; x_wconf 75' lang='lat' dir='ltr'>aggressus,</span> 
     </span>
     <span class='ocr_line' id='line_1_19' title="bbox 149 1364 1941 1433; baseline 0.001 -16"><span class='ocrx_word' id='word_1_165' title='bbox 149 1385 296 1433; x_wconf 86' lang='lat' dir='ltr'>parvo</span> <span class='ocrx_word' id='word_1_166' title='bbox 318 1367 507 1433; x_wconf 84' lang='lat' dir='ltr'>negotio</span> <span class='ocrx_word' id='word_1_167' title='bbox 530 1364 860 1429; x_wconf 86' lang='lat' dir='ltr'>necopinantes</span> <span class='ocrx_word' id='word_1_168' title='bbox 903 1364 952 1412; x_wconf 90' lang='lat' dir='ltr'>in</span> <span class='ocrx_word' id='word_1_169' title='bbox 977 1365 1101 1412; x_wconf 88' lang='lat' dir='ltr'>suam</span> <span class='ocrx_word' id='word_1_170' title='bbox 1132 1368 1399 1428; x_wconf 86' lang='lat' dir='ltr'>potestatem</span> <span class='ocrx_word' id='word_1_171' title='bbox 1423 1366 1635 1432; x_wconf 75' lang='lat' dir='ltr'>redegit:</span> <span class='ocrx_word' id='word_1_172' title='bbox 1677 1371 1941 1422; x_wconf 80' lang='lat' dir='ltr'>custodibus</span> 
     </span>
     <span class='ocr_line' id='line_1_20' title="bbox 149 1429 1936 1500; baseline -0.001 -19"><span class='ocrx_word' id='word_1_173' title='bbox 149 1434 309 1482; x_wconf 78' lang='lat' dir='ltr'>occisis</span> <span class='ocrx_word' id='word_1_174' title='bbox 331 1433 510 1480; x_wconf 74' lang='lat' dir='ltr'>classem</span> <span class='ocrx_word' id='word_1_175' title='bbox 532 1429 758 1478; x_wconf 86' lang='lat' dir='ltr'>incendit.</span> <span class='ocrx_word' id='word_1_176' title='bbox 826 1429 971 1477; x_wconf 87' lang='lat' dir='ltr'>Mane</span> <span class='ocrx_word' id='word_1_177' title='bbox 992 1430 1042 1476; x_wconf 84' lang='lat' dir='ltr'>in</span> <span class='ocrx_word' id='word_1_178' title='bbox 1076 1430 1222 1477; x_wconf 88' lang='lat' dir='ltr'>hostes</span> <span class='ocrx_word' id='word_1_179' title='bbox 1245 1430 1378 1478; x_wconf 85' lang='lat' dir='ltr'>duxit</span> <span class='ocrx_word' id='word_1_180' title='bbox 1401 1449 1412 1478; x_wconf 78' lang='lat' dir='ltr'>t</span> <span class='ocrx_word' id='word_1_181' title='bbox 1449 1448 1502 1479; x_wconf 88' lang='lat' dir='ltr'>ac</span> <span class='ocrx_word' id='word_1_182' title='bbox 1523 1433 1624 1494; x_wconf 90' lang='lat' dir='ltr'>pari</span> <span class='ocrx_word' id='word_1_183' title='bbox 1646 1434 1936 1500; x_wconf 76' lang='lat' dir='ltr'>negligentia</span> 
     </span>
     <span class='ocr_line' id='line_1_21' title="bbox 147 1494 1936 1562; baseline 0.002 -16"><span class='ocrx_word' id='word_1_184' title='bbox 147 1498 218 1546; x_wconf 88' lang='lat' dir='ltr'>ibi</span> <span class='ocrx_word' id='word_1_185' title='bbox 247 1498 438 1546; x_wconf 87' lang='lat' dir='ltr'>inventa</span> <span class='ocrx_word' id='word_1_186' title='bbox 458 1496 612 1562; x_wconf 87' lang='lat' dir='ltr'>primo</span> <span class='ocrx_word' id='word_1_187' title='bbox 634 1494 836 1542; x_wconf 84' lang='lat' dir='ltr'>tumultu</span> <span class='ocrx_word' id='word_1_188' title='bbox 857 1494 1184 1558; x_wconf 62' lang='lat' dir='ltr'>incompositos</span> <span class='ocrx_word' id='word_1_189' title='bbox 1209 1495 1346 1543; x_wconf 88' lang='lat' dir='ltr'>fudit.</span> <span class='ocrx_word' id='word_1_190' title='bbox 1426 1497 1573 1545; x_wconf 88' lang='lat' dir='ltr'>Multi</span> <span class='ocrx_word' id='word_1_191' title='bbox 1608 1498 1731 1546; x_wconf 90' lang='lat' dir='ltr'>inter</span> <span class='ocrx_word' id='word_1_192' title='bbox 1748 1503 1936 1550; x_wconf 69' lang='lat' dir='ltr'>cuncta-</span> 
     </span>
     <span class='ocr_line' id='line_1_22' title="bbox 147 1559 1939 1628; baseline -0.004 -18"><span class='ocrx_word' id='word_1_193' title='bbox 147 1565 324 1612; x_wconf 86' lang='lat' dir='ltr'>tionem</span> <span class='ocrx_word' id='word_1_194' title='bbox 348 1579 534 1628; x_wconf 87' lang='lat' dir='ltr'>pugnae,</span> <span class='ocrx_word' id='word_1_195' title='bbox 558 1577 612 1608; x_wconf 83' lang='lat' dir='ltr'>ac</span> <span class='ocrx_word' id='word_1_196' title='bbox 630 1561 753 1624; x_wconf 81' lang='lat' dir='ltr'>fugae</span> <span class='ocrx_word' id='word_1_197' title='bbox 775 1559 874 1606; x_wconf 78' lang='lat' dir='ltr'>caefi</span> <span class='ocrx_word' id='word_1_198' title='bbox 900 1578 910 1606; x_wconf 78' lang='lat' dir='ltr'><em>z</em></span> <span class='ocrx_word' id='word_1_199' title='bbox 945 1560 1115 1623; x_wconf 86' lang='lat' dir='ltr'>reliqui</span> <span class='ocrx_word' id='word_1_200' title='bbox 1137 1561 1195 1607; x_wconf 79' lang='lat' dir='ltr'>ad</span> <span class='ocrx_word' id='word_1_201' title='bbox 1212 1577 1337 1608; x_wconf 87' lang='lat' dir='ltr'>mare</span> <span class='ocrx_word' id='word_1_202' title='bbox 1361 1561 1674 1625; x_wconf 85' lang='lat' dir='ltr'>propinquum</span> <span class='ocrx_word' id='word_1_203' title='bbox 1693 1564 1939 1615; x_wconf 66' lang='lat' dir='ltr'>interclusa</span> 
     </span>
     <span class='ocr_line' id='line_1_23' title="bbox 146 1623 1934 1694; baseline 0.002 -18"><span class='ocrx_word' id='word_1_204' title='bbox 146 1628 262 1694; x_wconf 85' lang='lat' dir='ltr'>fuga</span> <span class='ocrx_word' id='word_1_205' title='bbox 279 1628 423 1692; x_wconf 89' lang='lat' dir='ltr'>capti,</span> <span class='ocrx_word' id='word_1_206' title='bbox 449 1634 488 1675; x_wconf 91' lang='lat'>&amp;</span> <span class='ocrx_word' id='word_1_207' title='bbox 510 1626 686 1690; x_wconf 89' lang='lat' dir='ltr'>laqueis</span> <span class='ocrx_word' id='word_1_208' title='bbox 709 1625 989 1688; x_wconf 86' lang='lat' dir='ltr'>strangulati.</span> <span class='ocrx_word' id='word_1_209' title='bbox 1058 1623 1220 1672; x_wconf 76' lang='lat' dir='ltr'>Praeda</span> <span class='ocrx_word' id='word_1_210' title='bbox 1236 1625 1438 1673; x_wconf 87' lang='lat' dir='ltr'>dominis</span> <span class='ocrx_word' id='word_1_211' title='bbox 1459 1627 1810 1691; x_wconf 79' lang='lat' dir='ltr'>agnoscentibus</span> <span class='ocrx_word' id='word_1_212' title='bbox 1828 1633 1934 1679; x_wconf 83' lang='lat' dir='ltr'>red-</span> 
     </span>
     <span class='ocr_line' id='line_1_24' title="bbox 145 1690 1933 1757; baseline -0.003 -17"><span class='ocrx_word' id='word_1_213' title='bbox 145 1694 259 1740; x_wconf 80' lang='lat' dir='ltr'>dita.</span> <span class='ocrx_word' id='word_1_214' title='bbox 332 1692 539 1739; x_wconf 77' lang='lat' dir='ltr'>Similem</span> <span class='ocrx_word' id='word_1_215' title='bbox 565 1691 814 1738; x_wconf 87' lang='lat' dir='ltr'>tumultum</span> <span class='ocrx_word' id='word_1_216' title='bbox 836 1706 894 1735; x_wconf 83' lang='lat' dir='ltr'>ex</span> <span class='ocrx_word' id='word_1_217' title='bbox 926 1690 1096 1737; x_wconf 85' lang='lat' dir='ltr'>eisdem</span> <span class='ocrx_word' id='word_1_218' title='bbox 1130 1690 1288 1739; x_wconf 89' lang='lat' dir='ltr'>insulis</span> <span class='ocrx_word' id='word_1_219' title='bbox 1311 1692 1408 1753; x_wconf 88' lang='lat' dir='ltr'>post</span> <span class='ocrx_word' id='word_1_220' title='bbox 1432 1692 1610 1754; x_wconf 88' lang='lat' dir='ltr'>aliquot</span> <span class='ocrx_word' id='word_1_221' title='bbox 1649 1710 1792 1742; x_wconf 87' lang='lat' dir='ltr'>annos</span> <span class='ocrx_word' id='word_1_222' title='bbox 1817 1697 1933 1757; x_wconf 67' lang='lat' dir='ltr'>ejus„</span> 
     </span>
     <span class='ocr_line' id='line_1_25' title="bbox 145 1755 1935 1820; baseline -0.003 -14"><span class='ocrx_word' id='word_1_223' title='bbox 145 1758 254 1806; x_wconf 84' lang='lat' dir='ltr'>dem</span> <span class='ocrx_word' id='word_1_224' title='bbox 278 1757 400 1804; x_wconf 84' lang='lat' dir='ltr'>Gilli</span> <span class='ocrx_word' id='word_1_225' title='bbox 422 1758 536 1804; x_wconf 86' lang='lat' dir='ltr'>alius</span> <span class='ocrx_word' id='word_1_226' title='bbox 559 1756 846 1819; x_wconf 87' lang='lat' dir='ltr'>propinquus</span> <span class='ocrx_word' id='word_1_227' title='bbox 865 1755 1102 1809; x_wconf 71' lang='lat' dir='ltr'>excitavit,</span> <span class='ocrx_word' id='word_1_228' title='bbox 1123 1755 1206 1818; x_wconf 89' lang='lat' dir='ltr'>qui</span> <span class='ocrx_word' id='word_1_229' title='bbox 1229 1756 1419 1802; x_wconf 72' lang='lat' dir='ltr'>similem</span> <span class='ocrx_word' id='word_1_230' title='bbox 1445 1772 1631 1820; x_wconf 83' lang='lat' dir='ltr'>quoque</span> <span class='ocrx_word' id='word_1_231' title='bbox 1654 1758 1816 1808; x_wconf 77' lang='lat' dir='ltr'>habuit</span> <span class='ocrx_word' id='word_1_232' title='bbox 1834 1761 1935 1808; x_wconf 76' lang='lat' dir='ltr'>exi-</span> 
     </span>
     <span class='ocr_line' id='line_1_26' title="bbox 143 1818 1932 1883; baseline 0.002 -13"><span class='ocrx_word' id='word_1_233' title='bbox 143 1836 246 1870; x_wconf 88' lang='lat' dir='ltr'>tum</span> <span class='ocrx_word' id='word_1_234' title='bbox 270 1823 424 1869; x_wconf 84' lang='lat' dir='ltr'>deleto</span> <span class='ocrx_word' id='word_1_235' title='bbox 445 1821 667 1876; x_wconf 82' lang='lat' dir='ltr'>exercitu,</span> <span class='ocrx_word' id='word_1_236' title='bbox 687 1821 816 1866; x_wconf 86' lang='lat' dir='ltr'>class&#39;e</span> <span class='ocrx_word' id='word_1_237' title='bbox 838 1818 1037 1875; x_wconf 86' lang='lat' dir='ltr'>incensa,</span> <span class='ocrx_word' id='word_1_238' title='bbox 1059 1820 1214 1883; x_wconf 84' lang='lat' dir='ltr'>praeda</span> <span class='ocrx_word' id='word_1_239' title='bbox 1230 1834 1513 1883; x_wconf 85' lang='lat' dir='ltr'>recuperata,</span> <span class='ocrx_word' id='word_1_240' title='bbox 1534 1838 1586 1869; x_wconf 88' lang='lat' dir='ltr'>ac</span> <span class='ocrx_word' id='word_1_241' title='bbox 1605 1823 1806 1872; x_wconf 86' lang='lat' dir='ltr'>dominis</span> <span class='ocrx_word' id='word_1_242' title='bbox 1826 1823 1932 1874; x_wconf 48' lang='lat' dir='ltr'>reda</span> 
     </span>
     <span class='ocr_line' id='line_1_27' title="bbox 142 1885 1932 1953; baseline 0.001 -18"><span class='ocrx_word' id='word_1_243' title='bbox 142 1887 256 1935; x_wconf 83' lang='lat' dir='ltr'>dita.</span> <span class='ocrx_word' id='word_1_244' title='bbox 325 1889 397 1934; x_wconf 89' lang='lat' dir='ltr'>Ita</span> <span class='ocrx_word' id='word_1_245' title='bbox 418 1904 530 1951; x_wconf 90' lang='lat' dir='ltr'>pace</span> <span class='ocrx_word' id='word_1_246' title='bbox 570 1885 742 1948; x_wconf 88' lang='lat' dir='ltr'>ubique</span> <span class='ocrx_word' id='word_1_247' title='bbox 766 1898 914 1948; x_wconf 85' lang='lat' dir='ltr'>parta,</span> <span class='ocrx_word' id='word_1_248' title='bbox 951 1885 1086 1932; x_wconf 83' lang='lat' dir='ltr'>senex</span> <span class='ocrx_word' id='word_1_249' title='bbox 1108 1886 1269 1932; x_wconf 68' lang='lat' dir='ltr'>osiavo</span> <span class='ocrx_word' id='word_1_250' title='bbox 1292 1891 1333 1933; x_wconf 86' lang='lat'>&amp;</span> <span class='ocrx_word' id='word_1_251' title='bbox 1368 1886 1717 1949; x_wconf 75' lang='lat' dir='ltr'>quadragesimo</span> <span class='ocrx_word' id='word_1_252' title='bbox 1745 1889 1932 1953; x_wconf 81' lang='lat' dir='ltr'>imperii</span> 
     </span>
    </p>
   </div>
   <div class='ocr_carea' id='block_1_4' title="bbox 140 1949 1218 2064">
    <p class='ocr_par' dir='ltr' id='par_1_4' title="bbox 140 1949 1218 2064">
     <span class='ocr_line' id='line_1_28' title="bbox 140 1949 1057 2000; baseline -0.01 0"><span class='ocrx_word' id='word_1_253' title='bbox 140 1969 264 2000; x_wconf 73' lang='lat' dir='ltr'>anno</span> <span class='ocrx_word' id='word_1_254' title='bbox 287 1952 449 1999; x_wconf 89' lang='lat' dir='ltr'>morbo</span> <span class='ocrx_word' id='word_1_255' title='bbox 471 1953 532 1999; x_wconf 88' lang='lat' dir='ltr'>est</span> <span class='ocrx_word' id='word_1_256' title='bbox 552 1949 799 1998; x_wconf 69' lang='lat' dir='ltr'>extinctus.</span> <span class='ocrx_word' id='word_1_257' title='bbox 1054 1988 1057 1991; x_wconf 85' lang='lat'>.</span> 
     </span>
     <span class='ocr_line' id='line_1_29' title="bbox 140 2016 1218 2064; baseline -0.005 2"><span class='ocrx_word' id='word_1_258' title='bbox 140 2024 145 2029; x_wconf 84' lang='lat'><em>&#39;</em></span> <span class='ocrx_word' id='word_1_259' title='bbox 850 2016 985 2064; x_wconf 88' lang='lat' dir='ltr'><strong>XVI.</strong></span> <span class='ocrx_word' id='word_1_260' title='bbox 1030 2017 1073 2062; x_wconf 90' lang='lat' dir='ltr'>R</span> <span class='ocrx_word' id='word_1_261' title='bbox 1096 2017 1134 2062; x_wconf 89' lang='lat' dir='ltr'>E</span> <span class='ocrx_word' id='word_1_262' title='bbox 1158 2017 1218 2062; x_wconf 91' lang='lat' dir='ltr'>X.</span> 
     </span>
    </p>
   </div>
   <div class='ocr_carea' id='block_1_5' title="bbox 119 2079 1987 3513">
    <p class='ocr_par' dir='ltr' id='par_1_5' title="bbox 119 2079 1987 3444">
     <span class='ocr_line' id='line_1_30' title="bbox 205 2079 1924 2146; baseline 0.002 -15"><span class='ocrx_word' id='word_1_263' title='bbox 205 2085 337 2131; x_wconf 90' lang='lat' dir='ltr'><strong>XXI.</strong></span> <span class='ocrx_word' id='word_1_264' title='bbox 372 2083 544 2131; x_wconf 90' lang='lat' dir='ltr'>HUIC</span> <span class='ocrx_word' id='word_1_265' title='bbox 566 2081 764 2129; x_wconf 85' lang='lat' dir='ltr'>succeffit</span> <span class='ocrx_word' id='word_1_266' title='bbox 786 2081 969 2128; x_wconf 83' lang='lat' dir='ltr'>Euenus</span> <span class='ocrx_word' id='word_1_267' title='bbox 994 2079 1151 2128; x_wconf 85' lang='lat' dir='ltr'>tertius</span> <span class='ocrx_word' id='word_1_268' title='bbox 1174 2079 1394 2143; x_wconf 85' lang='lat' dir='ltr'>indignus</span> <span class='ocrx_word' id='word_1_269' title='bbox 1421 2081 1602 2144; x_wconf 83' lang='lat' dir='ltr'>optimo</span> <span class='ocrx_word' id='word_1_270' title='bbox 1621 2095 1750 2146; x_wconf 88' lang='lat' dir='ltr'>patre</span> <span class='ocrx_word' id='word_1_271' title='bbox 1772 2084 1890 2133; x_wconf 82' lang='lat' dir='ltr'>filius</span> <span class='ocrx_word' id='word_1_272' title='bbox 1911 2106 1924 2134; x_wconf 80' lang='lat' dir='ltr'>t</span> 
     </span>
     <span class='ocr_line' id='line_1_31' title="bbox 141 2143 1927 2213; baseline 0.002 -18"><span class='ocrx_word' id='word_1_273' title='bbox 141 2148 223 2213; x_wconf 90' lang='lat' dir='ltr'>qui</span> <span class='ocrx_word' id='word_1_274' title='bbox 245 2166 336 2196; x_wconf 90' lang='lat' dir='ltr'>non</span> <span class='ocrx_word' id='word_1_275' title='bbox 360 2159 602 2195; x_wconf 75' lang='lat' dir='ltr'>contentus</span> <span class='ocrx_word' id='word_1_276' title='bbox 625 2160 809 2194; x_wconf 76' lang='lat' dir='ltr'>centurn</span> <span class='ocrx_word' id='word_1_277' title='bbox 830 2144 854 2191; x_wconf 76' lang='grc' dir='ltr'>ὲ</span> <span class='ocrx_word' id='word_1_278' title='bbox 878 2145 1118 2193; x_wconf 82' lang='lat' dir='ltr'>nobilitate</span> <span class='ocrx_word' id='word_1_279' title='bbox 1136 2143 1428 2201; x_wconf 81' lang='lat' dir='ltr'>concubini5‚</span> <span class='ocrx_word' id='word_1_280' title='bbox 1450 2146 1496 2192; x_wconf 90' lang='lat' dir='ltr'>ni</span> <span class='ocrx_word' id='word_1_281' title='bbox 1515 2145 1639 2193; x_wconf 88' lang='lat' dir='ltr'>suam</span> <span class='ocrx_word' id='word_1_282' title='bbox 1663 2148 1927 2212; x_wconf 85' lang='lat' dir='ltr'>spurcitiem</span> 
     </span>
     <span class='ocr_line' id='line_1_32' title="bbox 137 2209 1957 2278; baseline 0 -15"><span class='ocrx_word' id='word_1_283' title='bbox 137 2213 241 2263; x_wconf 86' lang='lat' dir='ltr'>latis</span> <span class='ocrx_word' id='word_1_284' title='bbox 263 2213 451 2277; x_wconf 78' lang='lat' dir='ltr'>legibus,</span> <span class='ocrx_word' id='word_1_285' title='bbox 466 2213 514 2260; x_wconf 91' lang='lat' dir='ltr'>in</span> <span class='ocrx_word' id='word_1_286' title='bbox 532 2214 701 2277; x_wconf 81' lang='lat' dir='ltr'>vulgus</span> <span class='ocrx_word' id='word_1_287' title='bbox 724 2211 954 2275; x_wconf 87' lang='lat' dir='ltr'>proderet.</span> <span class='ocrx_word' id='word_1_288' title='bbox 1023 2209 1161 2257; x_wconf 85' lang='lat' dir='ltr'>Tulit</span> <span class='ocrx_word' id='word_1_289' title='bbox 1176 2210 1319 2264; x_wconf 88' lang='lat' dir='ltr'>enim,</span> <span class='ocrx_word' id='word_1_290' title='bbox 1344 2224 1394 2258; x_wconf 79' lang='lat' dir='ltr'>ut</span> <span class='ocrx_word' id='word_1_291' title='bbox 1415 2210 1561 2257; x_wconf 85' lang='lat' dir='ltr'>cuivis</span> <span class='ocrx_word' id='word_1_292' title='bbox 1583 2211 1743 2260; x_wconf 86' lang='lat' dir='ltr'>liceret</span> <span class='ocrx_word' id='word_1_293' title='bbox 1763 2232 1848 2278; x_wconf 87' lang='lat' dir='ltr'>pro</span> <span class='ocrx_word' id='word_1_294' title='bbox 1871 2232 1924 2261; x_wconf 90' lang='lat' dir='ltr'>o-</span> <span class='ocrx_word' id='word_1_295' title='bbox 1954 2259 1957 2263; x_wconf 85' lang='lat'>.</span> 
     </span>
     <span class='ocr_line' id='line_1_33' title="bbox 136 2276 1928 2342; baseline 0.002 -18"><span class='ocrx_word' id='word_1_296' title='bbox 136 2277 275 2341; x_wconf 84' lang='lat' dir='ltr'>pibus</span> <span class='ocrx_word' id='word_1_297' title='bbox 298 2292 414 2340; x_wconf 86' lang='lat' dir='ltr'>quot</span> <span class='ocrx_word' id='word_1_298' title='bbox 435 2279 555 2325; x_wconf 84' lang='lat' dir='ltr'>alere</span> <span class='ocrx_word' id='word_1_299' title='bbox 579 2279 720 2342; x_wconf 83' lang='lat' dir='ltr'>poffct</span> <span class='ocrx_word' id='word_1_300' title='bbox 740 2291 900 2324; x_wconf 81' lang='lat' dir='ltr'>uxores</span> <span class='ocrx_word' id='word_1_301' title='bbox 923 2277 1118 2324; x_wconf 86' lang='lat' dir='ltr'>ducere:</span> <span class='ocrx_word' id='word_1_302' title='bbox 1147 2289 1196 2322; x_wconf 86' lang='lat' dir='ltr'>ut</span> <span class='ocrx_word' id='word_1_303' title='bbox 1209 2276 1313 2322; x_wconf 82' lang='lat' dir='ltr'>Rex</span> <span class='ocrx_word' id='word_1_304' title='bbox 1330 2287 1435 2322; x_wconf 88' lang='lat' dir='ltr'>ante</span> <span class='ocrx_word' id='word_1_305' title='bbox 1457 2276 1640 2339; x_wconf 85' lang='lat' dir='ltr'>nuptias</span> <span class='ocrx_word' id='word_1_306' title='bbox 1662 2277 1928 2341; x_wconf 83' lang='lat' dir='ltr'>sponsarum</span> 
     </span>
     <span class='ocr_line' id='line_1_34' title="bbox 133 2339 1987 2406; baseline 0.001 -14"><span class='ocrx_word' id='word_1_307' title='bbox 133 2341 390 2397; x_wconf 77' lang='lat' dir='ltr'>:nobilium5</span> <span class='ocrx_word' id='word_1_308' title='bbox 408 2343 585 2390; x_wconf 86' lang='lat' dir='ltr'>nobiles</span> <span class='ocrx_word' id='word_1_309' title='bbox 607 2341 893 2406; x_wconf 88' lang='lat' dir='ltr'>plebeiarum</span> <span class='ocrx_word' id='word_1_310' title='bbox 917 2340 1210 2404; x_wconf 82' lang='lat' dir='ltr'>praelibarent</span> <span class='ocrx_word' id='word_1_311' title='bbox 1230 2339 1532 2404; x_wconf 84' lang='lat' dir='ltr'>pudicitiam:</span> <span class='ocrx_word' id='word_1_312' title='bbox 1559 2353 1609 2387; x_wconf 88' lang='lat' dir='ltr'>ut</span> <span class='ocrx_word' id='word_1_313' title='bbox 1630 2342 1926 2404; x_wconf 81' lang='lat' dir='ltr'>plebeiorum</span> <span class='ocrx_word' id='word_1_314' title='bbox 1983 2377 1987 2383; x_wconf 91' lang='lat'><em>-</em></span> 
     </span>
     <span class='ocr_line' id='line_1_35' title="bbox 133 2400 1920 2469; baseline 0.001 -14"><span class='ocrx_word' id='word_1_315' title='bbox 133 2424 302 2457; x_wconf 77' lang='lat' dir='ltr'>,uxores</span> <span class='ocrx_word' id='word_1_316' title='bbox 324 2423 430 2454; x_wconf 82' lang='lat' dir='ltr'>cum</span> <span class='ocrx_word' id='word_1_317' title='bbox 453 2406 695 2454; x_wconf 88' lang='lat' dir='ltr'>nobilitate</span> <span class='ocrx_word' id='word_1_318' title='bbox 725 2422 992 2453; x_wconf 84' lang='lat' dir='ltr'>communes</span> <span class='ocrx_word' id='word_1_319' title='bbox 1032 2400 1186 2452; x_wconf 83' lang='lat' dir='ltr'>essent.</span> <span class='ocrx_word' id='word_1_320' title='bbox 1255 2405 1392 2452; x_wconf 83' lang='lat' dir='ltr'>Hanc</span> <span class='ocrx_word' id='word_1_321' title='bbox 1414 2403 1687 2469; x_wconf 86' lang='lat' dir='ltr'>flagitiosam</span> <span class='ocrx_word' id='word_1_322' title='bbox 1708 2406 1804 2468; x_wconf 86' lang='lat' dir='ltr'>ejus</span> <span class='ocrx_word' id='word_1_323' title='bbox 1839 2426 1920 2456; x_wconf 88' lang='lat' dir='ltr'>ne-</span> 
     </span>
     <span class='ocr_line' id='line_1_36' title="bbox 134 2467 1918 2534; baseline 0.001 -15"><span class='ocrx_word' id='word_1_324' title='bbox 134 2471 334 2534; x_wconf 85' lang='lat' dir='ltr'>quitiam</span> <span class='ocrx_word' id='word_1_325' title='bbox 355 2472 518 2519; x_wconf 67' lang='lat' dir='ltr'>secutae</span> <span class='ocrx_word' id='word_1_326' title='bbox 542 2471 644 2518; x_wconf 89' lang='lat' dir='ltr'>sunt</span> <span class='ocrx_word' id='word_1_327' title='bbox 680 2475 752 2534; x_wconf 90' lang='lat' dir='ltr'>(ut</span> <span class='ocrx_word' id='word_1_328' title='bbox 773 2471 870 2518; x_wconf 84' lang='lat' dir='ltr'>fere</span> <span class='ocrx_word' id='word_1_329' title='bbox 899 2470 1062 2531; x_wconf 79' lang='lat' dir='ltr'>solent)</span> <span class='ocrx_word' id='word_1_330' title='bbox 1088 2468 1278 2516; x_wconf 88' lang='lat' dir='ltr'>comites</span> <span class='ocrx_word' id='word_1_331' title='bbox 1301 2467 1501 2524; x_wconf 80' lang='lat' dir='ltr'>luxuria,</span> <span class='ocrx_word' id='word_1_332' title='bbox 1524 2469 1787 2528; x_wconf 70' lang='lat' dir='ltr'>erudelitas,</span> <span class='ocrx_word' id='word_1_333' title='bbox 1812 2489 1918 2521; x_wconf 87' lang='lat' dir='ltr'>ava-</span> 
     </span>
     <span class='ocr_line' id='line_1_37' title="bbox 133 2533 1920 2600; baseline 0.001 -16"><span class='ocrx_word' id='word_1_334' title='bbox 133 2535 255 2585; x_wconf 79' lang='lat' dir='ltr'>ritia.</span> <span class='ocrx_word' id='word_1_335' title='bbox 324 2537 450 2585; x_wconf 83' lang='lat' dir='ltr'>Nam</span> <span class='ocrx_word' id='word_1_336' title='bbox 473 2552 580 2584; x_wconf 88' lang='lat' dir='ltr'>cum</span> <span class='ocrx_word' id='word_1_337' title='bbox 603 2537 661 2583; x_wconf 82' lang='lat' dir='ltr'>ad</span> <span class='ocrx_word' id='word_1_338' title='bbox 683 2536 887 2600; x_wconf 84' lang='lat' dir='ltr'>sumptus</span> <span class='ocrx_word' id='word_1_339' title='bbox 906 2552 1016 2600; x_wconf 87' lang='lat' dir='ltr'>opes</span> <span class='ocrx_word' id='word_1_340' title='bbox 1039 2551 1132 2582; x_wconf 87' lang='lat' dir='ltr'>non</span> <span class='ocrx_word' id='word_1_341' title='bbox 1151 2533 1460 2598; x_wconf 86' lang='lat' dir='ltr'>suppeterent,</span> <span class='ocrx_word' id='word_1_342' title='bbox 1473 2534 1786 2596; x_wconf 79' lang='lat' dir='ltr'>opulentiores</span> <span class='ocrx_word' id='word_1_343' title='bbox 1809 2553 1920 2585; x_wconf 75' lang='lat' dir='ltr'>con·</span> 
     </span>
     <span class='ocr_line' id='line_1_38' title="bbox 132 2598 1919 2665; baseline 0.001 -18"><span class='ocrx_word' id='word_1_344' title='bbox 132 2601 250 2648; x_wconf 71' lang='lat' dir='ltr'>fietis</span> <span class='ocrx_word' id='word_1_345' title='bbox 272 2602 413 2650; x_wconf 88' lang='lat' dir='ltr'>caufis</span> <span class='ocrx_word' id='word_1_346' title='bbox 437 2601 732 2665; x_wconf 84' lang='lat' dir='ltr'>rapiebantur</span> <span class='ocrx_word' id='word_1_347' title='bbox 755 2602 813 2647; x_wconf 87' lang='lat' dir='ltr'>ad</span> <span class='ocrx_word' id='word_1_348' title='bbox 834 2598 1130 2663; x_wconf 81' lang='lat' dir='ltr'>supplicium,</span> <span class='ocrx_word' id='word_1_349' title='bbox 1154 2599 1201 2649; x_wconf 61' lang='grc' dir='ltr'>ὃς</span> <span class='ocrx_word' id='word_1_350' title='bbox 1227 2598 1508 2646; x_wconf 84' lang='lat' dir='ltr'>commercio</span> <span class='ocrx_word' id='word_1_351' title='bbox 1533 2598 1655 2664; x_wconf 90' lang='lat' dir='ltr'>Regi</span> <span class='ocrx_word' id='word_1_352' title='bbox 1674 2616 1782 2648; x_wconf 90' lang='lat' dir='ltr'>cum</span> <span class='ocrx_word' id='word_1_353' title='bbox 1806 2602 1919 2650; x_wconf 82' lang='lat' dir='ltr'>furi-</span> 
     </span>
     <span class='ocr_line' id='line_1_39' title="bbox 133 2664 1921 2729; baseline 0.002 -18"><span class='ocrx_word' id='word_1_354' title='bbox 133 2666 219 2714; x_wconf 84' lang='lat' dir='ltr'>bus</span> <span class='ocrx_word' id='word_1_355' title='bbox 241 2667 360 2714; x_wconf 86' lang='lat' dir='ltr'>inito</span> <span class='ocrx_word' id='word_1_356' title='bbox 382 2666 568 2714; x_wconf 82' lang='lat' dir='ltr'>furandi</span> <span class='ocrx_word' id='word_1_357' title='bbox 589 2666 765 2713; x_wconf 89' lang='lat' dir='ltr'>summa</span> <span class='ocrx_word' id='word_1_358' title='bbox 786 2679 881 2729; x_wconf 81' lang='lat' dir='ltr'>erat</span> <span class='ocrx_word' id='word_1_359' title='bbox 903 2664 1171 2729; x_wconf 58' lang='lat' dir='ltr'>impunitas</span> <span class='ocrx_word' id='word_1_360' title='bbox 1242 2665 1314 2710; x_wconf 89' lang='lat' dir='ltr'>Ita</span> <span class='ocrx_word' id='word_1_361' title='bbox 1340 2680 1479 2727; x_wconf 87' lang='lat' dir='ltr'>quam</span> <span class='ocrx_word' id='word_1_362' title='bbox 1503 2667 1699 2728; x_wconf 84' lang='lat' dir='ltr'>gratiam</span> <span class='ocrx_word' id='word_1_363' title='bbox 1727 2666 1786 2713; x_wconf 89' lang='lat' dir='ltr'>ab</span> <span class='ocrx_word' id='word_1_364' title='bbox 1807 2667 1921 2714; x_wconf 77' lang='lat' dir='ltr'>ado-</span> 
     </span>
     <span class='ocr_line' id='line_1_40' title="bbox 130 2728 1973 2795; baseline 0.001 -18"><span class='ocrx_word' id='word_1_365' title='bbox 130 2731 346 2780; x_wconf 85' lang='lat' dir='ltr'>lescentia</span> <span class='ocrx_word' id='word_1_366' title='bbox 366 2744 586 2795; x_wconf 79' lang='lat' dir='ltr'>corrupta</span> <span class='ocrx_word' id='word_1_367' title='bbox 614 2748 671 2778; x_wconf 89' lang='lat' dir='ltr'>ex</span> <span class='ocrx_word' id='word_1_368' title='bbox 705 2729 975 2794; x_wconf 83' lang='lat' dir='ltr'>promiscuae</span> <span class='ocrx_word' id='word_1_369' title='bbox 1007 2728 1214 2776; x_wconf 87' lang='lat' dir='ltr'>libidinis</span> <span class='ocrx_word' id='word_1_370' title='bbox 1254 2728 1541 2792; x_wconf 73' lang='lat' dir='ltr'>permistione</span> <span class='ocrx_word' id='word_1_371' title='bbox 1579 2729 1793 2792; x_wconf 75' lang='lat' dir='ltr'>sperarat,</span> <span class='ocrx_word' id='word_1_372' title='bbox 1816 2747 1918 2779; x_wconf 87' lang='lat' dir='ltr'>eam</span> <span class='ocrx_word' id='word_1_373' title='bbox 1970 2741 1973 2744; x_wconf 59' lang='lat'><strong>⁴</strong></span> 
     </span>
     <span class='ocr_line' id='line_1_41' title="bbox 129 2792 1915 2860; baseline 0.001 -20"><span class='ocrx_word' id='word_1_374' title='bbox 129 2797 472 2844; x_wconf 79' lang='lat' dir='ltr'>truculentia&amp;</span> <span class='ocrx_word' id='word_1_375' title='bbox 490 2795 741 2860; x_wconf 85' lang='lat' dir='ltr'>rapacitate</span> <span class='ocrx_word' id='word_1_376' title='bbox 759 2794 907 2842; x_wconf 86' lang='lat' dir='ltr'>amifit</span> <span class='ocrx_word' id='word_1_377' title='bbox 931 2812 942 2841; x_wconf 92' lang='lat'>:</span> <span class='ocrx_word' id='word_1_378' title='bbox 977 2800 1017 2842; x_wconf 71' lang='grc' dir='ltr'>δε</span> <span class='ocrx_word' id='word_1_379' title='bbox 1049 2793 1368 2855; x_wconf 78' lang='lat' dir='ltr'>conjuratione</span> <span class='ocrx_word' id='word_1_380' title='bbox 1397 2792 1654 2840; x_wconf 79' lang='lat' dir='ltr'>nobilitatis</span> <span class='ocrx_word' id='word_1_381' title='bbox 1678 2795 1796 2842; x_wconf 58' lang='lat' dir='ltr'>fasta</span> <span class='ocrx_word' id='word_1_382' title='bbox 1817 2795 1915 2843; x_wconf 89' lang='lat' dir='ltr'>sen-</span> 
     </span>
     <span class='ocr_line' id='line_1_42' title="bbox 127 2858 1967 2924; baseline 0.002 -18"><span class='ocrx_word' id='word_1_383' title='bbox 127 2860 198 2915; x_wconf 80' lang='lat' dir='ltr'>fit,</span> <span class='ocrx_word' id='word_1_384' title='bbox 222 2877 364 2924; x_wconf 88' lang='lat' dir='ltr'>quam</span> <span class='ocrx_word' id='word_1_385' title='bbox 384 2861 530 2909; x_wconf 77' lang='lat' dir='ltr'>infida</span> <span class='ocrx_word' id='word_1_386' title='bbox 543 2862 771 2920; x_wconf 79' lang='lat' dir='ltr'>malorum</span> <span class='ocrx_word' id='word_1_387' title='bbox 793 2859 900 2907; x_wconf 86' lang='lat' dir='ltr'>effet</span> <span class='ocrx_word' id='word_1_388' title='bbox 920 2859 1124 2906; x_wconf 85' lang='lat' dir='ltr'>societas.</span> <span class='ocrx_word' id='word_1_389' title='bbox 1190 2858 1318 2904; x_wconf 87' lang='lat' dir='ltr'>Nam</span> <span class='ocrx_word' id='word_1_390' title='bbox 1339 2873 1446 2923; x_wconf 76' lang='lat' dir='ltr'>cum</span> <span class='ocrx_word' id='word_1_391' title='bbox 1468 2858 1685 2921; x_wconf 16' lang='lat' dir='ltr'>primum*</span> <span class='ocrx_word' id='word_1_392' title='bbox 1697 2859 1746 2906; x_wconf 90' lang='lat' dir='ltr'>in</span> <span class='ocrx_word' id='word_1_393' title='bbox 1768 2858 1917 2909; x_wconf 86' lang='lat' dir='ltr'>aciem</span> <span class='ocrx_word' id='word_1_394' title='bbox 1960 2904 1967 2913; x_wconf 83' lang='grc'>,</span> 
     </span>
     <span class='ocr_line' id='line_1_43' title="bbox 125 2921 1917 2985; baseline 0.001 -15"><span class='ocrx_word' id='word_1_395' title='bbox 125 2939 319 2985; x_wconf 81' lang='lat' dir='ltr'>ventum</span> <span class='ocrx_word' id='word_1_396' title='bbox 340 2926 470 2980; x_wconf 86' lang='lat' dir='ltr'>est‚.a</span> <span class='ocrx_word' id='word_1_397' title='bbox 486 2925 574 2972; x_wconf 89' lang='lat' dir='ltr'>suis</span> <span class='ocrx_word' id='word_1_398' title='bbox 597 2925 852 2979; x_wconf 77' lang='lat' dir='ltr'>destitutuS,</span> <span class='ocrx_word' id='word_1_399' title='bbox 876 2924 1008 2972; x_wconf 84' lang='lat' dir='ltr'>vivus</span> <span class='ocrx_word' id='word_1_400' title='bbox 1030 2923 1079 2970; x_wconf 85' lang='lat' dir='ltr'>in</span> <span class='ocrx_word' id='word_1_401' title='bbox 1101 2923 1298 2970; x_wconf 87' lang='lat' dir='ltr'>hostium</span> <span class='ocrx_word' id='word_1_402' title='bbox 1320 2938 1482 2981; x_wconf 79' lang='lat' dir='ltr'>manus</span> <span class='ocrx_word' id='word_1_403' title='bbox 1505 2921 1729 2978; x_wconf 47' lang='lat' dir='ltr'>veninat</span> <span class='ocrx_word' id='word_1_404' title='bbox 1763 2922 1811 2972; x_wconf 91' lang='lat' dir='ltr'>in</span> <span class='ocrx_word' id='word_1_405' title='bbox 1834 2940 1917 2972; x_wconf 89' lang='lat' dir='ltr'>cu-</span> 
     </span>
     <span class='ocr_line' id='line_1_44' title="bbox 126 2985 1918 3054; baseline 0.001 -19"><span class='ocrx_word' id='word_1_406' title='bbox 126 2988 319 3038; x_wconf 81' lang='lat' dir='ltr'>stodiam</span> <span class='ocrx_word' id='word_1_407' title='bbox 340 2990 578 3054; x_wconf 85' lang='lat' dir='ltr'>publicam</span> <span class='ocrx_word' id='word_1_408' title='bbox 596 2991 828 3052; x_wconf 74' lang='lat' dir='ltr'>conjeftus</span> <span class='ocrx_word' id='word_1_409' title='bbox 851 2990 927 3036; x_wconf 78' lang='lat' dir='ltr'>est.</span> <span class='ocrx_word' id='word_1_410' title='bbox 974 2986 1251 3042; x_wconf 76' lang='lat' dir='ltr'>Cadassano,</span> <span class='ocrx_word' id='word_1_411' title='bbox 1275 2985 1358 3050; x_wconf 88' lang='lat' dir='ltr'>qui</span> <span class='ocrx_word' id='word_1_412' title='bbox 1381 2996 1466 3050; x_wconf 78' lang='lat' dir='ltr'>pro</span> <span class='ocrx_word' id='word_1_413' title='bbox 1488 2987 1618 3051; x_wconf 87' lang='lat' dir='ltr'>Rege</span> <span class='ocrx_word' id='word_1_414' title='bbox 1640 2987 1683 3034; x_wconf 86' lang='lat' dir='ltr'>ei</span> <span class='ocrx_word' id='word_1_415' title='bbox 1707 2986 1918 3037; x_wconf 66' lang='lat' dir='ltr'>suffefiius</span> 
     </span>
     <span class='ocr_line' id='line_1_45' title="bbox 124 3050 1917 3118; baseline 0.004 -25"><span class='ocrx_word' id='word_1_416' title='bbox 124 3065 240 3110; x_wconf 68' lang='lat' dir='ltr'>orat,</span> <span class='ocrx_word' id='word_1_417' title='bbox 261 3066 456 3118; x_wconf 68' lang='lat' dir='ltr'>rogante</span> <span class='ocrx_word' id='word_1_418' title='bbox 476 3055 535 3101; x_wconf 85' lang='lat' dir='ltr'>de</span> <span class='ocrx_word' id='word_1_419' title='bbox 568 3071 712 3117; x_wconf 88' lang='lat' dir='ltr'>poena</span> <span class='ocrx_word' id='word_1_420' title='bbox 729 3055 845 3116; x_wconf 72' lang='lat' dir='ltr'>ejus,</span> <span class='ocrx_word' id='word_1_421' title='bbox 868 3053 916 3101; x_wconf 88' lang='lat' dir='ltr'>in</span> <span class='ocrx_word' id='word_1_422' title='bbox 951 3064 1178 3117; x_wconf 82' lang='lat' dir='ltr'>perpetua</span> <span class='ocrx_word' id='word_1_423' title='bbox 1194 3050 1385 3098; x_wconf 74' lang='lat' dir='ltr'>&#39;vincula</span> <span class='ocrx_word' id='word_1_424' title='bbox 1418 3051 1481 3097; x_wconf 79' lang='lat' dir='ltr'>est</span> <span class='ocrx_word' id='word_1_425' title='bbox 1513 3051 1772 3100; x_wconf 77' lang='lat' dir='ltr'>damnatus·</span> <span class='ocrx_word' id='word_1_426' title='bbox 1842 3053 1917 3104; x_wconf 84' lang='lat' dir='ltr'>Ibi</span> 
     </span>
     <span class='ocr_line' id='line_1_46' title="bbox 122 3114 1915 3181; baseline 0.001 -19"><span class='ocrx_word' id='word_1_427' title='bbox 122 3117 393 3180; x_wconf 81' lang='lat' dir='ltr'>quidamex</span> <span class='ocrx_word' id='word_1_428' title='bbox 413 3117 613 3166; x_wconf 82' lang='lat' dir='ltr'>inimicis</span> <span class='ocrx_word' id='word_1_429' title='bbox 635 3120 844 3181; x_wconf 86' lang='lat' dir='ltr'>priorum</span> <span class='ocrx_word' id='word_1_430' title='bbox 865 3118 1140 3165; x_wconf 80' lang='lat' dir='ltr'>offensarum</span> <span class='ocrx_word' id='word_1_431' title='bbox 1162 3131 1339 3162; x_wconf 87' lang='lat' dir='ltr'>memor</span> <span class='ocrx_word' id='word_1_432' title='bbox 1360 3114 1386 3162; x_wconf 76' lang='grc' dir='ltr'><strong>ἐ</strong></span> <span class='ocrx_word' id='word_1_433' title='bbox 1405 3115 1530 3163; x_wconf 89' lang='lat' dir='ltr'>caede</span> <span class='ocrx_word' id='word_1_434' title='bbox 1546 3115 1691 3180; x_wconf 81' lang='lat' dir='ltr'>Regis</span> <span class='ocrx_word' id='word_1_435' title='bbox 1713 3117 1787 3164; x_wconf 90' lang='lat' dir='ltr'>vel</span> <span class='ocrx_word' id='word_1_436' title='bbox 1804 3132 1915 3180; x_wconf 87' lang='lat' dir='ltr'>pro·-</span> 
     </span>
     <span class='ocr_line' id='line_1_47' title="bbox 121 3177 1914 3247; baseline 0.001 -20"><span class='ocrx_word' id='word_1_437' title='bbox 121 3179 278 3230; x_wconf 86' lang='lat' dir='ltr'>cerum</span> <span class='ocrx_word' id='word_1_438' title='bbox 302 3182 519 3247; x_wconf 76' lang='lat' dir='ltr'>gratiam,</span> <span class='ocrx_word' id='word_1_439' title='bbox 543 3185 616 3229; x_wconf 89' lang='lat' dir='ltr'>vel</span> <span class='ocrx_word' id='word_1_440' title='bbox 634 3177 790 3230; x_wconf 82' lang='lat' dir='ltr'>saltem</span> <span class='ocrx_word' id='word_1_441' title='bbox 811 3181 1137 3247; x_wconf 86' lang='lat' dir='ltr'>impunitatem</span> <span class='ocrx_word' id='word_1_442' title='bbox 1159 3177 1357 3244; x_wconf 85' lang='lat' dir='ltr'>sperans,</span> <span class='ocrx_word' id='word_1_443' title='bbox 1382 3196 1489 3226; x_wconf 88' lang='lat' dir='ltr'>eum</span> <span class='ocrx_word' id='word_1_444' title='bbox 1511 3182 1650 3228; x_wconf 58' lang='lat' dir='ltr'>nediu</span> <span class='ocrx_word' id='word_1_445' title='bbox 1666 3179 1715 3227; x_wconf 81' lang='lat' dir='ltr'>in</span> <span class='ocrx_word' id='word_1_446' title='bbox 1733 3197 1914 3229; x_wconf 88' lang='lat' dir='ltr'>carcere</span> 
     </span>
     <span class='ocr_line' id='line_1_48' title="bbox 121 3243 1926 3312; baseline -0.001 -19"><span class='ocrx_word' id='word_1_447' title='bbox 121 3245 438 3312; x_wconf 80' lang='lat' dir='ltr'>strangulavit,</span> <span class='ocrx_word' id='word_1_448' title='bbox 463 3263 570 3295; x_wconf 85' lang='lat' dir='ltr'>cum</span> <span class='ocrx_word' id='word_1_449' title='bbox 587 3247 684 3308; x_wconf 88' lang='lat' dir='ltr'>jam</span> <span class='ocrx_word' id='word_1_450' title='bbox 708 3247 880 3308; x_wconf 88' lang='lat' dir='ltr'>septem</span> <span class='ocrx_word' id='word_1_451' title='bbox 915 3263 1063 3295; x_wconf 86' lang='lat' dir='ltr'>annos</span> <span class='ocrx_word' id='word_1_452' title='bbox 1080 3243 1318 3309; x_wconf 68' lang='lat' dir='ltr'>regnasset.</span> <span class='ocrx_word' id='word_1_453' title='bbox 1386 3243 1499 3306; x_wconf 73' lang='lat' dir='ltr'>Ejus</span> <span class='ocrx_word' id='word_1_454' title='bbox 1518 3243 1734 3293; x_wconf 82' lang='lat' dir='ltr'>facinoris</span> <span class='ocrx_word' id='word_1_455' title='bbox 1755 3248 1926 3294; x_wconf 67' lang='lat' dir='ltr'>auctor·</span> 
     </span>
     <span class='ocr_line' id='line_1_49' title="bbox 119 3308 1909 3378; baseline 0 -21"><span class='ocrx_word' id='word_1_456' title='bbox 119 3308 263 3367; x_wconf 64' lang='lat' dir='ltr'>sracta</span> <span class='ocrx_word' id='word_1_457' title='bbox 276 3312 392 3378; x_wconf 79' lang='lat' dir='ltr'>gula</span> <span class='ocrx_word' id='word_1_458' title='bbox 411 3311 682 3375; x_wconf 79' lang='lat' dir='ltr'>poenas-luit</span> <span class='ocrx_word' id='word_1_459' title='bbox 701 3313 812 3374; x_wconf 36' lang='grc' dir='ltr'>(ξπ).Δ</span> <span class='ocrx_word' id='word_1_460' title='bbox 914 3371 917 3373; x_wconf 76' lang='lat'><em>.</em></span> <span class='ocrx_word' id='word_1_461' title='bbox 1095 3367 1100 3372; x_wconf 21' lang='grc' dir='ltr'><strong>Α</strong></span> <span class='ocrx_word' id='word_1_462' title='bbox 1125 3370 1129 3376; x_wconf 30' lang='lat'>¹</span> <span class='ocrx_word' id='word_1_463' title='bbox 1496 3314 1502 3316; x_wconf 68' lang='grc'>’</span> <span class='ocrx_word' id='word_1_464' title='bbox 1905 3314 1909 3318; x_wconf 86' lang='grc'><strong>’</strong></span> 
     </span>
     <span class='ocr_line' id='line_1_50' title="bbox 491 3381 1721 3444; baseline -0.007 -10"><span class='ocrx_word' id='word_1_465' title='bbox 491 3440 497 3444; x_wconf 68' lang='lat'>‚</span> <span class='ocrx_word' id='word_1_466' title='bbox 818 3384 979 3432; x_wconf 75' lang='lat' dir='ltr'><strong>XVII.</strong></span> <span class='ocrx_word' id='word_1_467' title='bbox 1012 3383 1056 3430; x_wconf 89' lang='lat' dir='ltr'>R</span> <span class='ocrx_word' id='word_1_468' title='bbox 1081 3383 1120 3430; x_wconf 91' lang='lat' dir='ltr'><strong>E</strong></span> <span class='ocrx_word' id='word_1_469' title='bbox 1143 3381 1205 3429; x_wconf 66' lang='lat' dir='ltr'>X}</span> <span class='ocrx_word' id='word_1_470' title='bbox 1532 3426 1534 3428; x_wconf 77' lang='grc'>,</span> <span class='ocrx_word' id='word_1_471' title='bbox 1717 3420 1721 3425; x_wconf 92' lang='grc'><strong>.</strong></span> 
     </span>
    </p>

    <p class='ocr_par' dir='ltr' id='par_1_6' title="bbox 183 3443 1922 3513">
     <span class='ocr_line' id='line_1_51' title="bbox 183 3443 1922 3513; baseline -0.001 -18"><span class='ocrx_word' id='word_1_472' title='bbox 183 3449 344 3499; x_wconf 63' lang='lat' dir='ltr'>XXI-1⁴2</span> <span class='ocrx_word' id='word_1_473' title='bbox 377 3448 738 3503; x_wconf 72' lang='lat' dir='ltr'><strong>SECU‘EUS</strong></span> <span class='ocrx_word' id='word_1_474' title='bbox 769 3450 831 3497; x_wconf 80' lang='lat' dir='ltr'>est</span> <span class='ocrx_word' id='word_1_475' title='bbox 851 3444 1620 3513; x_wconf 27' lang='lat' dir='ltr'>Metellanus·Ederi&#39;s&#39;propinquus,</span> <span class='ocrx_word' id='word_1_476' title='bbox 1640 3450 1733 3495; x_wconf 75' lang='lat' dir='ltr'>n&#39;on</span> <span class='ocrx_word' id='word_1_477' title='bbox 1755 3443 1922 3494; x_wconf 61' lang='lat' dir='ltr'>minue</span> 
     </span>
    </p>
   </div>
   <div class='ocr_carea' id='block_1_6' title="bbox 171 3578 1936 3678">
    <p class='ocr_par' dir='ltr' id='par_1_7' title="bbox 171 3578 1936 3678">
     <span class='ocr_line' id='line_1_52' title="bbox 171 3578 1916 3674; baseline -0.013 -49"><span class='ocrx_word' id='word_1_478' title='bbox 171 3579 236 3630; x_wconf 82' lang='lat'>(1)</span> <span class='ocrx_word' id='word_1_479' title='bbox 264 3581 357 3622; x_wconf 81' lang='lat' dir='ltr'>Was</span> <span class='ocrx_word' id='word_1_480' title='bbox 375 3581 522 3632; x_wconf 79' lang='lat' dir='ltr'>hanged</span> <span class='ocrx_word' id='word_1_481' title='bbox 540 3595 582 3623; x_wconf 86' lang='lat' dir='ltr'>or</span> <span class='ocrx_word' id='word_1_482' title='bbox 599 3579 779 3630; x_wconf 68' lang='lat' dir='ltr'>§trangled</span> <span class='ocrx_word' id='word_1_483' title='bbox 799 3585 837 3618; x_wconf 89' lang='lat' dir='ltr'>to</span> <span class='ocrx_word' id='word_1_484' title='bbox 855 3578 984 3619; x_wconf 82' lang='lat' dir='ltr'>death.</span> <span class='ocrx_word' id='word_1_485' title='bbox 1268 3623 1271 3627; x_wconf 27' lang='lat'><strong>⁴</strong></span> <span class='ocrx_word' id='word_1_486' title='bbox 1313 3635 1317 3642; x_wconf 68' lang='lat'>,</span> <span class='ocrx_word' id='word_1_487' title='bbox 1569 3601 1571 3605; x_wconf 90' lang='lat'><em>.</em></span> <span class='ocrx_word' id='word_1_488' title='bbox 1877 3624 1916 3674; x_wconf 65' lang='lat' dir='ltr'>b</span> 
     </span>
     <span class='ocr_line' id='line_1_53' title="bbox 203 3641 1936 3678; baseline -0.017 0"><span class='ocrx_word' id='word_1_489' title='bbox 203 3672 206 3678; x_wconf 92' lang='lat'>.</span> <span class='ocrx_word' id='word_1_490' title='bbox 1847 3641 1877 3674; x_wconf 71' lang='grc' dir='ltr'>ο</span> <span class='ocrx_word' id='word_1_491' title='bbox 1918 3655 1936 3665; x_wconf 61' lang='lat'>„</span> 
     </span>
    </p>
   </div>
   <div class='ocr_carea' id='block_1_7' title="bbox 1801 3683 1821 3690">
    <p class='ocr_par' dir='ltr' id='par_1_8' title="bbox 1801 3683 1821 3690">
     <span class='ocr_line' id='line_1_54' title="bbox 1801 3683 1821 3690; baseline 0 0"><span class='ocrx_word' id='word_1_492' title='bbox 1801 3683 1821 3690; x_wconf 48' lang='grc' dir='ltr'>ᾳ</span> 
     </span>
    </p>
   </div>
  </div>
 </body>
</html>
