2010 3851
387 147 803 229 A‘PUD
898 139 1456 226 scortes.
1745 176 1836 239 37

65 260 117 310 Fi
109 279 210 326 nge
223 261 417 310 Paulum
440 260 509 305 his
534 261 816 321 temporibus
840 259 1007 314 vivere,
1041 258 1207 322 quibus
1232 275 1322 304 non
1348 261 1501 306 modo
1499 257 1723 322 populus,
1758 257 1836 305 sed

63 328 299 389 Principes
321 326 459 372 etiam
485 325 791 371 Christianum
814 341 978 370 nomen
998 325 1282 387 profitentur.
1354 323 1422 368 Sit
1442 340 1479 369 e:
1483 326 1601 370 >dem
1627 337 1834 384 tempore

64 392 279 453 Princeps
304 388 580 452 aliqui8,qui
604 406 695 434 non
720 389 858 434 modo
882 389 1005 451 leges
1030 390 1266 440 humanas,
1291 386 1364 433 sed
1387 387 1523 433 etiarn
1547 388 1722 433 divinas
1746 386 1833 431 suae

62 455 249 502 libidini
270 453 446 500 censeat
468 454 689 499 obnoxias
715 454 798 499 ess'e
821 453 936 498 deb(
924 470 1025 499 re
1058 451 1138 514 qui
1160 453 1236 499 sua
1259 467 1348 498 non
1374 451 1512 497 modo
1536 451 1686 497 decre
1677 468 1731 503 a,
1759 450 1831 496 sed

64 521 125 565 et?
132 536 202 566 am
221 531 372 570 nutus,
393 533 487 578 pro
476 518 668 579 tlegibus
688 517 843 562 haberi
873 516 1015 564 velit:
1043 518 1140 578 qui,
1164 530 1211 562 ut
1233 515 1383 578 inquit
1402 514 1540 561 illem
1562 516 1596 559 F,
1603 514 1839 576 vangelio,

65 585 206 646 Neque
222 585 367 632 Deum
380 587 543 635 timeat,
568 599 689 644 neque
710 597 962 630 revereatur
979 584 1198 627 homines.
1220 596 1296 642 qui
1320 580 1618 626 Ecclefiarum
1641 595 1833 638 proven-

64 659 136 694 tus
133 603 313 693 ql‘curris
338 654 377 692 δε
401 646 732 699 balatronibus,
768 661 826 689 ne
844 646 956 706 quid
981 646 1170 706 nequius
1195 644 1364 696 dicam,
1402 643 1613 689 diuidat:
1649 643 1728 703 qui
1748 644 1833 688 sm-

66 712 250 757 cerioris
273 709 519 773 religionis
546 710 744 755 cultores
767 708 968 763 irrideat,
1007 714 1053 756 ὃς
1078 725 1160 771 pro
1184 708 1353 755 stolidis
1377 712 1424 757 δε
1448 708 1610 754 insanis
1631 706 1830 753 habeat:

64 775 195 841 quid
204 776 261 822 de
285 775 353 821 his
390 775 555 821 Paulus
579 774 638 818 ad
670 773 916 823 Ecclesiam
941 773 1151 819 scriberet
1175 777 1193 820 ?
1229 772 1276 819 Si
1300 772 1377 818 fibi
1401 772 1651 822 consentire
1692 771 1834 820 volet,

63 856 168 886 eum
192 841 235 886 se
259 855 351 902 pro
362 838 620 901 magistratu
644 837 906 884 habiturum
933 836 1151 899 negabit:
1176 836 1445 884 Christianis
1458 838 1672 884 omnibus
1696 836 1840 881 inter-

61 905 205 959 dicet,
238 921 294 950 ne
322 905 552 955 convictu,
587 918 641 947 ne
665 902 917 975 colloquio,
944 920 998 949 ne
1017 901 1342 952 consuetudine
1364 901 1457 962 cJ'us
1483 914 1681 948 utuntur.
1753 900 1846 946 Ci-

61 968 224 1014 vilium
249 970 352 1031 le'gu
360 985 405 1013 m
429 981 581 1030 paenas
606 966 783 1012 civibus
803 967 1046 1034 relinquet.
1082 966 1187 1012 Nec
1210 982 1372 1029 praeter
1389 967 1589 1013 officium
1614 981 1689 1011 eos
1713 964 1839 1010 face-

64 1051 112 1079 re
136 1032 426 1086 existimabit,
469 1032 498 1077 fi
527 1047 633 1076 curn
657 1047 748 1093 quo
772 1033 874 1093 lege
896 1029 1054 1078 divina
1080 1032 1256 1077 nullum
1278 1032 1346 1076 eit
1360 1030 1464 1098 ipsis
1488 1030 1842 1089 commercium,

64 1115 168 1143 eum
196 1115 250 1143 ne
275 1097 400 1143 suum
426 1097 508 1143 effe
537 1098 709 1159 Regem
734 1096 1025 1141 arbitrentur.

129 1163 323 1211 LXXI.
338 1163 401 1206 At
426 1177 517 1206 non
550 1161 696 1206 deerit
718 1176 773 1206 ex
796 1160 944 1206 aulica
968 1159 1196 1212 servitute,-
1232 1158 1330 1221 qui,
1363 1158 1548 1220 quando
1572 1157 1838 1221 perfugium

65 1228 302 1273 honestum
324 1242 422 1272 non·
438 1225 660 1288 suppetet,
682 1241 736 1271 eo
759 1224 1060 1285 impudentiae
1083 1225 1318 1287 perveniat
1343 1238 1391 1270 ut
1413 1223 1552 1277 dicat,
1587 1224 1738 1269 Deum
1758 1239 1841 1284 po·

64 1292 184 1354 pulis
209 1290 378 1337 iratum
414 1290 694 1350 Tyrannos
683 1290 967 1335 immittere:
977 1305 1120 1350 quos
1143 1288 1269 1335 velut
1304 1289 1362 1335 ad
1386 1305 1540 1350 poenas
1565 1304 1698 1349 expe
1685 1289 1843 1334 tendas

68 1356 300 1405 carnifices
325 1355 581 1407 constituat.
652 1354 792 1421 Qod
827 1366 875 1399 ut
902 1370 1059 1399 verum
1086 1353 1245 1406 fatear,
1285 1366 1435 1402 tamen
1459 1352 1577 1398 illud
1612 1368 1740 1414 aeque
1766 1369 1844 1398 ve-

69 1438 172 1466 rum
197 1422 275 1476 est,
317 1420 470 1466 Deum
497 1420 759 1481 plerunque
789 1418 846 1463 de
872 1418 1005 1479 plebe
1040 1418 1196 1464 infima
1214 1417 1423 1464 homines
1448 1421 1674 1465 tenues&
1697 1432 1842 1479 prope

61 1484 250 1557 {gfotos
288 1485 486 1530 excitare
521 1483 771 1546 tyrannicae
808 1481 1028 1543 superbiae
1053 1485 1098 1530 ὃς
1137 1481 1424 1555 impotentiae
1462 1500 1499 1529 u
1493 1483 1644 1528 tores.
1714 1482 1843 1527 Deus

66 1566 191 1602 enim
214 1549 301 1609 (uti
324 1562 427 1595 ante
445 1549 620 1594 dietum
644 1550 724 1605 est)
745 1549 912 1592 malum
938 1564 962 1592 e
985 1545 1143 1592 medio
1160 1546 1292 1592 tolli
1276 1563 1355 1607 Ju
1354 1563 1440 1593 et.
1468 1562 1556 1608 neq
1563 1562 1615 1604 ue
1633 1546 1844 1592 ordinem

69 1627 149 1666 aut
171 1614 323 1665 sexum
349 1626 427 1659 aut
448 1613 583 1658 condi
591 1612 781 1664 tionem,
807 1625 858 1656 ac
882 1627 937 1657 ne
959 1611 1194 1657 hominem
1219 1612 1406 1673 quidem
1431 1608 1620 1677 excipit.
1672 1611 1844 1674 Neque

68 1680 191 1727 enim
218 1676 495 1740 acceptiores
520 1676 591 1722 illi
615 1676 714 1723 sunt
741 1677 892 1737 Reges
916 1692 1052 1739 quam
1079 1675 1295 1721 mendici.
1365 1678 1530 1749 ltaque
1553 1692 1656 1722 vere
1679 1677 1843 1722 affeve—

69 1761 166 1789 rare
192 1744 435 1805 possumuS,
477 1741 630 1787 Deum
655 1757 781 1786 omni
789 1757 864 1786 um
888 1756 944 1786 ex
969 1757 1102 1804 aequ-o
1125 1753 1318 1803 patrem,
1354 1756 1378 1786 c
1408 1758 1481 1801 Jus
1507 1740 1843 1804 providentiam

69 1808 187 1855 nihil
213 1809 338 1861 latet,
378 1806 598 1868 potentiae
622 1806 736 1853 nihil
763 1807 839 1852 reli
843 1805 930 1858 stit,
950 1807 1142 1860 vnullum
1167 1805 1306 1851 scelus
1348 1806 1537 1868 impune
1561 1805 1639 1850 reli
1648 1807 1842 1852 Sturum.

71 1875 214 1920 Porro
234 1872 390 1918 existet
413 1871 527 1918 alius
551 1871 641 1935 qui-
655 1870 807 1932 polcet
831 1886 854 1914 e
876 1867 1017 1916 literis
1041 1868 1352 1915 sacratioribus
1371 1872 1639 1933 exemplum
1656 1870 1794 1931 Regis
1819 1887 1860 1924 a⁴

71 1938 250 1984 civibus
277 1938 426 1999 puniti
455 1953 465 1981 :
501 1935 626 1998 quod
653 1936 688 1980 li
706 1934 906 1995 proferre
939 1949 1028 1980 non
1055 1934 1240 1995 poffem,
1276 1951 1376 1981 non
1394 1949 1607 1995 protenus
1632 1935 1860 1981 effectum.

69 2001 173 2057 erit,
196 2014 244 2048 ut
268 2000 394 2063 quod
416 2001 512 2046 iilic
534 1997 704 2051 {aetum
729 2015 818 2045 non
843 1999 961 2061 lega
950 2016 1069 2051 nus.
1089 1998 1135 2043 id
1163 2015 1243 2070 pr)
1263 1998 1345 2045 scel
1335 2002 1441 2046 lesto
1465 2016 1516 2046 ac
1538 1998 1710 2048 nefario
1735 2001 1859 2046 con-.-

72 2067 218 2113 festim
243 2067 478 2111 habeatur.
525 2064 733 2110 Possum
749 2065 868 2125 apul
897 2064 1060 2108 multas
1084 2063 1307 2126 nationes,
1332 2064 1550 2131 plurimas
1574 2079 1641 2109 ac
1638 2063 1863 2115 salubera„

72 2131 210 2178 rimas
231 2129 456 2177 recensere
480 2129 621 2192 16365,
635 2144 851 2200 ’quarum
875 2127 920 2173 in
957 2127 1086 2173 sacris
1110 2127 1238 2173 libris
1275 2132 1450 2179 nullum
1474 2130 1535 2174 est
1565 2130 1848 2189 exemplum.

75 2197 202 2243 Nam
231 2208 280 2241 ut
313 2194 522 2240 omniurn
562 2193 791 2240 rationum
823 2193 1057 2239 consenlus
1084 2191 1375 2254 approbavit,
1417 2205 1466 2239 ut
1487 2211 1589 2256 quae
1614 2193 1688 2238 lex
1714 2193 1865 2252 jubet„

74 2262 316 2324 justa,quae
340 2273 479 2313 vetat,
504 2258 681 2320 injusta,
708 2258 757 2302 h
754 2257 960 2303 beantur
979 2276 999 2315 ;
1027 2258 1091 2302 ita
1114 2258 1240 2311 nulla
1264 2273 1463 2327 unquam
1488 2255 1728 2309 h0112’1..um
1754 2275 1850 2304 rne-

79 2326 224 2371 moria
249 2336 335 2370 vet
345 2336 438 2369 tum
459 2323 536 2375 est,
561 2336 608 2368 ut
629 2337 736 2384 quo
727 2321 754 2367 1
772 2321 952 2382 legibus
975 2336 1064 2366 non
1089 2323 1415 2375 contineretur,
1437 2321 1484 2369 id
1505 2340 1560 2369 ne
1582 2322 1771 2369 omnino
1799 2323 1852 2370 fi-

77 2404 190 2436 eret.
259 2387 457 2434 Servitus
482 2387 604 2434 enim
635 2387 713 2432 ista
737 2403 820 2436 nec
859 2402 1058 2448 unquam
1080 2399 1264 2448 recepta
1285 2388 1361 2441 elt,
1404 2402 1489 2434 nec
1510 2404 1660 2436 rerum
1692 2402 1862 2441 natura,

79 2468 173 2500 tam
198 2452 410 2499 faecunda
433 2469 654 2498 novorum
680 2449 995 2513 exemplorum
1025 2467 1132 2502 eum
1155 2451 1295 2516 recipi
1318 2451 1530 2513 patietur,
1555 2464 1601 2498 ut
1623 2453 1852 2515 quicquid

77 2521 181 2588 lege
205 2517 540 2579 aitquajuss'um
565 2532 654 2562 non
682 2517 749 2570 fit,
773 2530 851 2561 aut
874 2515 1028 2561 illustr
1020 2532 1030 2559 1
1054 2517 1269 2588 exemplo
1291 2516 1541 2578 proditum,
1570 2533 1650 2579 pro
1676 2518 1849 2563 nefario

76 2591 121 2632 ὅ
149 2589 363 2629 {celerato
387 2582 438 2627 fit
460 2582 740 2628 habendum.
811 2582 971 2643 Itaque
998 2580 1026 2625 [Ξ
1051 2581 1153 2641 quis
1176 2597 1231 2627 ex
1253 2597 1325 2626 me
1347 2582 1547 2645 requirat
1582 2584 1848 2642 exemplum

74 2665 100 2693 e
126 2645 352 2693 sacrorum
379 2647 550 2694 volum
559 2662 669 2692 num
689 2644 837 2699 libris,
881 2657 959 2689 uoi
983 2647 1206 2691 mulorum
1245 2646 1428 2707 Regum
1456 2662 1592 2709 poena
1613 2648 1864 2707 probetur,

75 2728 112 2758 e
105 2726 165 2775 ιο
191 2712 273 2757 vic
281 2711 373 2756 ffim
396 2713 454 2756 ab
473 2711 558 2757 illo
581 2725 733 2773 petam
759 2710 836 2756 ubi
856 2710 1232 2771 reprehendatur.
1299 2712 1440 2771 Qod
1463 2712 1491 2757 si
1517 2711 1629 2757 nihil
1662 2712 1750 2756 fine
1774 2727 1854 2766 ex2

77 2778 239 2840 emplo
270 2775 369 2838 geri
391 2776 557 2836 placet,
595 2789 737 2838 quota
758 2774 965 2821 civilium
1001 2775 1306 2821 institutorum
1333 2792 1431 2836 pars
1455 2776 1586 2821 nobis
1617 2775 1796 2822 restabit
1832 2780 1849 2819 ?

74 2855 217 2906 quota
240 2841 350 2886 item
377 2842 498 2902 iegu
503 2859 529 2885 ιι
555 2843 579 2886 ἓ
614 2841 820 2886 Maxima
838 2840 960 2885 enim
980 2850 1134 2885 earum
1161 2856 1260 2900 pars
1281 2856 1372 2885 non
1396 2856 1452 2885 ex
1475 2841 1613 2886 teteri
1635 2841 1861 2903 exemplo.

78 2908 137 2952 est
158 2905 409 2966 ἀεᾞυηιρῑι,
431 2903 472 2950 s
476 2905 505 2951 d
527 2904 736 2951 adversus
758 2921 897 2950 novas
921 2908 969 2952 δε
994 2903 1084 2949 sine
1106 2903 1320 2966 exemplo
1343 2903 1525 2951 fraudes
1547 2904 1757 2958 sancitas

51 3018 55 3026 f
143 2970 343 3021 LXKH¹
381 2969 502 3015 Sed
487 2984 582 3029 Jam
605 2971 738 3031 plura
760 2985 900 3042 quam
924 2969 1093 3014 necefl'e
1115 2983 1226 3022 erat,
1261 2969 1585 3041 exemplorum
1605 2957 1856 3031 postulato

78 3033 163 3081 rib
171 3051 205 3085 :s
227 3050 288 3080 re
284 3035 555 3095 'pondirnus
631 3033 772 3097 Qod
795 3035 826 3079 si
859 3034 1110 3094 judeorum
1135 3034 1286 3098 Reges
1326 3050 1351 3078 a
1373 3035 1461 3078 civi
1453 3035 1556 3082 bus
1573 3034 1724 3096 puniti
1763 3049 1864 3079 nort

79 3098 199 3153 funt,
240 3099 285 3143 hi
313 3114 403 3143 non
441 3113 720 3169 magnopere
744 3097 801 3142 ad
837 3098 1037 3145 nostium,
1059 3098 1313 3143 institutum
1337 3097 1528 3144 faciunt.
1597 3098 1708 3144 Νοιι
1732 3099 1871 3143 eninm

79 3165 138 3208 ab
162 3161 309 3209 initio
322 3178 347 3207 a
369 3160 545 3207 civibus
567 3161 725 3216 creati,
766 3162 839 3209 sed
862 3179 887 3206 a
909 3162 1013 3213 Deo
1037 3161 1128 3208 illis
1161 3161 1257 3208 dati
1280 3162 1712 3222 fuerunt.1taque
1734 3163 1858 3222 opti-

82 3242 161 3272 mo
178 3226 298 3287 jure,
331 3228 408 3287 qui
435 3225 621 3272 honoris
644 3226 709 3272 eis
731 3239 826 3272 erat
849 3229 1023 3281 auctor,
1058 3226 1182 3273 idem
1207 3232 1254 3274 ὅ(
1280 3242 1519 3288 poenarum
1548 3226 1636 3271 luit
1658 3230 1856 3271 exactor

83 3290 188 3339 Nos
211 3290 432 3335 autemid
448 3290 786 3345 contendimus,
801 3291 1032 3352 populum
1055 3307 1081 3336 a
1103 3307 1196 3354 quo
1211 3292 1362 3363 Reges
1386 3291 1519 3345 nostxi
1539 3290 1710 3348 habent
1729 3289 1861 3350 quic-

81 3355 198 3417 quid
230 3353 344 3414 juris
369 3352 448 3398 sibi
472 3353 726 3407 vindicant,
768 3356 974 3418 Regibus
997 3356 1082 3401 effe
1105 3357 1449 3416 potentiorem:
1478 3354 1642 3416 jusque
1668 3353 1823 3398 idem
1814 3369 1861 3398 m

82 3435 132 3464 e
127 3435 160 3463 s
184 3418 350 3463 habere
372 3417 738 3473 multitudinem,
773 3420 896 3482 quod
926 3419 1026 3465 illi'
1015 3431 1063 3465 ιιι
1088 3421 1287 3482 ling-ulos
1309 3436 1334 3465 e
1359 3419 1653 3464 multitudine
1676 3418 1864 3462 habent

86 3483 262 3530 Omnia
284 3482 475 3527 aliarum
515 3484 723 3544 gentium
749 3499 853 3545 quae
876 3483 957 3528 sub
993 3483 1216 3545 legitimis
1241 3484 1445 3545 Regibus
1469 3481 1679 3543 degunt
1662 3497 1766 3541 Jura
1790 3497 1872 3526 no-

84 3548 131 3593 b
139 3546 259 3592 scum
285 3544 494 3591 faciunt:
522 3561 682 3592 omnes
707 3548 911 3592 nationes
937 3549 1040 3609 quae
1040 3525 1270 3611 *Regibus
1294 3564 1319 3592 a
1341 3547 1382 3591 se
1406 3547 1558 3591 electis
1585 3558 1759 3606 parent,
1788 3546 1876 3590 hoc

84 3609 396 3668 communiter
414 3624 471 3657 ιε
475 3609 630 3666 stiunt,
648 3610 877 3674 quicquid
899 3613 1013 3672 juris
1034 3616 1172 3659 alicui
1192 3613 1389 3674 populus
1410 3607 1607 3667 dederit,
1627 3612 1715 3657 ide
1708 3627 1748 3666 ιι
1770 3625 1874 3666 eum

723 3676 768 3721 A
802 3690 827 3721 a
858 3691 883 3721 a
915 3691 941 3721 a
974 3692 998 3723 a
1054 3691 1080 3720 2
1736 3673 1899 3733 justis

1204 3769 1225 3793 A
