2107 3862
483 155 817 220 Linea
910 151 1456 216 Sncunnuae.
1817 166 1899 231 39

123 258 278 307 ‘tendit
298 256 524 317 Trojanos
558 255 614 300 ab
650 251 822 300 ultimis
842 250 984 313 usque
1020 247 1282 311 primordiis
1323 262 1489 310 genere
1525 241 1716 292 Graecos
1754 243 1898 305 fuisse.

129 323 254 374 Illud
272 338 378 367 vero
403 332 637 382 praetereo‚
656 318 782 379 quod
802 332 908 362 cum
921 315 973 360 in
996 311 1215 376 Angliam
1235 311 1473 372 appulisset
1492 326 1595 355 cum
1616 327 1706 356 non
1729 324 1900 371 magno

122 385 366 439 comitatu,
392 385 626 446 quomodo
658 382 778 428 intra
797 378 966 442 viginti
990 394 1212 423 annorum
1245 375 1438 437 spatium
1463 373 1549 419 tria
1572 390 1711 436 regna
1739 372 1901 419 condi-

127 450 266 510 derit,
295 455 337 499 &
381 449 462 511 qui
500 448 692 494 universi
729 446 777 491 in
800 445 951 506 primo
973 443 1175 488 adventu
1198 439 1444 486 vitta-unius
1482 437 1673 483 modicas
1706 436 1901 483 coloniae

126 530 370 563 numerum
407 513 591 574 explere
629 522 851 572 poterant,
889 522 982 554 tarn
1017 504 1142 552 brevi
1178 503 1370 550 ins.lam
1393 502 1516 548 orbis
1543 501 1785 547 maximam
1808 518 1904 549 non

125 578 258 641 pagis
283 577 421 624 modo
445 582 484 623 δε
509 575 720 628 urbibus,
740 574 810 619 led
831 571 975 624 tribus
999 569 1149 632 regnis
1172 565 1450 630 ampliflimis
1468 565 1738 628 occuparint
1763 585 1772 611 ;
1799 565 1905 627 qui-

127 659 218 704 que
238 643 374 704 paulo
398 643 492 703 post
511 640 771 692 abundante
795 635 1108 688 multitudine,
1131 650 1213 679 nec
1238 630 1564 692 Britannia>(ut
1581 629 1779 686 videtur)
1802 647 1903 676 eam

121 705 338 766 capiente
362 703 662 751 Germaniam
698 700 930 765 regionem
970 712 1064 745 tam
1087 701 1176 744 late
1213 697 1354 743 fusam
1387 695 1608 757 ceperint,
1643 693 1906 756 incolasque

128 770 273 816 victos
295 769 343 816 in
364 770 492 816 suum
515 784 606 815 non
630 767 962 818 Britannicum,
988 763 1060 809 sed
1084 763 1302 808 Latinum
1337 776 1503 806 nomen
1531 759 1714 815 transire
1737 774 1903 820 coege-

52 832 56 837 ’
124 835 222 884 rint
254 854 265 881 :
302 846 439 896 atque
481 833 538 879 ab
573 830 864 894 undeviginti
900 829 991 875 illis
1032 827 1263 882 fratribus,
1289 823 1367 888 qui
1411 825 1479 886 (1)
1523 841 1579 869 ne
1605 822 1686 885 ipsi
1709 822 1902 885 quidem

130 899 358 945 Germani
383 910 513 944 erant
549 900 675 959 (nam
714 895 898 959 singulis
934 893 1026 939 fere
1058 892 1245 954 singulae
1278 902 1442 936 matres
1471 890 1617 945 erant)
1657 886 1905 934 Germani-

131 980 206 1010 am
243 963 350 1010 dici.
421 964 537 1010 Hoc·
557 979 638 1019 nos
673 972 986 1015 commen'um
1021 971 1114 1004 tam
1152 973 1208 1003 ex
1231 953 1358 1002 omni
1398 966 1522 1015 parte
1541 951 1782 1003 absurdum
1811 969 1903 999 non

127 1027 406 1074 adduximus
428 1027 475 1073 in
495 1027 716 1081 medium,
740 1037 788 1072 ut
807 1023 1165 1077 confutaremus,
1185 1020 1260 1067 sed
1285 1032 1334 1066 ut
1352 1017 1597 1066 Germanis
1617 1014 1906 1063 irridendum

133 1109 512 1155 proponeremus.

167 1182 174 1186 -
199 1158 257 1202 Χ.
295 1158 414 1211 Haec
451 1156 500 1201 in
539 1153 796 1200 universum
836 1152 892 1198 de
927 1150 1198 1198 commentis
1222 1149 1480 1196 Brittonum
1506 1147 1626 1194 dieta
1648 1147 1747 1200 fint.
1773 1147 1899 1194 Con*-

131 1218 284 1272 filium
307 1234 458 1266 autem
482 1219 754 1283 fingentium
778 1233 867 1263 non
896 1217 1009 1262 adeo
1036 1215 1149 1261 mihi
1184 1214 1427 1260 obscurum
1467 1212 1663 1259 videtur.
1735 1212 1821 1257 Illa
1857 1228 1906 1256 e-

131 1284 231 1332 nim
256 1286 312 1330 de
335 1285 614 1331 Daemonum
638 1298 741 1329 cum
767 1281 929 1344 puellis
954 1280 1203 1327 concubitu
1221 1278 1464 1325 monstrosa
1482 1277 1636 1323 fabula
1657 1276 1769 1322 illuc
1793 1273 1909 1322 mihi

77 1375 82 1378 ·
134 1349 363 1413 pertinere
398 1349 592 1403 videtur,
635 1362 685 1395 ut
718 1349 909 1409 Brutum
943 1344 1070 1391 suum
1107 1359 1215 1390 cum
1253 1344 1427 1389 duabus
1468 1340 1721 1388 vicinarum
1755 1340 1907 1403 genti-

138 1428 216 1460 um
239 1414 450 1460 maximis
471 1415 546 1460 vel
569 1412 843 1476 cognatione
859 1410 1092 1474 jungeret,
1128 1410 1199 1455 vel
1235 1409 1294 1455 de
1317 1407 1556 1467 nobilitate
1590 1420 1694 1453 cum
1728 1406 1792 1452 eis
1828 1406 1908 1451 de-

131 1491 345 1535 certaret.
414 1479 543 1524 Galli
565 1478 686 1523 enim
713 1476 907 1533 Caesare‚
927 1479 975 1523 esc
1012 1472 1236 1520 Germani
1259 1473 1428 1519 Tacito
1448 1470 1714 1518 authoribus
1749 1488 1774 1517 a
1796 1469 1910 1517 Dite

135 1557 265 1605 patre
287 1543 329 1588 se
351 1542 567 1589 oriundos
591 1542 813 1588 ferebant.
883 1538 1053 1585 Similis
1075 1555 1260 1600 quoque
1279 1538 1458 1584 videtur
1476 1537 1603 1582 fuiss'e
1625 1535 1758 1581 causav
1776 1534 1909 1581 fabu-

137 1608 194 1662 lae
217 1608 274 1653 de
297 1609 437 1653 Bruto
464 1607 712 1670 fingendae.
778 1606 903 1652 Nam
926 1621 1029 1650 cum
1053 1603 1101 1649 in
1124 1604 1264 1666 Epiro
1302 1600 1547 1656 Buthrotii,
1573 1601 1618 1646 in
1649 1599 1910 1646 Siciliaali-
1939 1639 1942 1644 .

137 1683 254 1734 quot
271 1671 450 1734 populi,
474 1671 523 1718 in
546 1672 679 1718 Italia
701 1669 918 1723 Romani,
941 1668 1187 1730 Campani,
1209 1666 1542 1720 Sulmonense-z,
1567 1665 1616 1711 in
1639 1664 1798 1711 Gallia
1820 1666 1910 1711 Ar·

138 1736 286 1791 verni,
312 1735 489 1790 Hedui,
530 1735 749 1798 Sequani,
776 1739 822 1794 &
855 1734 1071 1798 posterius
1095 1732 1257 1783 Franci
1286 1732 1596 1792 Trojanorum
1629 1728 1776 1776 nescio
1795 1745 1912 1791 qnos

139 1801 398 1847 conditores
422 1801 678 1855 laudarent,
711 1798 1075 1847 Britannicarum
1097 1813 1246 1844 rerum
1286 1796 1520 1858 scriptores
1544 1795 1600 1841 ad
1638 1793 1727 1840 [uae
1760 1794 1911 1857 gentis

136 1866 430 1912 vnobilitatem
466 1866 773 1912 exornandam
801 1881 890 1910 non
926 1879 1090 1926 parum
1127 1861 1209 1908 fibi
1240 1860 1453 1908 collaturi
1472 1860 1764 1914 videbantur,
1791 1860 1818 1905 fi
1855 1876 1914 1905 ex

136 1930 424 1992 antiquitatis
442 1930 615 1979 arcanis
635 1930 730 1991 ejus
756 1942 960 1992 peterent
982 1926 1233 1990 primordia
1254 1946 1264 1973 :
1294 1926 1436 1987 ‘idque
1457 1923 1732 1988 potiffirnum
1753 1924 1912 1970 aTro-

135 1993 274 2055 jani&
297 1996 368 2041 vel
391 1996 451 2042 ob
476 1995 598 2041 urbis
619 1995 870 2041 claritatem
890 1993 1099 2045 omnium
1122 1991 1328 2054 gentium
1352 1992 1494 2037 literis
1515 1990 1807 2043 celebratam,
1822 1989 1913 2035 -vel

141 2059 204 2104 ob
224 2060 546 2122 cognationem
569 2074 676 2106 cum
696 2072 764 2107 tot
785 2058 1065 2112 nationibus,
1090 2073 1194 2118 quae
1216 2073 1272 2102 ex
1295 2056 1456 2102 eodem
1478 2055 1561 2102 illo
1585 2054 1709 2100 velut
1731 2052 1915 2099 naufra-

144 2121 225 2184 gio
243 2124 452 2185 prodiiffe
471 2124 745 2171 dicerentur.
768 2124 938 2186 Neque
957 2139 1172 2185 arrogans
1195 2118 1245 2167 id
1259 2120 1554 2168 mendacium*
1570 2119 1715 2165 visum
1737 2117 1795 2164 iri
1813 2117 1914 2164 exi-

142 2186 398 2241 stimabant,
423 2189 454 2234 fi
485 2188 608 2235 illius
630 2205 736 2235 cum
758 2200 826 2235 tot
847 2188 1062 2253 gentibus
1085 2183 1435 2233 communicatae
1458 2183 1710 2231 nobilitatis
1743 2182 1829 2245 ipsi
1862 2182 1913 2229 in

141 2265 272 2314 parte
300 2252 456 2315 aliqua
489 2253 728 2299 haererent.
796 2250 923 2299 Hinc
961 2251 1128 2314 opinor
1163 2250 1282 2298 illud
1316 2252 1372 2297 de
1411 2252 1551 2297 Bruto
1581 2261 1913 2301 commentum,

140 2317 326 2378 aliaque
350 2316 609 2379 antiquiora
632 2335 722 2364 non
745 2317 894 2363 minus
920 2315 1050 2362 stulte
1073 2328 1271 2378 recepta,
1296 2331 1434 2378 quam
1456 2313 1752 2375 impudenter
1773 2313 1876 2359 fitia
1899 2331 1914 2360 .·.

137 2397 335 2447 *quarum
359 2383 567 2428 omnium
588 2399 738 2428 rerum
763 2394 812 2427 ut
832 2381 1007 2428 vanitas
1031 2395 1311 2444 argueretur,
1342 2379 1442 2426 satis
1465 2377 1642 2425 fortasse
1663 2378 1814 2425 fuiffet
1835 2378 1917 2424 ad—

142 2461 331 2499 monere
350 2447 531 2492 vetustis
553 2445 844 2509 scriptoribus
866 2446 1026 2509 ignota
1047 2445 1192 2500 fuiffe,
1216 2445 1360 2491 literis
1383 2443 1651 2490 florentibus
1682 2443 1728 2489 in
1763 2443 1918 2489 lucem

140 2510 328 2572 prodire
363 2526 454 2557 non
477 2510 594 2565 ausa,
620 2510 947 2558 emorientibus
980 2511 1169 2557 demum
1207 2522 1328 2564 nata,
1354 2511 1410 2555 ab
1445 2506 1756 2556 adulatoribus
1780 2507 1915 2554 indo-

138 2574 226 2620 ·Etis
249 2575 448 2636 prodita,
475 2577 532 2622 ab
555 2575 818 2622 hominibus
838 2575 998 2630 crassis,
1025 2580 1064 2621 δε
1088 2574 1284 2622 nimium
1304 2575 1517 2628 credulis,
1539 2573 1622 2636 qui
1645 2573 1919 2637 fingentium

140 2638 351 2686 fraudem
392 2657 483 2686 non
506 2640 819 2704 intelligerent
850 2652 1048 2703 recepta.
1118 2640 1420 2702 Impostorum
1456 2638 1580 2686 enim
1618 2638 1804 2685 istorum
1837 2637 1920 2701 qni

137 2720 238 2749 :non
261 2721 318 2749 ex
341 2703 535 2751 historiae
560 2705 746 2752 veritate
769 2721 1062 2752 communem
1083 2704 1346 2758 utilitatem,
1366 2703 1441 2751 sed
1463 2720 1519 2749 ex
1541 2702 1803 2749 adulatione
1825 2702 1917 2765 pri<

142 2780 301 2819 vatum
340 2768 540 2832 aliquem
573 2770 774 2817 frustum
807 2782 972 2833 petunt
1003 2768 1317 2829 hujuscemodi
1347 2770 1407 2816 est
1444 2767 1704 2832 ingenium,
1730 2780 1779 2813 ut
1811 2784 1921 2814 cum

142 2833 531 2893 vehementissime
551 2835 993 2888 videnturstaudare‘,
1019 2848 1117 2880 tum
1142 2832 1339 2880 maxime
1360 2833 1595 2880 irrideant.
1641 2831 1769 2895 Qid
1791 2831 1922 2890 enim

144 2897 271 2969 aliud
292 2897 363 2944 isti
385 2898 577 2956 faciunt,
608 2899 692 2962 qui
714 2915 911 2962 quorum
934 2915 1094 2945 ornare
1116 2899 1158 2944 se
1181 2899 1392 2944 fimulant
1414 2897 1720 2954 nobilitatem,
1745 2891 1845 2944 eam
1871 2910 1924 2944 ut

140 2961 310 3032 ‘clarius
334 2963 627 3024 splendescat,
648 2965 704 3010 de
729 2964 866 3010 totius
889 2976 1061 3010 naturae
1082 2962 1343 3011 colluvione
1365 2966 1530 3026 petu'nt
1549 2966 1566 3008 ?
1601 2967 1641 3009 δι
1665 2978 1718 3016 ea
1742 2962 1922 3023 <generis

146 3025 352 3098 ,clari-tate
383 3027 593 3075 homines
615 3028 792 3076 creduli
811 3029 979 3084 dicam,
1017 3044 1073 3074 an
1106 3027 1256 3074 stolidi
1289 3029 1372 3075 fibi
1404 3029 1606 3090 placent,
1643 3019 1782 3088 quam
1806 3026 1923 3075 nulii

108 3122 111 3127 »
146 3089 448 3143 finmmorum
471 3093 534 3139 eis
556 3092 781 3149 invident.
1620 3124 1623 3127 Δ

215 3155 298 3201 ΧΙ.
333 3156 426 3218 Qi
451 3158 689 3205 Scotorum
709 3175 778 3205 res
799 3157 941 3218 literis
960 3156 1280 3220 prodiderunt,
1306 3155 1626 3212 honestiorem,
1655 3167 1704 3203 ut
1725 3155 1830 3218 ipsis
1856 3155 1923 3202 vi-

147 3217 260 3271 sum,
280 3219 510 3284 ‘originem
535 3222 777 3269 ediderunt
802 3241 812 3269 z
849 3222 925 3268 sed
946 3221 1096 3268 nihilo
1116 3221 1383 3268 Brittonurn*
1399 3221 1640 3268 nobilitate
1675 3220 1824 3266 minus
1856 3219 1924 3266 fa-

148 3282 386 3356 bulosam..
439 3286 548 3332 Non
569 3287 692 3332 enim
711 3289 734 3334 ‘e
757 3287 1066 3347 Trojanorum
1092 3287 1300 3350 profugis
1324 3285 1531 3349 reliquiis
1571 3304 1582 3331 :
1623 3285 1698 3331 sed
1721 3285 1745 3331 ἐ
1770 3284 1925 3331 Graiis

147 3347 240 3415 illis
264 3348 494 3404 hemibuS,
510 3367 706 3413 quorum
726 3350 890 3413 posteri
903 3352 949 3396 T
953 3351 1095 3404 roiam
1115 3363 1392 3406 everterunt,
1415 3350 1606 3410 majores
1629 3348 1761 3401 nobis
1782 3350 1926 3411 ado-p-

150 3422 318 3467 tarunt.
387 3414 513 3461 Nam
535 3431 643 3462 cum
669 3416 936 3464 Graecorum
969 3414 1126 3478 priscis
1157 3415 1248 3464 illis
1271 3415 1556 3478 temporibus
1595 3416 1687 3462 duo
1729 3415 1926 3461 maxime

135 3587 141 3590 .
204 3557 266 3607 (1)
296 3560 409 3611 They
427 3575 524 3600 were
544 3571 610 3601 not
625 3563 699 3601 full
719 3563 909 3602 brethren.
957 3598 962 3607 ,

1767 3696 1935 3742 genera
