1992 3801
169 187 300 248 502
463 164 1606 239 RERUM‘Sco‘r1cARUM

168 265 256 311 Sed
279 280 382 312 cum
406 265 583 313 nullum
605 267 652 313 in
676 283 730 314 eo
752 265 945 328 capitale
962 266 1133 313 crimen
1155 266 1397 324 inveniret,
1417 269 1632 317 submiffis
1652 271 1807 319 amicis
1825 275 1938 336 (ΜΞ
1962 306 1963 309 =

164 328 360 388 dictum)
375 329 424 376 'ei
464 331 687 393 persuasit,
731 343 779 377 ut
800 332 858 384 se,
890 330 1104 394 suamque
1141 332 1315 379 causam
1340 332 1421 394 ipfi
1443 334 1738 397 permitteret.
1805 338 1920 388 Eam
1956 363 1975 376 κ

162 408 303 459 ιῑιηευῃ
327 394 412 440 effe
433 395 654 441 rationem
681 401 721 440 ἃς
746 395 769 441 ὲ
787 394 987 440 custodia
1008 411 1112 441 curn
1136 395 1255 442 bona
1284 397 1432 458 gratia
1453 400 1669 454 abeundi,
1703 406 1742 446 &
1765 401 1923 449 amici-

164 456 241 516 tiae
263 473 368 503 cum
411 459 550 522 longe
580 458 836 520 potentiore
870 459 1099 505 ineundae.
1167 461 1374 506 Homine
1398 461 1617 524 simplice,
1661 467 1707 511 ὃ(
1733 464 1941 514 minime·

162 520 286 569 malo
308 522 366 568 ad
387 521 514 568 suum
539 522 729 568 exitium
752 522 836 568 hac
859 522 1016 568 fraude
1038 524 1251 585 impulso,
1293 537 1441 570 tamen
1465 527 1614 572 adhuc
1637 528 1793 574 mortis
1830 529 1924 588 eius
1944 564 1945 567 η

161 583 384 632 invidiam
408 586 676 633 Gordonius
697 585 845 633 vitans
891 602 996 632 cum
1034 587 1113 633 sua
1155 588 1250 651 egit
1275 605 1430 643 uxore,
1455 601 1505 636 ut
1526 607 1578 636 ea
1596 589 1637 636 se
1655 592 1802 654 culpae
1823 592 1924 655 sup·
1960 602 1965 612 ²

159 662 352 711 poneret
377 669 388 697 :
424 667 507 696 nec
530 650 674 697 virilis
713 650 854 696 animi
876 651 1040 697 mulier
1061 668 1154 698 rem
1181 654 1442 699 cunctanter
1471 653 1676 716 suscepit,
1721 671 1773 700 ac
1795 655 1933 704 mise-·

160 730 282 770 rum,
323 720 364 760 δε
400 714 657 770 innoxium,
703 720 743 760 &
784 714 1052 778 supplicem,
1078 721 1118 763 δε
1157 716 1365 764 deditum
1388 717 1570 765 absente
1599 718 1764 764 marito
1787 719 1926 768 securi·

159 778 383 841 percuflit.
455 780 562 826 Hoc
585 778 808 841 supplicio
826 778 987 825 vicinis
1010 781 1083 826 vel
1120 793 1242 828 metu
1266 782 1564 843 stupentibu5‚
1587 783 1660 829 vel
1682 782 1924 845 largitione
1949 779 1952 786 ’
1972 798 1974 802 “

160 842 673 905 conciliatis,quicquid
694 855 910 890 terrarum
936 846 1052 890 ultra
1072 845 1350 891 Caledonios
1364 847 1441 900 est,
1469 847 1547 892 uni
1564 846 1768 908 parebat.
1838 848 1933 896 Ita?
1952 859 1954 861 ’
1970 846 1981 873 ³

159 923 251 969 que
272 907 412 953 homo
436 912 475 951 &
498 906 675 968 gloriae,
700 913 740 953 δε
763 907 981 969 potentiae
1019 908 1293 955 avidiffimus
1339 910 1636 957 molestissime
1658 911 1830 958 ferebat
1852 914 1924 960 Ia·
1944 930 1961 967 '.

158 972 326 1017 coburn
348 970 571 1016 Moraviae
591 971 822 1018 Comitem
848 972 929 1019 fibi
952 973 1169 1018 aemulum
1192 970 1465 1036 appositum,
1491 976 1712 1036 statusque
1731 971 1925 1037 praesenss
1944 978 1992 1016 «⁸-

157 1035 217 1083 tis
240 1034 499 1096 impatienS,
529 1034 576 1082 in
600 1052 757 1082 omnes
779 1053 927 1085 rerum
947 1036 1273 1083 turbandarum
1293 1041 1546 1086 occasiones
1568 1051 1663 1084 erat
1682 1038 1882 1087 intentus
1905 1060 1928 1098 .²
1949 1039 1988 1082 2⁴

155 1102 348 1160 actaque
378 1099 476 1157 ejus
510 1100 666 1146 omnia
687 1101 867 1155 affidoe,
891 1104 939 1149 ὅς
964 1100 1111 1163 palam
1135 1102 1498 1149 calumniabatur
1522 1123 1532 1149 :
1566 1098 1829 1166 librumque
1846 1103 1925 1154 sua
1950 1116 1971 1156 ιχ]

156 1180 298 1210 manu
320 1162 533 1226 scriptum
554 1163 745 1227 Reginae
768 1164 986 1227 porrexit,
1008 1164 1055 1211 in
1077 1182 1171 1227 quo
1192 1183 1296 1216 eum
1318 1168 1389 1228 (1)
1411 1167 1680 1231 graviffime,
1704 1167 1778 1214 sed
1796 1162 1924 1216 levis-
1950 1158 1987 1229 {fs

157 1226 279 1275 limis
294 1228 571 1290 argumentis
593 1232 665 1291 (2)
690 1230 908 1276 affectatae
930 1231 1180 1291 tyrannidis
1203 1233 1454 1279 accusabat.
1912 1228 1918 1235 ’
1965 1241 1980 1271 '·

155 1305 158 1308 ’
224 1293 401 1339 ΧΧΙΧ.
434 1295 490 1339 In
509 1293 879 1357 diversaregione
900 1294 1064 1341 eodem
1088 1306 1293 1357 tempore
1318 1298 1388 1358 (3)
1410 1296 1628 1344 Iacobum
1649 1297 1924 1348 Heburnum
1956 1294 1976 1358 f·

155 1356 414 1406 Bothueliae
434 1357 669 1404 Comitem
708 1359 806 1404 aeris
826 1357 964 1405 alieni
1001 1359 1289 1421 magnitudo,
1317 1366 1356 1406 Sc
1378 1361 1616 1409 indomitae
1639 1361 1851 1409 libidines
1866 1364 1925 1423 ad

155 1421 339 1469 infidias
362 1423 510 1469 eidem
536 1423 748 1470 Moravio
769 1423 1046 1470 instruendas
1067 1425 1138 1486 (4)
1158 1423 1441 1486 impellebat.
1477 1427 1521 1473 Is
1543 1425 1666 1472 enim
1700 1427 1929 1476 luxuriosa
1961 1431 1966 1436 “

156 1485 461 1534 adolescentia
475 1487 593 1534 inter
614 1486 772 1541 scorta,
793 1492 843 1537 &
865 1487 1057 1549 popinas
1075 1491 1188 1543 acta,
1214 1490 1271 1536 eo
1288 1490 1494 1536 redactus
1516 1502 1628 1546 erat,
1670 1503 1720 1538 ut
1759 1504 1839 1538 aut
1859 1492 1926 1540 ci·

155 1551 250 1598 vile
274 1552 445 1597 bellum
465 1551 507 1598 ei
530 1551 647 1599 foret
669 1552 982 1607 excitandum,
1006 1564 1084 1598 aut
1101 1551 1264 1599 audaci
1293 1555 1448 1617 aliquo
1472 1555 1674 1603 facinore
1711 1556 1924 1606 extremae

153 1614 326 1678 inopiae
342 1629 487 1662 metus
511 1615 851 1679 propellendus.
901 1617 1076 1662 Omnia
1093 1617 1475 1680 circumspicienti
1497 1619 1698 1667 maxime
1718 1636 1924 1668 commo·
1954 1675 1955 1679 Ἰ
1980 1631 1989 1659 ί

155 1680 267 1726 dum
285 1680 350 1732 eia
373 1680 615 1732 videbatur
652 1681 947 1743 perturbandi
989 1681 1332 1743 status'publici
1369 1683 1567 1739 initium,
1594 1684 1624 1730 fi
1659 1685 1928 1735 Moravium
1960 1687 1987 1733 f

154 1760 261 1791 cum
293 1744 594 1792 Hamiltoniis
616 1746 959 1793 committeret:
1004 1758 1142 1799 certa,
1185 1760 1233 1793 ut
1268 1747 1528 1804 videbatur,
1573 1748 1669 1811 spes
1691 1749 1737 1795 in
1762 1749 1924 1805 utrius·
1967 1780 1977 1803 η

157 1825 248 1871 que
270 1809 410 1873 partis
431 1809 625 1856 exitium
647 1810 890 1857 incertum.
958 1811 1161 1857 Primum
1191 1811 1455 1858 Moravium
1488 1813 1601 1860 adit.
1667 1812 1724 1859 Ei
1748 1813 1929 1875 persua„
1980 1843 1983 1874 3

155 1876 264 1920 dere
297 1886 504 1928 conatur,
530 1888 578 1920 ut
611 1872 1008 1922 Hamiltoniorum
1032 1874 1252 1921 familiam
1271 1875 1482 1939 Reginae,
1505 1893 1665 1940 regno,
1684 1891 1821 1939 atque
1842 1878 1925 1941 ipfi.

156 1938 372 2001 privatim
392 1937 708 1986 imminentem
733 1956 757 1985 e
782 1940 937 1986 medio
953 1940 1101 1987 tollat.
1168 1941 1222 1986 In
1241 1940 1290 1986 id
1312 1940 1433 1987 suam
1456 1957 1641 2004 operam
1663 1941 1930 2004 pollicetur..

153 2003 261 2051 Nec
284 2003 332 2049 id
353 2002 529 2049 facinus
550 2003 779 2067 ingratum
801 2004 994 2068 Reginae
1013 2003 1109 2051 fore
1123 2005 1457 2052 contendebat:
1491 2023 1594 2069 quae
1616 2018 1782 2067 praeter
1796 2021 1924 2054 com·
1945 1999 1949 2014 ¹

153 2084 293 2116 mune
315 2067 522 2114 omnium
544 2065 728 2132 Regum
746 2068 922 2123 odium,
952 2085 1046 2131 quo
1068 2069 1283 2133 sanguine
1302 2070 1554 2132 proximos,
1586 2070 1714 2116 velut
1749 2069 1796 2116 in
1827 2071 1924 2120 exi-
1970 2079 1989 2113 ’,

153 2132 271 2180 tium
292 2132 420 2179 suum
443 2131 644 2180 intentos
668 2133 1016 2196 prosequuntur,
1039 2132 1177 2180 etiam
1201 2134 1453 2196 peculiares
1485 2135 1783 2186 offensionum
1799 2136 1924 2182 caus*

154 2214 220 2252 as,
246 2213 329 2244 nec
351 2197 630 2262 easlinjustas
652 2198 820 2245 habere
841 2197 1106 2244 videbatur:
1131 2198 1275 2245 velob
1300 2200 1370 2264 (ς)
1395 2198 1686 2263 Evangelicae
1707 2199 1922 2247 doctrinae

153 2262 366 2315 studium,
393 2262 519 2323 cujus
543 2262 738 2309 Aranius
756 2262 913 2309 unicus
932 2276 1027 2309 erat
1042 2264 1222 2309 assertor
1242 2280 1254 2310 z
1286 2264 1348 2309 ob
1369 2278 1507 2327 quam
1529 2264 1667 2311 etiam
1690 2278 1792 2310 cum
1817 2264 1922 2311 Gu-
1953 2262 1992 2319 {J

140 2327 216 2374 .fio
248 2327 295 2373 in
319 2327 477 2372 Gallia
497 2339 783 2374 contraxerat
803 2326 1113 2381 inimicitiam,
1132 2328 1204 2375 vel
1226 2328 1286 2374 ob
1308 2328 1648 2375 contentionem
1673 2328 1916 2376 verborum
1937 2354 1939 2356 ·
1971 2326 1984 2369 ἰ’

151 2407 298 2454 nuper
314 2392 362 2438 in
382 2391 534 2437 Scotia
555 2408 659 2439 cum
683 2393 826 2439 altero
846 2392 1039 2455 Reginae
1062 2393 1288 2439 avunculo
1310 2392 1490 2439 Elbevii
1508 2393 1780 2441 Marchione
1793 2393 1922 2439 habi·
1947 2383 1987 2456 {7}

152 2467 264 2502 tam.
333 2456 420 2505 Sed
439 2472 544 2502 cum
570 2457 807 2504 Moravius
821 2457 961 2503 homo
983 2457 1173 2519 probus,
1196 2463 1236 2503 δι
1258 2457 1476 2504 innocens
1500 2457 1763 2503 abhorreret
1784 2474 1809 2503 a
1832 2457 1920 2504 foe-
1953 2455 1985 2514 ’ἐξ

151 2520 295 2567 ditate
317 2532 409 2567 tam
433 2519 633 2567 scelerati
652 2521 899 2577 ¹facinoris,
940 2521 1191 2568 Heburnus
1230 2521 1286 2568 ad
1309 2521 1622 2568 Hamiltonios
1642 2521 1684 2568 se
1705 2520 1923 2578 contulitj‘.

150 2590 194 2632 &
217 2584 469 2632 ministrum
492 2586 550 2631 ad
571 2586 743 2632 caedem
768 2585 989 2648 Moravigi‚
1013 2585 1141 2646 cujus
1158 2588 1413 2649 potentiam
1435 2585 1619 2633 moleste
1640 2584 1868 2642 ferebant,
1879 2586 1922 2634 se
1945 2601 1985 2641 ,3

148 2650 285 2696 offert
309 2667 320 2696 ε
354 2650 485 2696 illum
509 2650 593 2697 esse
616 2667 775 2705 unum,
798 2649 881 2712 qui
903 2650 998 2713 spes
1027 2666 1185 2697 eorum
1211 2663 1479 2705 remoretur,
1504 2655 1543 2697 δε
1564 2650 1923 2699 ,ςοωῐῃοάἱκειῑὶὲ

149 2714 235 2760 bus
258 2713 417 2761 obstet.
466 2714 535 2761 Eo
553 2715 728 2762 sublato
749 2713 978 2778 Reginam
1001 2713 1114 2761 velit
1134 2714 1254 2761 nolit
1274 2715 1323 2762 in
1343 2715 1544 2779 ipsorum
1563 2716 1779 2777 potestate
1797 2714 1922 2762 futu-

147 2793 264 2826 ram.
332 2778 470 2826 Ratio
513 2790 667 2835 autem
704 2779 937 2843 expedita,
982 2785 1023 2827 δε
1044 2778 1191 2826 facilis
1213 2779 1472 2829 videbatur.
1539 2778 1720 2842 Regina
1753 2790 1850 2825 tum
1873 2776 1990 2837 ἰιῑ-’Ϋς

145 2843 183 2890 F
187 2843 442 2890 alcolandia
461 2856 557 2890 erat
580 2862 591 2891 :
626 2860 680 2891 ea
700 2861 779 2891 arx
800 2845 861 2891 est
884 2859 989 2891 cum
1029 2843 1227 2905 ejusdem
1249 2844 1447 2891 nominis
1480 2859 1602 2907 pago
1623 2861 1635 2891 :
1672 2841 1854 2889 modica
1874 2840 1992 2913 inksgt}

148 2907 414 2971 propinquo
436 2908 543 2955 filva
561 2910 639 2964 est,
683 2909 731 2956 in
757 2925 861 2972 ‘qua
882 2910 1185 2972 platycerotes
1228 2908 1402 2956 cervini
1422 2908 1601 2973 generis
1627 2911 1758 2970 (quas
1775 2907 1920 2971 vulgo
1950 2909 1992 2969 5¹:³³

149 2972 324 3018 Damas
344 2972 455 3018 falso
476 2973 730 3035 appellant)
752 2976 951 3021 aluntur.
976 2972 1160 3039 Regina
1179 2989 1284 3020 cum
1324 2984 1402 3019 aut
1423 2976 1479 3021 eo
1504 2973 1611 3026 iret,
1651 2984 1734 3020 aut
1749 2972 1796 3018 in
1819 2971 1928 3019 loca
1951 2956 1971 3025 ἕ
1990 3005 1992 3007 -

135 3034 301 3081 Χνὶεῑίῐιεῑ
316 3053 459 3099 prope
481 3037 692 3099 quotidie
733 3053 838 3084 cum
854 3038 1069 3085 familiari
1083 3036 1303 3084 comitatu
1320 3036 1537 3100 perfacile
1549 3035 1792 3083 videbatur
1810 3036 1920 3082 Mo‘v'
1936 3036 1954 3096 J
1990 3071 1992 3074 .

145 3098 325 3147 ravium
345 3101 585 3154 inermem,
609 3107 658 3150 ὃς
679 3101 914 3149 incautum
934 3104 1112 3156 tollere,
1137 3100 1331 3164 &ipsam
1349 3101 1398 3148 in
1419 3101 1539 3149 suam
1560 3100 1956 3164 potestatemrew

146 3163 321 3228 digere.
391 3165 582 3212 Caeteris
605 3182 698 3213 non
721 3183 843 3232 aegre
865 3166 1136 3230 persuasum,
1157 3181 1210 3213 ac
1240 3178 1420 3231 tempus
1441 3164 1635 3214 facinori
1655 3138 1992 3254 perpetrandi&

1904 3241 1908 3247 .
1932 3242 1988 3284 ‘aff

1941 3287 1992 3340 ur,

143 3230 213 3302 do*
228 3227 537 3276 consti-tutum.
1896 3251 1907 3258 ·
1946 3247 1967 3305 ³:
1988 3271 1992 3302 ,·

199 3357 216 3409 (
225 3359 269 3410 1)
294 3359 436 3398 Virum
466 3358 821 3400 innocentiffimum.
845 3361 1002 3404 Thuan.
1056 3361 1233 3415 bestowed
1245 3373 1343 3411 upon
1357 3359 1673 3399 Francisstewart
1686 3331 1992 3411 sontoJohst'i-vffss

144 3411 213 3452 lib.
231 3424 298 3464 29.
1055 3415 1184 3453 Abbot
1221 3415 1265 3456 of
1278 3413 1396 3452 Kelso
1426 3413 1639 3452 mentioned
1679 3412 1798 3449 before
1819 3411 1914 3460 (cape
1945 3393 1992 3444 ‘J‘

197 3466 264 3516 (2)
294 3466 355 3505 Of
366 3466 530 3518 aspir-ing
543 3474 582 3504 to
600 3466 665 3505 the
679 3480 817 3505 crown.
1056 3468 1142 3518 23.)
1163 3469 1335 3516 begotten
1355 3481 1453 3524 upon
1469 3469 1566 3520 Jean
1577 3464 1758 3515 HePbum
1774 3463 1927 3517 fisterrtoss
1940 3470 1991 3542 ’Β

197 3520 267 3571 (3)
300 3520 440 3558 Fourth
477 3522 552 3557 ear}
586 3521 632 3558 of
658 3521 847 3558 Bothwell
881 3521 947 3558 son
965 3529 1004 3558 to
1058 3520 1134 3558 this
1153 3523 1243 3559 earl.
1339 3550 1342 3553 v

143 3572 300 3620 Patrick
321 3574 436 3610 called
457 3572 523 3625 the
542 3572 612 3610 fair
629 3575 704 3610 earl
726 3588 734 3611 :
766 3573 814 3611 he
850 3573 924 3611 had
963 3588 1012 3612 no
1122 3573 1184 3621 (4)
1215 3574 1282 3611 Al.
1304 3573 1564 3624 impellebant.

93 3646 96 3650 ⁴
143 3624 330 3666 children.
352 3628 420 3666 and
434 3626 543 3675 being
553 3627 727 3667 forfeited
741 3626 800 3666 hrs
813 3628 923 3666 estate
937 3641 1012 3668 was
1122 3626 1189 3680 (5)
1217 3626 1305 3665 The
1329 3627 1511 3667 reformcd
1530 3622 1704 3671 religion.

1571 3673 1753 3723 ,ΧΧΧι
1770 3670 1912 3720 Unus
