2010 3851
300 147 531 214 Lan-³2
565 163 606 211 a
683 144 745 212 Ι)
780 156 1580 214 ΕεΞΜυεοετΑνυε-.
1681 156 1816 228 537

41 254 160 294 xnus·
231 244 347 292 Haec
381 242 608 292 excusatio
640 244 767 290 velut
794 244 1101 290 fundamento
1134 242 1357 289 innitetur
1382 246 1505 289 'verae
1536 244 1813 308 expositioni

30 311 172 358 totius
194 309 317 365 vitae,
339 325 390 356 ac
413 306 643 382 praecipue
665 308 919 354 officiorum
946 309 1021 369 (Ξ)
1044 307 1188 354 Ducis
1209 300 1445 354 Orcadum
1465 308 1701 355 adversum
1725 317 1810 356 nos

29 376 89 422 ad
112 385 218 421 eum
237 373 374 445 usque
388 371 630 432 diem,quo
653 371 784 418 nobis
801 373 860 417 est
884 372 1024 418 visum
1045 388 1148 417 eum
1165 372 1408 444 conjugem
1434 371 1658 418 asciscere.
1699 373 1811 432 Ejus

26 452 182 486 autem
205 436 414 491 historiae‚
428 435 503 482 uti
526 452 594 482 res
617 435 771 488 habet,
793 430 1164 497 explanationem
1180 435 1508 500 aggredieris,
1496 436 1632 482 mitio
1651 425 1811 499 sump-

27 516 77 550 to
116 505 173 551 ab
211 500 385 548 ultimis
423 500 560 562 usqne
598 499 752 562 spatiis
774 499 1104 547 adolescentiae.
1161 500 1283 547 Cum
1298 502 1510 572 ’primum
1533 499 1709 546 suarum
1736 508 1809 546 re·-

25 579 128 614 rum
150 566 238 613 fuit
271 579 478 625 compos,
520 564 663 611 statim
688 580 714 609 a
747 577 890 610 morte
914 565 1049 624 patris
1074 565 1200 611 homi
1190 581 1251 610 ¹m
1256 580 1273 611 s
1297 564 1414 611 inter
1436 563 1618 627 regnip
1593 563 1757 618 primax
1760 575 1808 610 es

30 629 249 695 primarii,
288 629 457 702 quibus
491 631 634 689 posset
655 628 816 675 officiis
840 627 880 673 se
904 619 1108 692 Regibus
1130 629 1336 676 colendis
1359 633 1510 675 totum
1533 628 1704 675 dicavit
1689 659 1722 680 Ξ,
1764 633 1806 673 δε

31 708 126 742 erat
164 692 348 755 alioqui
390 692 598 740 familia
586 710 634 739 m
674 692 832 755 primis
857 693 1034 747 illustri,
1061 709 1164 740 cum
1188 694 1248 739 ob
1271 707 1469 740 veterem
1495 693 1806 745 nobilitatem,

16 768 127 805 *tum
147 759 208 805 ob
251 761 299 820 (3
306 759 322 816 )
362 758 564 804 maxima
584 757 715 821 regni
759 757 931 810 munia,
972 758 1194 819 quaejure
1217 757 1506 820 haereditario
1541 757 1807 830 possidebat

25 823 96 870 Eo
116 836 269 870 autem
296 820 574 884 potiffimum
601 835 808 884 tempore
832 820 966 867 matri
991 822 1163 877 nostrae,
1204 839 1308 885 quae
1352 836 1448 869 tum
1480 823 1663 885 imperii
1687 823 1810 869 sum·

25 902 147 934 mam
174 887 438 933 moderabat
443 904 511 941 ur,
535 886 576 933 se
598 886 776 947 penitus
796 885 991 940 dedidit,
1011 886 1058 931 in
1080 902 1227 949 eaque
1249 887 1475 934 colenda
1463 901 1527 933 ita
1552 887 1807 962 persevera}-

17 952 110 1007 'vit,
139 963 187 998 ut
204 967 404 1019 quanqu
397 969 468 997 im
494 951 619 998 brevi
642 950 784 1012 major
808 967 907 1013 pars
932 950 1202 1005 nobilitatis,
1226 960 1276 997 ac
1303 969 1417 1013 pene
1444 952 1552 998 univ.
1555 951 1646 998 ersa
1669 952 1808 1025 oppi-

25 1017 86 1063 da
109 1028 333 1078 praetextu
356 1014 591 1079 religionis
611 1016 668 1062 ab
686 1031 739 1062 ea
756 1015 1053 1068 descivissent,
1077 1021 1312 1078 nunquam
1338 1031 1489 1063 tamen
1530 1016 1608 1063 ille
1631 1017 1689 1063 ab
1711 1025 1810 1076 ejus

22 1080 296 1128 {infimitate
317 1080 584 1134 declinavit,
608 1092 687 1126 aut
721 1079 826 1127 ullis
866 1079 1105 1142 promiffis,
1139 1080 1425 1127 beneficiisve
1461 1080 1806 1154 adducipoffet,

26 1158 105 1193 aut
126 1144 281 1197 minis,
306 1160 550 1207 rerumque
575 1144 924 1191 domesticarum
942 1144 1111 1192 damno
1135 1146 1392 1207 perterreri,
1418 1157 1468 1192 ut
1505 1144 1554 1191 in
1588 1147 1679 1192 ulla
1699 1162 1810 1210 erga

12 1220 123 1257 eam
148 1209 286 1256 officii
305 1221 431 1272 parte
449 1210 665 1256 cessaret·
706 1208 945 1272 potiusque
964 1209 1015 1255 fit
1038 1210 1181 1270 passus
1204 1210 1414 1265 domum,
1459 1222 1564 1272 quae
1587 1211 1813 1273 patrimo-

27 1274 244 1347 niicaput
273 1286 386 1327 erat,
412 1289 517 1320 cum
555 1273 829 1336 supelleEtili
861 1272 1078 1335 preciosa,
1115 1277 1165 1322 δί
1199 1275 1353 1336 ampla
1382 1275 1556 1337 diripi:
1599 1276 1811 1338 bonaque

25 1337 234 1402 reliqua
222 1337 427 1385 inimicis
451 1338 615 1402 praedae
630 1339 730 1387 effe.
784 1337 1001 1401 Denique
1021 1338 1186 1393 nostrO,
1211 1351 1349 1401 atque
1373 1339 1490 1386 adeo
1513 1338 1685 1386 civium
1709 1357 1813 1386 orn-s

25 1404 153 1452 nium
178 1403 352 1451 auxilio
393 1403 648 1459 destitutus,
685 1404 946 1467 Anglorum
971 1403 1173 1449 exercitu
1211 1403 1257 1450 in
1297 1402 1393 1466 ipsa
1406 1403 1538 1468 regni
1561 1404 1732 1453 viscera
1753 1404 1812 1450 ab

25 1468 226 1516 hostibus
248 1468 506 1515 domesticis
528 1467 732 1522 indusio,
758 1469 838 1540 qui
862 1467 1042 1514 nullum
1065 1468 1206 1514 alium
1246 1467 1295 1513 in
1320 1468 1508 1532 scopum
1534 1469 1622 1515 tela
1642 1469 1716 1515 sua
1738 1469 1814 1515 di-

25 1533 244 1597 rigerent,
280 1549 421 1595 quam
448 1545 497 1579 ut
519 1534 665 1580 noster
701 1533 888 1579 maritus
914 1535 1032 1594 (tum
1058 1531 1317 1579 Bothueliae
1343 1534 1536 1592 Comes)
1560 1533 1607 1579 vi
1630 1535 1812 1581 coastus

24 1598 190 1661 patria,
215 1596 588 1669 patrimonioque
620 1598 796 1652 reliCto,
821 1596 864 1643 se
900 1595 950 1642 in
984 1596 1221 1643 Franc1am
1240 1598 1453 1661 recepit:
1490 1596 1650 1660 ibique
1675 1598 1814 1662 usque

24 1663 82 1710 ad
109 1679 261 1709 meum
283 1679 331 1708 m
349 1661 547 1708 Scotiam
567 1662 786 1717 reditum,
809 1659 978 1725 quibus
996 1662 1149 1723 potuit
1169 1661 1336 1708 officiis
1375 1679 1447 1709 me
1473 1662 1631 1718 coluit,
1657 1665 1708 1712 ὃς
1726 1664 1817 1710 ob-

24 1724 233 1774 servavit
300 1726 407 1773 Nec
428 1726 698 1773 omittendae
719 1737 854 1774 erunt
886 1742 955 1772 res
994 1725 1052 1772 ab
1084 1742 1139 1772 eo
1168 1727 1291 1773 bello
1315 1722 1450 1791 gestae
1480 1727 1689 1774 adversus
1715 1730 1818 1775 An-

26 1793 131 1855 glos
155 1791 295 1854 paulo
317 1803 427 1846 3Ξ)ῑε,
445 1808 596 1839 meum
612 1792 829 1845 reditum,
857 1788 934 1837 ubi
955 1792 1045 1837 tale
1066 1790 1298 1852 specimen
1318 1797 1363 1840 ἂ
1392 1791 1603 1839 militaris
1626 1788 1756 1839 fortir
1763 1810 1815 1840 u·-

14 1857 165 1910 dinis,
187 1862 226 1903 δι
246 1855 394 1903 senilis
410 1855 664 1918 prudentiae
686 1856 830 1911 dedit,
859 1868 908 1902 ut
930 1854 1215 1919 dignissimus
1237 1857 1289 1902 fit
1311 1856 1607 1910 existimatus,
1632 1857 1713 1919 qui
1733 1859 1815 1904 ada

27 1918 254 1968 modum
236 1920 420 1982 juvenis
461 1934 571 1967 natu
596 1921 845 1982 majoribus
865 1920 1151 1983 imperaret:
1194 1925 1234 1968 &
1259 1920 1492 1982 supremus
1515 1922 1655 1967 totins
1681 1922 1816 1983 patrii

24 1985 251 2033 exercitus
274 1986 386 2040 dux,
414 1987 651 2050 nosterque
674 1985 869 2032 vicarius
883 1985 1148 2048 eligeretur.
1219 1986 1358 2049 Qo
1346 2001 1393 2033 in
1413 1985 1673 2050 magistratu
1699 1988 1816 2033 adeo
1874 2032 1877 2035 ,

26 2050 150 2113 spem
194 2049 438 2096 hominum
478 2065 570 2097 non
605 2049 789 2106 fefellit,
829 2064 878 2097 ut
902 2051 1034 2095 rebus
1057 2049 1235 2096 fortiter
1254 2050 1408 2112 gestis,
1439 2051 1703 2114 praeclaram
1726 2051 1816 2098 suae'

26 2115 209 2162 virtutis
232 2115 501 2161 memoriam
525 2116 646 2177 apud
666 2115 804 2170 cives,
832 2120 869 2161 &
891 2114 1038 2161 hostes
1060 2114 1315 2177 reliquerit

94 2180 324 2227 XXXIII.
361 2187 394 2208 “
428 2179 529 2226 Post
559 2179 763 2226 reditum
781 2195 891 2225 vero
929 2179 1145 2233 nostrum,
1171 2197 1308 2226 omne
1331 2179 1459 2227 suum
1477 2168 1681 2227 studium
1704 2190 1818 2228 con-

37 2243 146 2290 tulit
186 2244 243 2291 ad
285 2243 566 2291 austoritatis
610 2245 768 2291 nostrae
792 2242 1238 2306 amplificationem.
1290 2260 1373 2292 nec
1393 2244 1482 2292 suis
1506 2245 1712 2318 unquam
1735 2255 1819 2305 ρεξ-

27 2308 176 2372 percit
196 2325 276 2371 per
257 2307 449 2355 riculis'
436 2325 484 2355 in
524 2308 850 2369 perdomandis
890 2306 1158 2363 rebellibus,
1180 2307 1263 2372 qui
1286 2308 1497 2372 proxime
1521 2307 1691 2357 limites
1715 2312 1819 2358 An-

27 2374 211 2446 glornm
234 2373 486 2420 accolunt.
524 2388 576 2421 ac
598 2372 728 2422 brevi
756 2374 890 2420 rebus
913 2372 980 2419 ibi
1001 2373 1058 2420 ad
1082 2373 1303 2420 summam
1339 2372 1720 2438 tranquillitatem
1748 2383 1820 2422 re-

26 2437 190 2492 daffis,
213 2437 338 2484 idem
383 2437 430 2483 in
453 2436 628 2485 caeteris
671 2438 804 2501 regni
847 2438 1052 2502 partibus
1085 2438 1290 2511 praestare
1314 2438 1570 2486 destinavit.
1639 2439 1819 2488 Verum

32 2514 83 2550 ut
103 2501 280 2550 invidia
302 2501 480 2564 semper
501 2501 682 2550 virtutis
704 2503 765 2549 est
786 2509 960 2557 eomes,
985 2501 1112 2550 Scoti
1133 2518 1285 2550 rerum
1313 2519 1533 2551 novarum
1557 2503 1681 2551 avidi
1701 2521 1817 2552 non

35 2567 153 2615 nulli
176 2568 377 2614 nostrum
421 2583 531 2630 erga
563 2583 671 2614 eum
711 2566 924 2622 studium,
950 2571 999 2617 &
1034 2567 1275 2615 favorem
1262 2568 1536 2616 imminuere
1559 2568 1796 2632 cupientes
1779 2596 1817 2626 -,

38 2631 277 2679 benefae'ta
297 2633 394 2693 ejus
409 2634 529 2680 male
551 2631 894 2694 interpretando
917 2633 1102 2680 tandem
1122 2632 1426 2696 perfecerunt,
1470 2646 1519 2681 ut
1539 2645 1646 2680 eum
1672 2635 1821 2681 custo-

33 2697 124 2742 diae
146 2695 576 2744 committeremus:
608 2696 794 2769 partim,
821 2710 869 2743 ut
905 2698 1192 2760 quorundam
1231 2699 1508 2745 aemulorum
1536 2698 1819 2761 placaremus

31 2760 228 2815 animos,
252 2759 337 2822 qui
359 2760 523 2807 futura:
548 2760 877 2825 magnitudinis
900 2761 1181 2809 incrementa
1205 2758 1338 2809 ferre
1345 2779 1438 2813 non
1464 2776 1690 2825 poterant,
1716 2779 1823 2826 para

32 2824 117 2872 tim
146 2836 195 2871 ut
211 2823 401 2886 jamjam
416 2827 660 2899 erupturas
683 2825 730 2872 in
752 2825 884 2890 regni
905 2826 1050 2874 totius
1075 2826 1325 2890 perniciem
1348 2827 1591 2875 seditiones
1614 2827 1825 2891 compes-

31 2906 258 2936 ceremus.
326 2889 364 2935 E
407 2889 609 2938 custodia
648 2889 842 2954 elapsus,
875 2902 924 2938 ut
945 2892 1251 2938 aernuLorum'
1239 2889 1527 2955 impotentiae
1549 2893 1784 2948 cederet,
1774 2902 1824 2941 111

36 2954 165 3001 Galli
171 2971 244 3001 am
276 2953 317 2999 se
340 2954 563 3017 recepit:
584 2955 745 3030 ibique
772 2955 932 3002 mansit
967 2956 1108 3003 ferme
1143 2955 1280 3029 usque
1323 2957 1379 3003 ad
1404 2957 1642 3008 biennium
1666 2976 1718 3020 pr
1700 2959 1822 3005 oxi*

35 3034 182 3074 mum,
219 3032 312 3081 quo
355 3029 563 3081 tempore
599 3021 804 3084 priorum
828 3019 1103 3068 seditionum
1142 3021 1349 3068 omniurn
1375 3024 1579 3069 auctores
1600 3022 1823 3078 oblim&

38 3083 199 3129 nostrae
217 3097 327 3145 erga
343 3080 386 3130 se
410 3085 482 3145 (3)
509 3084 725 3140 levitatis,
752 3091 792 3132 &
818 3084 883 3130 sui
907 3100 1016 3147 erga
1039 3101 1119 3132 nos
1141 3085 1281 3132 officii
1304 3085 1427 3132 bello
1450 3085 1652 3148 suscepto
1671 3088 1729 3134 ad
1751 3104 1824 3134 ar-

36 3161 114 3195 ma
134 3147 344 3195 adversus
367 3162 449 3194 nos
471 3147 640 3196 ierunt.
709 3149 782 3196 Ibi
806 3148 886 3195 ille
905 3151 1054 3197 nostro
1069 3149 1187 3211 J'uffu
1209 3161 1465 3206 revocatus,
1486 3167 1537 3198 ac
1562 3150 1694 3198 bonis
1716 3168 1772 3199 ct.
1776 3159 1825 3198 'ni

37 3211 235 3273 pristinis
261 3209 514 3258 honoribus
537 3212 856 3269 eirestitutis‚
844 3227 1012 3260 lterum
1023 3213 1238 3263 omnibus
1257 3215 1403 3277 copiis
1424 3216 1604 3278 legatus
1625 3216 1686 3262 est
1709 3226 1827 3279 praea

35 3275 199 3323 ῑεέὶαε.
267 3273 379 3335 Ejus
401 3288 554 3323 autem
582 3274 754 3326 ductu
742 3291 806 3325 ita
846 3278 994 3326 statim
1034 3280 1181 3325 nostra
1219 3278 1427 3326 refloruit
1467 3280 1727 3335 auitoritaffi·
1776 3285 1826 3326 ut

34 3340 234 3388 universi
257 3338 452 3388 rebelles
475 3340 624 3391 subito
647 3342 797 3407 patria
812 3343 972 3391 relicta
990 3343 1137 3392 coatti
1159 3343 1277 3391 fint
1263 3360 1312 3390 m
1337 3344 1559 3409 Angliam
1583 3344 1627 3392 se
1647 3344 1827 3406 recipe-

98 3470 166 3520 (1)
185 3468 274 3507 The
290 3482 408 3520 queen
425 3448 823 3521 immediatelybefore
838 3472 915 3510 this
1019 3471 1086 3524 (2)
1113 3473 1183 3512 See
1211 3471 1251 3510 th
1243 3486 1276 3510 -ε
1295 3481 1382 3510 note
1410 3487 1460 3511 on
1483 3467 1550 3515 lib.
1575 3484 1638 3523 14.
1658 3486 1740 3524 capr
1763 3480 1828 3526 370
1859 3512 1861 3514 .

50 3523 235 3571 marriage
255 3525 440 3580 anvanced
472 3522 540 3563 the
568 3526 644 3564 carl
667 3523 713 3564 of
727 3522 917 3565 Bothweu
1025 3527 1088 3580 (3)
1117 3526 1220 3567 Gen.
1239 3524 1388 3568 lenitati
1389 3539 1418 3567 s

50 3584 91 3615 to
110 3577 152 3618 be
171 3575 270 3617 duke
282 3578 331 3617 *of
345 3576 517 3627 Orkn‘ey,
961 3587 963 3589 “

847 3630 1012 3694 Y-yr
1748 3638 1836 3684 re}
