1992 3801
128 165 262 253 448
440 166 802 233 RERUM
890 164 1581 238 ScoTI'CARUM
1990 204 1992 255 ς

128 278 272 320 mant,
292 280 428 328 quam
453 267 630 330 Regem
652 265 855 313 vicinum
877 264 924 311 in
943 265 1100 324 eadem
1125 265 1268 314 insula
1297 281 1472 325 natum,
1514 287 1680 334 genere
1702 272 1892 337 propin.

127 347 290 395 quum,
311 331 359 378 in
381 330 548 385 eisdem
571 330 751 394 legibus
770 332 839 392 (1)
863 328 1134 384 institutum,
1162 331 1430 389 moribus‚&
1454 335 1612 399 lingua
1634 339 1900 400 educatu-m,
1961 339 1970 344 ’

124 413 211 442 nec
231 396 397 459 opibus
416 407 612 448 tantum,
637 394 709 440 sed
732 394 945 440 omnibus
970 394 1061 441 fere
1084 408 1371 443 externarum
1389 415 1540 448 rerum
1558 402 1630 448 vel
1650 420 1898 452 ornamen-
1974 434 1978 440 ·

124 461 204 516 tis,
238 461 312 507 vel
350 459 671 523 emolumentis
713 458 987 521 superiorem
1015 477 1025 506 z
1060 465 1101 506 δε
1139 460 1317 516 adhaec,
1351 462 1432 525 qui
1452 480 1720 527 perpetuam
1744 468 1897 518 secum

125 525 437 577 concordiam,
457 529 507 572 δε
531 536 734 569 veterum
751 523 962 569 odiorum
985 522 1265 570 oblivionem
1291 527 1485 574 afferret.
1554 532 1696 594 Qod
1719 533 1748 579 fi
1763 537 1919 596 pere-'¹>

124 589 311 653 grinum
350 589 547 651 aliquem
565 589 740 651 lingua,
779 587 996 642 moribus,
1022 593 1063 635 δε
1083 588 1297 636 institutis
1316 590 1647 641 dissentientem
1670 598 1897 646 accersant
1944 613 1947 615 ’

125 655 186 702 ad
209 670 401 717 regnum
433 654 728 716 capiendum,
767 652 914 699 secum
960 664 1010 698 ut
1030 653 1303 715 cogitarent,
1323 656 1508 718 quantis
1527 657 1642 705 illud
1660 662 1900 710 confilium

126 720 260 766 malis
278 717 564 781 implicatum
588 717 720 763 esset:
755 719 805 766 δε
826 728 941 778 quot
964 717 1110 763 secum
1130 718 1308 765 afferret
1323 719 1634 770 incommoda.
1706 727 1757 772 [d
1780 726 1900 789 ipsos

127 783 316 830 aliarum
342 783 579 829 nationum
597 781 811 843 exemplo
825 783 945 844 posse
967 780 1130 828 animis
1154 782 1406 845 prospicere
1427 804 1438 832 ε
1474 786 1616 849 idque
1637 788 1770 837 satius
1794 792 1898 847 effe,

126 863 266 911 quam
290 846 577 909 experiundo
599 845 782 892 discere.
851 847 992 909 Qod
1013 860 1165 893 autem
1189 847 1246 892 ad
1269 848 1309 896 se
1327 849 1506 904 attinet,
1532 851 1562 897 fi
1587 854 1826 901 Scotorum
1852 873 1901 903 a·

125 913 276 960 nimos
300 928 325 958 a
346 909 591 958 concordia
614 926 705 957 non
725 911 896 957 alienos
914 910 1194 972 intelligant,
1214 910 1392 973 aliquid
1438 914 1494 959 de
1511 914 1614 974 jure
1633 916 1808 965 summo
1828 936 1903 967 re·
1955 938 1959 942 ’

124 977 331 1024 missuros
353 993 364 1021 :
401 974 728 1037 contentosque
750 973 864 1029 fore,
883 988 930 1020 ut
945 975 1101 1037 puella
1115 974 1262 1036 Regia
1283 976 1328 1022 in
1353 980 1568 1038 potestate
1583 979 1761 1027 suorum
1784 977 1902 1030 edu'-
1938 996 1946 1000 ⁷

125 1053 321 1096 caretur,
337 1040 474 1103 usque
499 1040 555 1088 ad
577 1051 755 1085 aetatem
776 1038 999 1093 nubilem,
1023 1039 1170 1086 donec
1187 1039 1281 1101 ipsa
1302 1041 1357 1087 de
1373 1041 1560 1089 consilio
1579 1060 1818 1105 procerum
1844 1048 1901 1095 fi>-

127 1105 404 1153 bimaritum
440 1103 610 1167 eligere
642 1104 786 1166 posset
810 1122 820 1151 :
855 1103 913 1150 ad
956 1103 1003 1149 id
1028 1102 1165 1166 usque
1188 1116 1383 1166 tempus,
1411 1119 1460 1152 ut
1480 1108 1694 1171 utrinque
1723 1127 1748 1156 a
1771 1111 1833 1166 vi,
1860 1117 1902 1161 &

125 1172 263 1218 armis
285 1169 581 1216 abstineretur
601 1186 612 1214 ε
636 1167 880 1215 neinterea
893 1169 1074 1231 Regina
1091 1167 1138 1214 in
1162 1170 1456 1233 peregrinum
1478 1172 1619 1218 solum
1640 1175 1896 1224 transveha-

127 1249 201 1282 tur
222 1257 233 1283 :
266 1251 379 1282 neve
401 1249 507 1280 cum
530 1233 691 1287 Galle,
711 1246 789 1280 aut
810 1233 902 1280 alio
924 1248 1158 1296 quoquam
1173 1245 1326 1280 extero
1349 1235 1407 1281 de
1431 1236 1724 1285 matrimonio
1745 1241 1898 1303 paffio
1948 1267 1952 1271 -
1984 1254 1990 1260 ·

130 1300 225 1348 fiat.
291 1300 347 1346 Id
367 1299 397 1345 si
421 1297 706 1345 ScotisanSte
728 1297 1015 1360 promittant,
1037 1296 1077 1345 se
1102 1297 1190 1343 fine
1207 1315 1331 1345 mora
1354 1314 1515 1361 pacato
1534 1302 1717 1365 agmine
1740 1304 1905 1352 disces?
1951 1320 1967 1331 ·’

124 1365 247 1412 suros
275 1383 286 1411 :
323 1364 414 1413 &fi
435 1363 551 1426 quid
573 1361 730 1409 damni
753 1362 952 1410 Scotiam
974 1361 1151 1427 ingreffi
1175 1362 1403 1419 dederint,
1435 1365 1484 1413 id
1514 1365 1556 1413 se
1581 1366 1805 1416 bonorum
1824 1369 1893 1417 vi-
1942 1394 1954 1401 f
1979 1368 1985 1374 '

124 1446 280 1477 rorum
299 1428 470 1476 arbitro
488 1426 908 1490 compensaturos.’'
1957 1472 1959 1477 A

194 1495 421 1541 XLVIII.
453 1493 552 1539 Has
571 1493 723 1539 literas
745 1492 803 1538 ad
825 1492 866 1539 se
889 1492 1045 1539 allatas
1067 1493 1237 1539 Prorex
1269 1508 1374 1541 cum
1417 1495 1589 1548 Ioanne
1630 1495 1767 1544 fratre
1789 1498 1902 1548 Fani
1968 1536 1969 1539 η

130 1560 329 1607 Andreae
353 1556 732 1619 Archiepiscopo,
757 1573 895 1619 quem
918 1556 966 1604 in
1009 1557 1181 1611 locum,
1219 1562 1266 1606 ὅτ
1301 1558 1616 1606 auctoritatem
1640 1561 1901 1611 Cardinalis
1965 1582 1968 1586 ⁴

131 1623 435 1686 assumpserat,
460 1621 616 1685 paucis
639 1621 739 1667 aliis
766 1624 837 1683 (2)
862 1623 1129 1669 ostenderat.
1196 1622 1274 1669 Illi
1296 1623 1490 1685 inspem
1535 1624 1738 1673 victoriae
1765 1628 1901 1676 erecti
1976 1622 1984 1629 ’

129 1691 332 1736 ευᾶοτεε
372 1687 586 1739 suerunt,
628 1701 677 1733 ut
698 1686 1099 1750 supprimerentur.
1170 1687 1457 1735 Verebantur
1473 1687 1597 1735 enim
1621 1706 1676 1737 ne
1696 1691 1725 1738 fi
1750 1693 1901 1753 palam
1936 1732 1942 1738 ,,

127 1754 259 1801 fafitae
273 1753 428 1807 effent,
454 1751 668 1814 aequitate
686 1751 1004 1798 conditionum
1020 1751 1266 1807 intellecta,
1289 1753 1422 1800 multi
1445 1753 1498 1799 ad
1526 1753 1756 1815 pacatiora
1789 1771 1902 1804 con-

126 1817 224 1866 filia
245 1817 534 1864 inclinarent.
601 1817 688 1878 Ipsi
712 1828 861 1863 autem
888 1828 1127 1878 pertotum
1149 1816 1397 1864 exercitum
1421 1832 1649 1864 rumorem
1683 1819 1916 1884 spargen-.

128 1883 240 1931 dum
263 1894 441 1936 curant,
466 1880 646 1944 Anglos
661 1898 715 1927 eo
726 1881 913 1928 confilio
923 1881 1105 1936 venisse,
1125 1894 1174 1928 ut
1195 1881 1345 1928 ablata
1357 1900 1439 1946 per
1459 1880 1555 1927 vim
1578 1882 1775 1946 Regina.
1795 1901 1900 1949 reg-

127 1964 241 1995 num
264 1946 327 2003 vi,
353 1951 401 1995 &
424 1945 560 1992 armis
578 1945 625 1991 in
649 1946 771 1993 suam
810 1945 1032 1993 ditionem
1055 1944 1330 2009 redigerent.
1397 1948 1565 1994 Prorex
1587 1961 1737 1994 autem
1761 1949 1902 1997 homo

128 2025 293 2060 natura
313 2010 459 2057 socors
479 2022 675 2073 quatuor
696 2010 845 2058 nihilo
867 2009 909 2057 se
931 2010 1096 2074 ipsodn
1115 2028 1162 2058 re
1186 2011 1374 2058 militari
1416 2010 1710 2059 consultiores
1733 2013 1903 2077 allege-
1923 2028 1930 2047 *
1951 2037 1953 2042 ·
1983 2010 1992 2030 ³

130 2090 217 2132 rat,
238 2076 296 2123 ad
317 2091 514 2137 quorum
529 2087 690 2122 nutum
713 2075 871 2122 omnia
882 2075 1314 2137 circumagerentur.
1339 2074 1408 2123 Hi
1428 2087 1557 2122 erant
1576 2087 1665 2123 tres
1686 2076 1780 2137 ejus
1794 2095 1902 2140 pro·
1976 2080 1979 2081 ⁷

122 2142 309 2205 pinqui,
336 2142 528 2186 Ioannes
546 2137 691 2187 ‘frater
714 2139 826 2187 Fani
846 2140 1046 2188 Andreae
1070 2139 1472 2203 Archiepiscopus,
1502 2141 1660 2188 Abbas
1681 2142 1903 2190 Fermeli-

127 2205 305 2254 noduni
326 2206 396 2267 (3)
419 2204 652 2268 Georgius
667 2205 858 2260 Durius,
876 2208 927 2257 δε
951 2204 1257 2252 Archibaldus
1280 2204 1515 2253 Betonius.
1584 2208 1784 2272 Qartus
1806 2197 1903 2259 erat
1944 2231 1965 2240 -·

128 2272 277 2334 Hugo
293 2269 491 2333 Riggius
505 2269 773 2324 causidicus,
786 2270 987 2333 corporis
1002 2269 1140 2325 mole,
1155 2275 1195 2316 δε
1211 2269 1380 2316 stolidis
1398 2267 1570 2317 viribus
1584 2271 1747 2334 magis,
1763 2287 1903 2334 quam
1974 2270 1980 2274 ’

127 2335 399 2400 militarium
423 2350 574 2381 rerum
613 2334 881 2398 cognitione
903 2333 1107 2398 insignis⁸
1177 2334 1245 2382 Hi
1287 2335 1532 2398 Proregem
1555 2334 1630 2382 sua
1653 2335 1811 2398 sponte
1830 2336 1920 2400 ins
1947 2333 1971 2399 „sl

128 2401 425 2453 constantem,
445 2398 519 2445 sed
538 2399 595 2446 ad
613 2416 798 2446 omnem
821 2399 1014 2446 rumoris
1049 2415 1203 2445 auram
1226 2398 1411 2446 consilia
1434 2411 1684 2447 mutantem
1709 2399 1772 2447 ita
1791 2416 1904 2448 vana

127 2466 205 2528 spe
224 2462 429 2512 vinoriae
447 2462 716 2526 implerunt,
736 2476 786 2512 ut
805 2464 1000 2512 aliorum
1014 2462 1407 2512 admonitionibus
1424 2463 1593 2511 clausas
1615 2480 1742 2512 aures
1763 2464 1903 2513 habe*-
1953 2468 1968 2503 *l

125 2541 211 2578 ret.

193 2592 367 2641 XLIX.
399 2592 580 2639 Interea
602 2608 705 2639 cum
730 2608 811 2655 per
834 2593 1076 2640 Scotorum
1094 2591 1346 2639 exercitum
1368 2592 1578 2656 Proregis
1590 2592 1726 2641 amici
1748 2593 1901 2641 fletum
1988 2638 1989 2641 ,

129 2675 157 2706 a
178 2658 219 2706 se
234 2672 465 2704 rumorem
487 2656 866 2705 disseminandum
886 2659 1120 2712 curaffent,
1142 2658 1286 2704 statim
1301 2672 1472 2719 magno
1495 2673 1598 2705 cum
1620 2658 1820 2705 tumultu
1842 2657 1903 2704 ad

128 2737 256 2771 arma
276 2720 521 2768 discursum
543 2723 619 2769 est.
651 2720 850 2769 Primam
874 2722 1020 2770 aciem
1044 2721 1352 2769 Archibaldus
1372 2721 1633 2786 Duglaffius
1665 2722 1898 2785 Angusiae,
1938 2766 1952 2782 ,-
1977 2751 1982 2754 -

128 2788 400 2851 postremam
422 2786 657 2850 Georgius
680 2786 949 2834 Gordonius
972 2786 1224 2834 Huntilaeae
1244 2787 1451 2834 Comites
1473 2786 1639 2835 ducere
1652 2785 1768 2848 juffi.
1802 2787 1920 2850 Des
1947 2818 1962 2823 η

128 2868 188 2898 na
203 2851 382 2913 utrique
404 2849 603 2898 virorum
628 2850 817 2898 fortium
843 2852 993 2899 millia
1014 2852 1136 2898 data.
1169 2850 1394 2900 Prorexin
1418 2849 1570 2898 media
1582 2867 1726 2914 prope
1744 2865 1900 2913 parem

128 2931 372 2962 numerum
395 2915 615 2974 habebat.
677 2915 751 2963 De
776 2915 888 2980 fuga
925 2916 1187 2979 Anglorum
1226 2931 1381 2962 rumor
1422 2914 1572 2963 subito
1591 2927 1793 2970 exortus,
1817 2929 1906 2962 nee·
1978 2971 1981 2973 ‚

127 2979 322 3026 omnino
344 2994 486 3025 vanus
508 2994 619 3027 erat.
655 2980 781 3027 Nam
804 2996 908 3031 cum
933 2981 1232 3029 deficerentur
1255 2991 1533 3036 commeatu,
1556 2994 1642 3028 nec
1666 2980 1692 3027 ὲ
1714 2979 1898 3043 longin-
1947 2981 1953 2985 ’

125 3060 223 3106 quo
245 3043 530 3101 frumentari,
549 3060 632 3091 nec
646 3061 803 3107 rapere
823 3062 880 3092 ex
903 3045 1024 3110 agris
1043 3044 1090 3091 in
1110 3055 1235 3091 tanta
1245 3044 1477 3107 paucitate
1500 3043 1740 3098 auderent,
1761 3057 1901 3108 unam
1934 3043 1949 3108 J

124 3106 280 3155 salutis
302 3107 596 3169 expediendae
629 3110 853 3157 rationem
874 3109 1138 3163 credebant,
1174 3108 1204 3154 fi
1223 3123 1349 3171 parte
1369 3108 1804 3172 impedimentorum
1827 3121 1899 3154 re·
1933 3142 1938 3148 .

128 3171 235 3220 licta
248 3171 331 3234 ipsi
349 3171 501 3236 longis
518 3173 758 3221 itineribus
780 3186 902 3220 retro
922 3172 1269 3221 contenderent.
1335 3174 1512 3221 Verum
1532 3185 1602 3222 tot
1621 3173 1898 3220 armatorum

127 3235 335 3285 millibus
355 3236 414 3282 ad
435 3237 648 3301 praelium
667 3238 911 3296 instructis,
930 3254 1040 3287 cum
1059 3254 1143 3286 nec
1182 3237 1232 3286 in
1253 3238 1443 3302 planum
1466 3234 1894 3286 descenderevaude-

181 3365 247 3416 (η)
276 3367 395 3406 ms,
421 3363 614 3406 institutis.
872 3393 876 3399 ,
996 3405 998 3413 ,
1038 3368 1292 3419 comptroller,
1312 3367 1462 3408 brother
1491 3375 1531 3405 to
1555 3365 1622 3404 the
1641 3363 1733 3403 iaira
1748 3337 1909 3404 ornat?
1934 3346 1937 3348 ’
1973 3337 1992 3346 ”

181 3421 247 3471 (2)
276 3420 338 3458 M.
353 3421 392 3458 S.
421 3419 591 3459 ostendit.
1037 3422 1135 3469 four,
1154 3422 1278 3461 cousin
1297 3429 1335 3460 to
1362 3421 1430 3460 the
1456 3431 1635 3470 governor
1651 3414 1890 3524 ειξιὲὸῗέἒὲσ

135 3495 139 3498 ·
181 3477 249 3526 (3)
278 3473 358 3511 Mr.
381 3475 526 3520 George
544 3473 662 3523 Dury,
692 3475 844 3514 brother
859 3483 899 3514 to
917 3474 983 3513 the
1035 3476 1110 3513 late
1128 3475 1306 3526 cardinal,
1323 3477 1394 3516 and
1412 3475 1493 3519 Mt.
1513 3471 1634 3525 Hugh
1644 3471 1698 3511 Ra

129 3528 224 3566 laird
242 3527 285 3565 of
298 3527 417 3575 Dury,
438 3525 561 3562 cousin
580 3535 618 3565 to
648 3527 713 3564 the
731 3530 894 3567 cardinal
912 3531 984 3566 and
1038 3529 1169 3572 bartie.
1472 3563 1479 3569 ,

129 3589 320 3630 governor,
349 3578 545 3620 Archhald
564 3579 704 3621 Beaton
723 3582 767 3621 of
780 3581 982 3630 Pitlochie,

1774 3681 1893 3731 rent,
