2112 3786
1428 1 1430 3 V
1475 20 1494 43 s

497 130 862 196 RERUM
955 129 1658 225 ScoTrcARUM

446 235 617 284 Silvius
637 235 717 284 ille
740 237 907 303 bonus,
933 239 1016 301 qui
1039 240 1243 288 carmina
1264 241 1409 289 nostra
1430 237 1596 290 lacessi't
1619 262 1632 291 :

570 301 737 367 Nostra
759 303 905 365 magis
928 305 1100 370 meruit
1122 305 1314 357 disticha
1335 306 1482 352 Brittc-
1506 308 1672 356 bonus.
1707 352 1711 356 Α

443 363 617 413 Silvius
637 365 716 412 hic
737 366 884 413 bonus
907 369 981 415 est.
1017 370 1139 432 Qis
1161 370 1328 417 Silvius
1354 374 1370 416 ἓ
1405 373 1490 417 Iste
1514 372 1775 423 Britannus.

571 432 669 477 Aut
691 431 838 477 Britto
861 431 936 478 hic
959 449 1051 480 non
1073 436 1135 480 est
1154 435 1340 490 Silvius,
1365 448 1442 482 aut
1461 438 1608 483 malus
1632 439 1711 484 est.

444 492 614 541 Silvius
637 496 721 542 effe
743 496 890 543 bonus
913 497 1078 557 Britto,
1110 498 1345 562 ferturque
1366 500 1627 548 Britannus.

574 559 690 622 Qis
714 561 870 607 credat
891 560 1039 608 civem
1063 561 1348 627 degenerasse
1373 565 1547 614 bonum
1574 566 1585 612 !

411 665 414 668 .
443 623 600 672 Nemo
623 627 770 672 bonus
789 625 936 673 Britto
958 627 1018 672 est
1038 644 1049 673 τ
1088 628 1118 674 fi
1141 628 1331 691 fimplex
1354 628 1521 676 Silvius
1545 632 1631 678 ess‘e

572 689 789 752 Incipiat,
811 691 1003 752 simplex
1025 691 1198 740 definet
1219 694 1303 740 effe
1327 688 1489 741 bonus

443 753 612 801 Silvius
634 753 711 800 hic
732 755 877 801 bonus
899 756 962 802 est
988 775 999 803 :
1033 756 1277 805 sed‘Britto
1299 758 1360 806 est
1383 758 1551 807 Silvius
1573 759 1700 808 idem

442 864 446 865 ⁷
574 818 837 882 Simplicior
857 836 925 866 res
946 821 1022 875 est,
1048 821 1201 868 dicere
1223 822 1370 870 Britto
1393 824 1556 872 malus.

444 883 561 930 Silvi
581 882 728 930 Britto
751 884 915 939 bonus,
944 886 1151 946 quamvis
1174 887 1315 935 homo
1337 905 1426 933 non
1453 889 1597 935 bonus
1622 888 1709 935 effe
1766 911 1772 915 ·

571 949 605 995 F
609 947 734 1002 erris,
758 964 842 994 nec
872 948 914 994 se
936 948 1038 1010 quit
1055 949 1250 1014 jungere
1272 951 1418 998 Britto
1442 964 1487 998 et
1506 954 1663 999 homo.

232 1036 387 1095 XIII.
421 1035 518 1099 Qi
537 1033 779 1082 Britannos
806 1033 1051 1079 Gallorum
1074 1034 1261 1081 colonos
1282 1037 1364 1081 esse
1383 1036 1686 1092 contendunt,
1711 1034 1760 1081 hi
1781 1036 1968 1085 Hercu·

186 1101 277 1148 lem
313 1101 338 1148 ὲ
377 1101 513 1147 Celto
551 1099 705 1162 puella
738 1098 923 1144 Gallica
958 1097 1226 1146 Britannum
1254 1098 1399 1146 filium
1424 1100 1632 1164 'genuiss'e
1666 1101 1902 1162 produnt:
1939 1104 1969 1151 ὲ

186 1183 281 1230 quo
304 1177 490 1229 gentem
509 1164 770 1212 Britannam
795 1175 1111 1226 propagatam.
1154 1166 1291 1210 Hanc
1311 1165 1542 1211 nationem
1567 1165 1740 1211 Plinius
1762 1166 1967 1216 vicinam

189 1233 261 1293 (ι)
289 1230 502 1284 Morinis,
527 1227 842 1283 Atrebatibus,
868 1226 1141 1274 Gefforiacis
1164 1229 1375 1276 collocat.
1463 1229 1559 1291 Qi
1595 1230 1618 1276 ὲ
1655 1230 1836 1276 Graecis
1866 1231 1969 1277 haec

186 1296 459 1343 confirment
480 1311 571 1340 non
595 1292 754 1338 desunt
775 1291 1083 1355 grammatici,
1106 1291 1318 1348 Souidas,
1339 1299 1379 1340 &
1402 1293 1481 1355 qui
1499 1294 1856 1356 Etymologicon
1869 1313 1968 1342 ma-

187 1377 332 1424 gnum
351 1358 537 1422 scripfit.
563 1359 616 1405 In
637 1358 793 1403 eadem
814 1356 1034 1403 sententia
1055 1357 1169 1403 mihi
1193 1358 1319 1404 fuifl'e
1341 1358 1556 1404 videntur
1572 1358 1966 1419 C.JuliusCaesar,

187 1430 229 1472 &
245 1427 302 1471 C.
321 1422 563 1470 Cornelius
579 1422 793 1477 TacitUS,
813 1421 982 1484 aliique
1004 1419 1239 1483 scriptores
1256 1422 1410 1470 Latini
1432 1439 1520 1476 non
1545 1421 1721 1469 indocti
1742 1441 1752 1470 ε
1779 1439 1868 1469 non
1894 1423 1967 1470 in-

187 1489 388 1536 celebres
410 1501 577 1534 tamen.
630 1488 747 1534 Item
766 1487 903 1541 sacra,
929 1486 1091 1542 sermo,
1115 1487 1331 1543 instituta,
1358 1487 1660 1551 gentiumque
1676 1488 1966 1548 quarundam

187 1555 246 1600 ad
269 1570 391 1600 mare
413 1553 651 1599 Gallicum
675 1550 979 1598 habitantium
1006 1567 1171 1607 mores,
1199 1551 1552 1606 id'confirmant‚
1591 1552 1615 1598 ὲ
1650 1553 1817 1615 quibus
1849 1551 1968 1598 mihi

191 1620 262 1680 (2)
289 1616 493 1665 Britanni
515 1616 984 1679 transmigrationibus
1007 1617 1227 1672 exhausti,
1253 1616 1431 1664 Morini
1460 1616 1681 1679 paulatim
1707 1615 1969 1679 consumpti

186 1683 417 1730 videntur.
485 1680 697 1728 Morinus
717 1680 904 1743 quidem
931 1680 956 1726 a
980 1682 1113 1728 More
1135 1682 1200 1744 (id
1224 1694 1378 1729 vetere
1396 1681 1641 1728 Gallorum
1664 1681 1824 1744 lingua
1842 1698 1968 1729 mare

188 1747 430 1812 fignificat)
456 1747 577 1793 suam
601 1745 713 1792 mihi
734 1744 960 1808 originem
984 1745 1131 1793 testari
1148 1746 1345 1807 videtur.
1417 1747 1486 1808 (3)
1522 1747 1676 1791 Venta
1698 1745 1964 1808 Belgarum,

190 1819 232 1860 &
255 1812 311 1859 ab
332 1811 428 1859 lcio
451 1811 623 1860 dietum
659 1811 848 1857 Icenum
880 1811 1016 1857 etiam
1038 1811 1083 1857 in
1109 1812 1307 1859 alienum
1331 1810 1473 1871 solum
1499 1809 1647 1856 secum
1673 1809 1965 1873 cognominis
2025 1843 2031 1847 ..

188 1877 294 1924 loco
316 1876 508 1939 patriam
526 1892 686 1922 vocem
707 1876 911 1928 extulisse
934 1877 983 1923 fit
1005 1876 1246 1923 verisimile
1269 1896 1278 1923 2
1317 1887 1454 1938 atque
1478 1875 1523 1921 in
1550 1874 1810 1938 ipsostatim
1834 1874 1988 1929 aditur

188 1956 477 1989 occurrentes
509 1940 765 1996 Britannos,
800 1942 929 1988 velut
959 1941 1228 2004 progeniem
1263 1940 1574 2001 agnoscentes,
1613 1939 1804 1985 domurn
1839 1938 1964 1986 suam

189 2017 408 2070 tanquam
425 2007 473 2053 in
491 2005 738 2068 hospitium
763 2006 987 2053 deducere
1009 2007 1144 2052 velle.
1179 2005 1392 2052 Morinus
1418 2004 1539 2050 enim
1564 2004 1715 2050 Gallis
1732 2004 1965 2050 vetcrssbus

189 2073 437 2130 marinum,
459 2070 829 2118 &Moremarusa
853 2087 975 2117 mare
1006 2082 1239 2118 mortuum
1263 2070 1485 2133 significat
1516 2088 1526 2115 t
1560 2085 1825 2133 quanquam
1866 2068 1966 2115 haec

188 2138 414 2198 postrema
435 2137 528 2183 duo
551 2135 736 2182 nomina
755 2135 1032 2199 Gorropius,
1049 2137 1158 2182 dum
1178 2135 1275 2181 suos
1293 2134 1544 2181 Adriaticos
1564 2131 1698 2179 nimis
1719 2132 1963 2179 ambitiose

187 2202 291 2248 vult
311 2201 538 2256 excolere,
563 2216 677 2262 pene
697 2200 829 2246 nobis
851 2200 1067 2263 surripuit
1091 2218 1101 2247 t
1131 2201 1201 2264 (4)
1228 2215 1311 2246 nec
1333 2198 1605 2251 Aremorici,
1632 2212 1710 2244 aut
1732 2195 1967 2244 Armorici

189 2265 232 2311 se
255 2264 390 2312 nostri
412 2264 591 2329 generis
613 2264 786 2327 negare
803 2263 995 2327 possunt.
1074 2265 1314 2311 Habemus
1336 2263 1457 2310 enim
1484 2262 1676 2323 majores
1699 2267 1738 2307 δι
1773 2260 1964 2324 propin-

189 2324 306 2392 quus
329 2347 468 2393 penes
486 2332 568 2377 nos
587 2330 778 2376 obfides.
826 2330 949 2376 Nam
974 2330 1040 2376 Ar
1060 2329 1135 2375 vel
1161 2331 1252 2376 Are
1274 2342 1404 2376 vetus
1427 2328 1486 2374 est
1508 2326 1766 2388 praepositio
1788 2326 1966 2389 linguae

191 2393 407 2451 Gallicae,
432 2396 559 2458 quod
597 2394 655 2440 ad
691 2395 765 2439 vel
787 2393 919 2456 super
955 2394 1147 2448 indicat,
1181 2394 1305 2456 quali
1342 2393 1465 2438 dicas
1496 2391 1716 2445 ad'mare‚
1740 2391 1814 2436 vel
1832 2391 1966 2454 super

189 2473 331 2513 mare,
355 2459 444 2506 hoc
462 2460 538 2514 est,
563 2458 861 2506 maritimum.
930 2458 1241 2506 Moremarufa
1267 2459 1376 2504 vero
1394 2456 1426 2501 'a
1449 2457 1601 2509 More,
1623 2456 1711 2500 hoc
1736 2455 1795 2500 est
1817 2471 1960 2518 mare,

190 2523 393 2570 declinat
416 2524 578 2571 ultima
599 2521 768 2585 syllaba
788 2521 1011 2595 producf‘m
1033 2523 1078 2570 in
1105 2539 1276 2569 rnorem
1293 2519 1532 2586 participii
1556 2518 1730 2566 Graeci.
1765 2519 1962 2566 Aremo-

189 2587 287 2635 rica
306 2589 513 2651 quidem,
538 2589 612 2635 seu
638 2589 878 2634 Armorica
903 2588 1003 2651 (qui
1028 2588 1171 2633 statim
1195 2587 1402 2634 anditum
1427 2602 1515 2631 non
1541 2583 1798 2648 agnoverit,
1822 2582 1859 2651 is
1881 2600 1962 2646 ve-

189 2664 332 2700 terem
363 2653 570 2718 linguam
606 2652 836 2699 Gallicam
868 2653 1044 2717 prorsus
1081 2652 1284 2717 ignorat)
1321 2657 1359 2698 δι
1385 2650 1532 2713 ipsum
1554 2649 1740 2712 quoque
1766 2647 1962 2710 (mariti-

190 2719 340 2778 mum)
355 2718 590 2782 fignificat,
607 2717 681 2764 vel
707 2718 928 2764 Strabone
952 2718 1217 2779 interprete,
1239 2715 1318 2780 qui
1337 2714 1505 2762 Graece
1523 2730 1605 2776 pro
1624 2731 1678 2760 eo
1700 2713 1832 2760 nobis
1846 2712 1963 2760 sem-

189 2798 273 2844 per
289 2783 522 2848 reddit(5)
542 2782 864 2845 Apoceanitas.
908 2783 1059 2828 Caesar
1076 2782 1132 2828 de
1145 2779 1397 2833 Armoricis
1423 2774 1521 2824 haec
1544 2778 1685 2845 lib.'5.
1708 2785 1742 2806 “
1762 2778 1963 2840 Magnas

192 2855 228 2875 ‘⁶
262 2848 509 2894 Gallorum
528 2845 681 2909 copias
700 2863 856 2893 earum
875 2846 1130 2901 civitatum,
1151 2863 1255 2910 quae
1276 2843 1532 2892 Armoricae
1551 2842 1858 2906 appellantur,
1877 2858 1964 2904 op÷

193 2918 243 2940 “·
262 2911 504 2979 pugnandi
541 2911 606 2959 sui
642 2911 1047 2961 causa'conveniffe
1072 2913 1119 2961 :’'
1159 2917 1199 2960 Sc
1228 2911 1310 2960 lib.
1342 2928 1386 2977 7.
1450 2915 1484 2937 “
1507 2907 1741 2972 Univerfis
1763 2905 1963 2975 civitati-

365 2995 381 3003 κ
489 2982 491 2984 ¹
988 2988 992 2992 ⁴
1643 2981 1658 2996 Χ

244 3041 306 3094 (ι)
346 3043 485 3094 People
515 3043 561 3080 of
585 3043 614 3079 F
617 3056 724 3091 rante
770 3057 819 3082 on
849 3044 915 3083 the
949 3045 1045 3082 coast

189 3098 331 3143 nearest
348 3105 389 3134 to
404 3098 586 3146 England.
885 3107 888 3110 ’
928 3101 934 3103 *

196 3187 201 3192 ,
245 3149 306 3201 (2)
333 3149 464 3188 Venia
485 3151 683 3198 Belgarum
701 3163 775 3188 was
793 3151 859 3189 the
877 3164 987 3189 name
1005 3152 1049 3189 of

191 3217 212 3240 a
230 3215 332 3241 town
348 3202 390 3240 in
406 3204 560 3249 France,
577 3206 651 3240 and
672 3204 715 3241 of
726 3204 883 3242 another
901 3207 940 3243 in
959 3205 1043 3243 Bri-

189 3257 284 3294 tain.
340 3256 439 3294 Icius
457 3269 531 3303 was
550 3256 623 3292 also
643 3270 662 3293 a
691 3265 791 3295 town
811 3258 850 3294 in
869 3258 1008 3296 France
1028 3273 1040 3306 3

184 3309 297 3347 Jceni
314 3323 334 3346 a
352 3311 487 3360 people.
497 3309 542 3346 of
555 3308 724 3359 Britain;
744 3309 873 3348 which
888 3311 1042 3357 argueth

189 3362 276 3400 that
288 3362 353 3400 the
366 3364 469 3401 Iceni
481 3365 552 3400 and
565 3363 631 3400 the
643 3362 872 3400 inhabitants
883 3364 927 3401 of
934 3364 1042 3400 Ven-

190 3424 229 3453 ta
258 3416 299 3453 in
317 3416 463 3454 Britain
483 3429 579 3454 were
606 3416 803 3455 deseended
820 3416 918 3455 from
947 3416 1044 3455 Itius

190 3470 262 3507 and
277 3470 406 3507 Venta
423 3469 624 3518 Belgarum
641 3469 681 3507 in
699 3471 727 3506 F
731 3483 851 3508 rance.

152 3562 153 3568 χ
243 3520 308 3572 (3)
339 3522 427 3560 The
445 3522 632 3568 Britanni,
652 3536 671 3561 a
688 3523 816 3575 people
834 3523 880 3561 of
891 3524 1044 3568 France,

191 3573 415 3631 neighbours
438 3584 476 3615 to
496 3574 562 3616 th‘e
579 3575 740 3626 Morini,
760 3575 857 3618 seem
876 3584 922 3615 ·to
951 3575 1044 3616 have

1110 3056 1203 3092 gone
1221 3042 1272 3079 all
1291 3054 1378 3078 over
1394 3048 1433 3078 to
1451 3039 1598 3077 inhabit
1617 3039 1682 3076 the
1703 3037 1765 3076 isse
1783 3037 1900 3074 called
1917 3035 1964 3087 by

1086 3109 1091 3113 ·
1108 3097 1215 3134 them
1236 3095 1394 3132 Britain.
1410 3095 1468 3131 Of
1480 3093 1544 3132 the
1559 3091 1731 3130 Britanni
1749 3091 1788 3127 in
1808 3091 1963 3138 Francis,

1100 3150 1166 3188 >see
1185 3150 1287 3186 Plin.
1308 3158 1385 3185 nat.
1406 3147 1492 3184 hist.

1099 3200 1108 3201 7
1164 3199 1227 3254 (4)
1253 3203 1313 3239 He
1331 3200 1485 3251 proveth
1514 3199 1596 3236 that
1625 3196 1836 3236 Aremorici
1866 3196 1897 3234 is
1914 3209 1965 3234 an

1109 3257 1170 3295 old
1190 3254 1318 3301 Gallie
1336 3256 1450 3299 word,
1469 3255 1541 3290 and
1558 3252 1641 3289 that
1658 3251 1763 3288 there
1782 3264 1841 3288 are
1855 3249 1967 3291 other

1109 3311 1227 3348 words
1244 3308 1288 3346 of
1298 3306 1429 3345 which
1450 3307 1480 3343 it
1506 3306 1536 3343 is
1555 3305 1822 3355 compounded‚
1843 3303 1963 3353 majo-

1110 3376 1180 3409 res,
1200 3363 1272 3400 and
1303 3366 1408 3398 come
1444 3360 1541 3397 from
1580 3358 1646 3395 the
1679 3357 1776 3394 same
1795 3353 1962 3403 original

1099 3415 1204 3454 *with
1232 3415 1277 3463 it,
1296 3415 1546 3464 propinquos,
1578 3412 1618 3449 in
1649 3411 1714 3448 the
1742 3410 1803 3447 old
1835 3408 1964 3446 Gallie
2023 3450 2028 3454 ,

1072 3503 1088 3517 ἢ
1108 3479 1259 3517 tongue-

1166 3521 1227 3573 (5)
1257 3519 1405 3563 Oceani
1424 3520 1575 3567 accolae,
1600 3517 1790 3565 bordering
1819 3529 1868 3553 on
1897 3513 1964 3553 the

1109 3587 1236 3619 ocean.

1705 3638 1707 3641 ’
1752 3628 1773 3640 ’Κ
1795 3636 1835 3677 “’
1865 3642 1969 3696 bus,
