1992 3801
222 177 301 239 32
524 155 884 221 RERUM
975 151 1660 218 ScoTicARUM

173 245 367 304 majores
378 241 513 300 nostri
527 243 663 289 nullis
681 241 878 289 obstrieti
890 239 1069 302 legibus
1085 251 1175 288 tam
1196 242 1445 287 constanter
1457 240 1754 297 observarint,
1767 251 1941 303 natura

176 307 576 361 tantuminstinftu
592 307 790 368 impulsi,
814 305 844 350 fi
868 321 947 350 nos
970 320 1127 352 eorum
1151 303 1314 367 posteri
1333 305 1538 355 adversus
1562 307 1711 369 legem
1728 306 1937 358 omnium
1972 307 1985 312 '⁴

177 371 400 434 suffragiis
421 383 670 433 acceptam,
696 376 735 416 ἃ
754 382 845 415 tam
868 370 1010 432 longo
1033 368 1110 415 usu
1134 368 1367 431 probatam
1387 368 1434 414 in
1452 369 1736 416 manifestum
1760 371 1939 433 pericu-

178 437 277 493 lum
301 437 459 495 statum
486 435 724 498 publicum
748 432 1103 495 praecipitemus,
1126 432 1248 495 quiS,
1272 447 1359 478 non
1381 430 1406 476 a
1427 432 1694 489 temeritatis
1716 434 1840 489 dico,
1865 434 1942 487 sed

176 500 360 555 insaniae
383 517 463 546 nos
485 497 675 554 infamia
694 496 947 542 vindicabit
970 500 987 542 ἒ
1019 495 1264 559 praesertim
1299 497 1403 542 cum
1425 499 1647 558 exemplis
1669 498 1941 562 propinquis

178 566 520 618 admoneamur.
590 565 788 608 Saxones
822 559 943 606 enim
967 563 1028 611 ob
1052 560 1183 610 unius
1206 560 1502 623 Ethelburgae
1523 559 1663 608 scelus
1686 564 1789 625 lege
1810 579 1974 615 cave-,5

177 618 304 683 runt,
328 645 384 675 ne
407 618 499 673 ulla
520 624 899 688 deincepsRegis
925 641 1035 677 uxor
1057 624 1237 687 Regina
1255 637 1494 678 vocaretur
1518 643 1529 670 :
1567 638 1644 672 aut
1665 627 1835 673 insede
1856 627 1943 673 ho-

177 682 303 741 noris
325 694 370 738 in
401 691 588 755 publico
610 690 734 753 Regi
763 688 979 740 affideret.
1047 689 1212 752 Qaeso
1233 689 1375 752 igitur
1407 687 1654 752 diligenter
1675 689 1943 752 expendite,

176 756 482 820 quantum‘ab
501 771 659 807 eorum
680 753 921 817 prudentia
942 755 1234 816 degenerent,
1255 752 1336 815 qui
1353 754 1559 800 advertus
1577 754 1729 818 legem
1747 767 1838 801 tam
1863 771 1942 804 ve-

176 824 357 873 tustam,
393 834 483 867 tam
508 819 708 866 foeminis
732 818 908 872 utilem,
935 818 1073 881 quam
1095 818 1202 864 viris
1223 817 1519 866 honorificam
1551 818 1732 866 clavum
1753 819 1942 882 reipub·

174 885 280 932 licae
302 879 366 932 eis
388 884 697 943 committant,
726 882 892 945 quibus
922 883 1112 942 majores
1136 882 1273 928 nostri
1293 897 1526 944 nunquam
1550 899 1716 935 nomen
1740 885 1943 948 Regium

175 949 461 998 indulserunt
481 965 492 994 ε
513 945 654 992 vicini
673 946 813 992 etiam
834 946 1000 992 honori
1038 943 1160 991 illius
1179 945 1452 990 vocabulum
1474 946 1757 993 ademerunt.
1820 948 1943 995 Aliae

176 1014 384 1061 nationes
403 1011 532 1058 aliter
548 1009 830 1062 censuerunt.
865 1011 972 1071 Qo
994 1008 1185 1064 successu
1206 1008 1356 1055 dicam
1381 1009 1546 1071 postea,
1571 1010 1712 1058 modo
1733 1010 1858 1074 prius
1875 1011 1945 1074 eia

175 1078 489 1140 respondeam,
513 1075 595 1136 qui
612 1074 729 1120 hanc
751 1075 902 1137 legem
925 1089 1016 1119 non
1036 1074 1206 1119 audent
1222 1072 1408 1135 publice
1429 1072 1716 1130 calumniari,
1733 1077 1781 1122 in
1803 1075 1941 1129 muli-

172 1132 304 1197 erum
326 1153 476 1187 autem
498 1138 829 1196 conventiculis
850 1151 1064 1200 tanquam
1087 1137 1292 1200 iniquam
1313 1149 1527 1201 arguunt.

189 1198 193 1200 Ἴ
240 1207 350 1263 XII.
389 1213 423 1234 “
455 1205 632 1261 Verum
650 1202 851 1267 quisquis
873 1203 950 1257 est,
974 1201 1057 1263 qui
1077 1218 1176 1248 eam
1195 1201 1503 1264 reprehendit,
1531 1219 1621 1250 non
1649 1204 1729 1255 ille
1750 1205 1942 1254 sanetio-

175 1287 279 1320 nem
296 1270 499 1333 aliquam
512 1269 753 1315 hominum
772 1268 912 1313 modo
929 1265 1152 1330 suffragiis
1171 1266 1532 1329 comprobatam,
1552 1268 1625 1314 sed
1643 1282 1850 1319 naturam
1866 1270 1941 1334 ip-

174 1335 284 1389 sam,
308 1335 397 1381 hoe
418 1336 477 1380 est
495 1334 645 1397 legem
676 1331 803 1379 illam
838 1330 1100 1393 primariam
1123 1330 1151 1381 ὲ
1171 1332 1275 1378 Deo
1296 1331 1345 1377 in
1363 1331 1541 1383 animos
1563 1333 1732 1387 nostros
1754 1335 1941 1390 incisam

173 1400 294 1446 velle
323 1393 652 1462 reprehendere
666 1396 863 1443 videtur.
895 1396 1121 1442 Naturam
1145 1395 1504 1464 inquam‚quam
1536 1398 1682 1444 noster
1711 1399 1940 1461 legissator

172 1463 223 1511 in
245 1464 331 1510 hac
351 1463 556 1526 roganda
577 1463 761 1517 ducem,
785 1465 833 1509 ὃ(
857 1460 1144 1507 consiliorum
1168 1461 1347 1507 suorum
1369 1460 1603 1507 rectricem
1627 1462 1802 1509 habuit.
1837 1465 1939 1517 Na.

171 1520 276 1575 tura
297 1527 419 1574 enim
443 1527 500 1583 ab
521 1526 654 1573 initio
676 1542 767 1571 non
798 1525 936 1571 modo
958 1524 1077 1571 viros
1101 1524 1127 1570 a
1149 1524 1351 1571 foeminis
1371 1524 1530 1580 animi,
1557 1525 1850 1590 corporisque
1868 1529 1940 1575 vi-

171 1592 300 1639 ribus
323 1590 547 1645 discrevit,
569 1591 643 1637 sed
665 1590 741 1636 sua
761 1588 927 1652 cuique
955 1589 1079 1635 sexui
1109 1590 1284 1644 munia,
1310 1589 1404 1645 suas
1427 1589 1617 1637 virtutes
1639 1607 1805 1654 genere
1835 1593 1942 1655 qui-

171 1657 278 1711 dem
294 1656 487 1710 easdem,
517 1655 662 1719 gradu
683 1670 792 1700 vero
814 1653 953 1717 longe
976 1652 1169 1700 diversas
1192 1653 1400 1700 attribuit
1422 1673 1433 1701 :
1465 1670 1570 1702 nam
1594 1656 1673 1717 qui
1698 1657 1848 1703 minus
1866 1658 1941 1706 inq.
1976 1680 1982 1687 ·

171 1722 392 1769 decorum
415 1721 476 1767 est
502 1718 706 1768 foeminis
725 1718 798 1779 jus
821 1717 989 1771 dicere,
1025 1718 1252 1765 delectum
1271 1718 1454 1773 habere,
1479 1720 1729 1768 exercitum
1752 1722 1937 1780 ducere,

171 1777 351 1850 signum
375 1801 543 1848 pugnae
560 1799 833 1846 proponere,
853 1781 992 1845 qnam
1015 1781 1113 1832 viro
1136 1783 1306 1838 lanam,
1321 1783 1491 1838 colum,
1509 1785 1664 1839 telam,
1685 1783 1942 1850 caeteraque

170 1850 409 1896 muliebris
445 1847 724 1900 infirmitatis
759 1849 948 1903 tractare
987 1846 1247 1900 ministeria.
1317 1848 1434 1910 Qae
1471 1848 1518 1894 in
1543 1848 1651 1894 viris
1669 1850 1937 1910 liberalitas,

170 1906 415 1968 fortitudo,
439 1913 664 1967 severitas,
688 1911 735 1966 in
755 1911 944 1958 muliere
967 1911 1185 1974 profusio,
1209 1911 1406 1967 vesania,
1430 1912 1672 1961 crudelitas
1695 1914 1890 1962 habetur
1920 1934 1933 1969 ς

169 1977 332 2026 contra
349 1977 474 2041 quod
493 1977 538 2023 in
563 1976 753 2022 foemina
775 1976 976 2039 elegam,
1000 1992 1147 2032 come,
1170 1977 1427 2030 venustum,
1449 1976 1498 2022 in
1526 1977 1635 2029 viris
1656 1978 1864 2034 fractum,
1888 1979 1938 2028 e·'

169 2043 346 2095 lumbe,
382 2042 594 2105 putidum
622 2039 872 2101 judicatur.
942 2042 1059 2088 Haec
1098 2054 1269 2089 naturae
1312 2040 1468 2102 sponte
1506 2041 1710 2090 distincta
1732 2043 1813 2106 qui
1834 2061 1938 2108 per-

168 2107 372 2160 miscere,
394 2116 431 2154 ὸς
466 2106 747 2152 confundere
772 2116 1011 2159 conantur,
1036 2121 1188 2161 nonne
1208 2103 1341 2151 vebis
1363 2105 1575 2152 videntur
1599 2122 1784 2162 omnem
1806 2109 1941 2172 regni

169 2172 329 2229 statum
351 2169 551 2234 legibus,
572 2175 610 2216 δι
634 2168 847 2228 institutis
861 2168 1036 2232 optime
1069 2169 1315 2222 formatum
1331 2185 1422 2215 non
1442 2169 1723 2233 perturbare,
1748 2171 1821 2219 sed
1836 2189 1940 2220 om·

168 2237 282 2282 nino
301 2249 501 2282 evertere
522 2237 539 2280 ?
563 2236 668 2280 cum
713 2234 935 2280 muliebre
977 2233 1223 2295 imperium
1268 2233 1400 2284 nobis
1421 2235 1612 2297 probare
1634 2238 1937 2300 contendunt,¹

166 2301 295 2362 cujus
318 2317 374 2357 ne
397 2315 564 2346 nomen
586 2299 776 2361 quidem
797 2299 939 2345 ullum
960 2298 1096 2344 nostri
1114 2300 1305 2360 majores
1326 2299 1572 2351 habehant.
1640 2301 1794 2361 Hujus
1811 2303 1937 2352 enim

169 2368 245 2425 (ut
262 2364 379 2423 dixi)
419 2363 534 2427 legis
557 2363 674 2420 lator
695 2379 787 2409 non
809 2376 901 2409 tam
925 2362 971 2408 in
991 2379 1044 2408 ea
1065 2364 1306 2416 condenda
1322 2378 1492 2409 novum
1509 2362 1583 2425 jus
1596 2365 1789 2411 attulisse
1806 2367 1938 2415 vide·

166 2440 260 2483 tur,
284 2427 422 2491 quam
459 2439 726 2490 perpetuam
766 2427 989 2488 majorum
1011 2427 1385 2482 consuetudinem
1409 2427 1551 2481 literis
1585 2429 1641 2474 ad
1665 2430 1938 2492 posteritatis,

166 2487 435 2548 memoriam
461 2492 750 2555 consignasse.
818 2492 878 2537 Et
895 2492 1021 2554 quod
1053 2491 1102 2538 in
1125 2493 1254 2556 Rege
1289 2492 1485 2545 creando
1507 2505 1666 2547 natura
1683 2495 1800 2541 duce
1819 2495 1935 2551 sem·

164 2574 250 2622 per
284 2556 428 2609 fuerat
469 2556 746 2618 usurpatum,
788 2554 838 2601 id
854 2555 903 2601 in
942 2556 1094 2619 Regio
1135 2551 1322 2618 quoque
1359 2567 1510 2608 tut-ore
1530 2559 1728 2604 creando
1749 2559 1937 2622 publica

164 2623 435 2670 aue‘toritate
455 2620 785 2675 observandum
803 2619 1084 2667 consecrasse.
1152 2623 1292 2669 Hanc
1307 2620 1388 2684 qui
1404 2619 1675 2674 labefactare
1694 2636 1937 2685 conantur,

165 2687 283 2749 quid
304 2684 428 2736 aliud
449 2684 718 2739 moliuntur,
742 2684 882 2748 quam
903 2697 954 2731 ut
970 2702 1128 2732 omnes
1146 2687 1288 2750 legeS‚
1312 2685 1444 2739 ritus,
1467 2685 1814 2735 consuetudines
1837 2706 1934 2737 ma-

159 2750 314 2811 jorum
346 2767 434 2795 una
455 2750 557 2812 lege
576 2748 794 2795 violanda
814 2748 951 2796 semel
968 2762 1189 2798 evertant.
1259 2751 1426 2813 Neque
1448 2765 1537 2814 ego
1564 2754 1643 2812 (ne
1664 2751 1767 2813 quis
1788 2752 1836 2800 id
1858 2770 1934 2806 ca-

165 2813 436 2875 lumnietnr)
461 2815 585 2876 leges
603 2829 780 2869 omnes,
800 2813 926 2870 velut
947 2813 993 2860 in
1018 2826 1238 2863 aeternum
1258 2814 1369 2868 latas
1392 2814 1586 2865 arbitror
1605 2815 1934 2871 immutabiles.

165 2878 277 2923 Alia
294 2878 481 2924 aliarum
505 2879 566 2928 est
582 2877 714 2932 ratio,
735 2879 824 2934 alia
846 2876 929 2932 viS,
954 2878 1043 2924 alia
1059 2878 1280 2925 conditio.
1314 2880 1431 2941 Qae
1449 2880 1569 2935 enim
1595 2880 1654 2925 ad
1674 2891 1935 2944 temporum

163 2941 487 2999 vicissitudines
509 2943 930 2998 accommodantur,
948 2959 1014 2989 eae
1031 2943 1226 2990 fortunae
1241 2942 1551 2997 inconstantiae
1568 2943 1669 2995 sunt
1689 2944 1933 3001 obnoxiae:

167 3000 344 3050 tamdiu
366 3006 527 3059 durare
548 3006 708 3060 solent,
733 3006 940 3068 quandiu
960 3019 1131 3062 manet,
1153 3023 1257 3071 quae
1279 3023 1352 3061 eas
1373 3005 1589 3071 imposuit
1610 3008 1836 3063 necefiitas
1853 3027 1874 3067 εὴ
1889 3015 1933 3067 ὃς

167 3084 272 3130 quae
301 3085 382 3130 per
400 3069 496 3115 vim
519 3081 816 3130 tyrannorum
843 3071 1169 3130 obtruduntur,
1200 3087 1303 3131 cum
1327 3070 1414 3124 suis
1436 3072 1695 3127 auditoribus
1719 3072 1815 3129 sere
1843 3090 1934 3128 una

165 3132 407 3195 tolluntur.
474 3134 540 3180 At
563 3147 736 3180 naturae
756 3135 853 3181 vim
874 3134 1019 3190 illam,
1043 3152 1146 3198 quae
1174 3135 1279 3183 viva
1298 3135 1499 3199 quodam
1522 3137 1662 3192 modo
1683 3138 1856 3193 lex÷est‚
1877 3141 1932 3192 δι’

166 3193 196 3253 ὲ
218 3195 539 3259 Deocondita,
559 3198 606 3243 in
621 3197 884 3263 anim6sque
901 3200 1142 3255 hominum
1158 3200 1314 3255 incisa,
1335 3205 1375 3247 &
1387 3200 1570 3263 penitus
1586 3201 1810 3264 impressa,
1826 3201 1932 3249 nul-

164 3257 255 3320 lius
286 3258 592 3322 multitudinis
615 3262 870 3319 consensus,
897 3264 1024 3324 nulla
1043 3263 1285 3322 hominurn
1319 3265 1507 3321 decreta,
1531 3265 1720 3319 abolere.
1733 3266 1928 3328 possunt.

167 3323 279 3387 Non
302 3321 426 3381 enim
461 3326 788 3387 (utqegregium
819 3330 1004 3390 poetam
1037 3327 1190 3386 dixisse
1222 3328 1394 3388 ferunt)
1428 3328 1646 3386 heri2aut
1665 3328 1803 3387 hodie
1823 3339 1934 3391 nati}
1969 3351 1973 3355 ’

94 3396 96 3398 “
165 3387 245 3447 est,
266 3387 338 3432 sed
361 3402 466 3439 cum
481 3384 577 3449 ipsa
593 3398 742 3435 rerum
765 3400 924 3436 natura
947 3409 1034 3439 una
1055 3393 1198 3457 viget,
1220 3388 1510 3449 consenescit,
1536 3398 1576 3441 &
1596 3392 1766 3444 interit.

232 3451 368 3499 XIII.
401 3457 435 3480 “
471 3451 579 3513 Qo
601 3450 627 3497 ὲ
656 3467 823 3515 genere
844 3469 949 3500 cum
976 3457 1081 3503 haec
1108 3458 1253 3504 nostra
1273 3456 1499 3520 imprimis
1525 3458 1601 3505 lex
1631 3459 1699 3512 fit,
1729 3471 1821 3509 nan
1841 3471 1929 3518 op·

165 3526 355 3588 pugnat-5
376 3513 571 3580 Reginae
596 3512 888 3584 (lignitatem,
921 3520 1004 3581 qui
1046 3520 1391 3588 cupit-,Nutlipsa
1422 3522 1541 3582 ultro
1562 3520 1646 3583 fibi
1671 3518 1934 3586 praescribat,
