1992 3801
142 148 268 230 382
408 147 766 219 RERUM
872 147 1563 216 Scor-reanum

133 243 347 293 terutrius
371 243 498 292 sexus
522 245 611 292 fine
633 244 799 309 insigni
817 243 1091 307 ignominia,
1114 245 1188 293 vel
1206 245 1333 292 clade
1355 245 1549 294 deceflit.
1626 249 1727 296 Rex
1748 261 1902 300 autem

137 310 350 363 Iacobus,
379 320 428 355 ut
449 309 577 357 vivus
600 310 814 356 omnibus
849 308 938 355 fuit
958 307 1218 364 cariffimus,
1256 309 1321 355 ita
1343 309 1438 370 ejus
1473 311 1609 358 amiffi
1634 324 1809 360 tantum
1831 333 1901 362 re·
1931 337 1935 348 ,

131 373 294 420 mansit
314 374 436 435 apud
469 374 720 438 superstites
751 371 1038 427 defiderium,
1077 384 1166 420 tam
1201 374 1407 435 jucunda
1433 375 1479 420 in
1499 377 1707 423 omnium
1737 378 1903 428 animis

127 438 256 486 haesit
275 437 549 493 recordatio,
571 449 793 500 quantum
813 436 980 486 nullius
999 435 1128 483 fuisse
1153 436 1292 500 Regis
1315 450 1394 484 aut
1412 440 1723 495 meminimus,
1741 455 1818 493 aut
1833 444 1898 491 le-

127 502 300 567 gimus·
368 503 506 566 Qiod
531 501 720 548 eveniss‘e
753 500 974 548 credibile
1007 501 1084 555 est,
1127 501 1256 548 simul
1288 505 1629 564 comparatione
1656 506 1899 563 malorum,

130 583 235 630 quae
257 567 330 613 vel
352 566 448 627 ejus
466 582 656 629 regnum
678 566 1008 628 praecefferunt,
1031 565 1104 612 vel
1126 565 1271 613 statim
1295 564 1500 613 secutura
1517 567 1790 617 videbantur
1810 589 1820 617 ε
1847 574 1902 618 fi-

129 632 226 679 mul
245 631 465 678 virtutum
488 631 807 693 expreffarum,
833 646 886 677 ac
903 630 1123 677 vitiorum
1139 630 1277 677 etiam
1303 631 1614 693 popularium,
1637 649 1740 695 quae
1758 634 1902 683 virtu·

130 708 228 744 turn
252 695 468 742 affinitate
490 694 686 758 quadam
705 695 836 758 vulgi
853 693 1028 740 animos
1053 693 1186 741 facile
1204 694 1443 757 decipiunt
1527 697 1639 743 Erat
1655 697 1778 744 enim
1799 714 1901 746 cor·

126 777 239 824 pore
270 761 418 814 firmo,
444 759 607 806 statura
621 758 754 820 justa,
778 757 868 804 oris
892 757 1118 822 dignitate
1141 758 1330 814 summa,
1364 758 1556 823 ingenio
1577 761 1766 824 quidem
1790 763 1901 819 acri,

126 825 203 873 sed
224 825 340 872 vitio
374 827 591 886 temporis
615 823 672 887 ab
695 822 837 870 literis
859 822 1052 870 inculto,
1120 824 1282 871 Unum
1305 840 1330 869 e
1352 826 1522 870 vetusta
1541 826 1692 887 gentis
1714 828 1901 876 consue·

127 890 286 938 tudine
304 888 449 936 hausit
470 887 618 942 avide,
653 899 703 933 ut
724 888 911 934 vulnera
931 887 1211 934 scientissime
1233 889 1461 934 traRaret.
1529 890 1674 950 Cujus
1691 892 1756 938 rei
1777 892 1901 954 peri.

125 954 191 1002 tia
213 953 298 1002 toti
322 954 560 1009 Scotorum
597 950 847 1004 nobilitati,
890 964 939 997 ut
961 950 1223 998 hominibus
1253 950 1302 999 in
1341 951 1478 997 armis
1520 952 1684 999 affidue
1705 955 1902 1003 viventi-

125 1018 228 1074 bus,
254 1017 401 1065 fuerat
425 1015 577 1078 priscis
601 1013 884 1078 temporibus
907 1015 1180 1062 communis.
1248 1016 1358 1062 Erat
1379 1015 1423 1062 ei
1443 1014 1492 1062 in
1515 1017 1727 1064 adeundo
1749 1019 1901 1067 facili-

122 1092 210 1139 tas,
234 1081 281 1129 in
306 1080 522 1144 responsis
544 1078 724 1134 lenitas,
766 1080 810 1128 in
828 1079 931 1141 jure
961 1078 1164 1126 dicundo
1187 1080 1395 1143 aequitaS,
1431 1079 1479 1126 in
1503 1079 1734 1144 suppliciis
1757 1101 1901 1146 expe·

124 1146 273 1195 tendis
296 1144 566 1200 moderatio,
588 1155 638 1191 ut
656 1144 711 1191 ad
725 1161 778 1191 ea
793 1143 990 1191 invitum
1009 1142 1116 1207 cogi
1133 1160 1291 1191 omnes
1310 1143 1443 1190 facile
1466 1144 1896 1197 animadverterent.

121 1211 351 1260 Adversus
374 1210 703 1256 malevolorum
727 1209 970 1262 sermones,
1002 1213 1043 1255 Sc
1065 1207 1317 1255 amicorum
1340 1207 1678 1257 admonitiones
1701 1224 1827 1260 tanta
1849 1231 1895 1260 a·

120 1276 235 1323 nimi
258 1274 453 1322 altitudo
474 1289 530 1320 ex
551 1273 740 1336 optimae
762 1271 1050 1319 conscientiae
1071 1273 1418 1336 tranquillitate,
1444 1278 1484 1320 δι
1508 1274 1594 1320 suae
1616 1275 1892 1326 innocentiae

117 1340 286 1388 fiducia
302 1350 451 1394 enata,
477 1351 526 1384 ut
547 1354 639 1385 non
662 1349 838 1384 tantum
859 1354 949 1384 non
971 1337 1331 1392 excandesceret,
1351 1337 1424 1384 sed
1440 1353 1524 1384 nec
1546 1338 1767 1401 asperiore
1790 1358 1889 1388 vera

119 1406 182 1453 bo
214 1419 412 1468 unquam
440 1415 656 1449 uteretur.
725 1403 849 1449 Inter
871 1400 1163 1455 hasvirtutes
1183 1402 1393 1466 quaedam
1420 1401 1715 1465 obrepserunt
1747 1405 1895 1453 nimio

118 1467 439 1533 popularitatis
463 1467 611 1514 studio
631 1465 758 1513 vitia.
828 1467 951 1513 Nam
988 1466 1099 1512 dum
1118 1466 1288 1513 famam
1311 1465 1512 1513 avaritiae
1535 1480 1735 1530 paternae
1757 1486 1896 1516 cona·

117 1546 243 1584 retur
261 1534 479 1596 effugere,
505 1537 546 1578 &
569 1531 698 1595 vulgi
722 1531 915 1595 gratiam
939 1530 1340 1578 substrufflonibus
1374 1531 1660 1593 sumptuosis,
1685 1534 1895 1581 convivi·
1921 1537 1924 1541 ’

118 1613 271 1652 orum,
298 1601 348 1647 δε
369 1596 728 1660 speEtaculorum
751 1608 989 1658 apparatu,
1017 1600 1055 1641 δε
1079 1595 1338 1643 immodicis
1364 1595 1690 1643 donationibus
1713 1614 1896 1660 captare

118 1674 325 1716 conatur,
349 1661 396 1708 in
417 1677 516 1708 eam
540 1660 703 1707 incidit
723 1659 946 1723 inopiam,
970 1676 1073 1723 quae
1097 1661 1127 1707 si
1150 1660 1321 1707 diutius
1342 1659 1534 1716 vixiffet,
1559 1661 1798 1710 videbatur
1824 1665 1896 1710 su-

116 1726 351 1790 periorum
370 1739 631 1787 temporum
653 1724 847 1787 gratiam
869 1724 979 1770 odio
1003 1740 1228 1771 novorum
1250 1724 1523 1771 tributorum
1546 1725 1815 1782 extinftura,
1846 1741 1897 1774 ut

119 1808 242 1841 mors
265 1790 308 1838 ei
333 1808 480 1855 magis
506 1789 766 1844 commode,
787 1805 922 1851 quam
941 1789 1186 1836 immature
1207 1788 1414 1836 accidifl‘e
1435 1788 1565 1852 poflit
1584 1783 1847 1840 existimari.

176 1917 355 1969 XLIII.
389 1919 539 1969 EXT
553 1918 633 1966 IN
651 1920 690 1966 C
707 1919 752 1966 T
767 1919 813 1965 O
843 1918 1015 1965 Iacobo
1032 1931 1195 1980 quarto
1229 1917 1484 1981 Margarita
1506 1935 1618 1965 uxor
1647 1933 1752 1967 cum
1775 1920 1890 1968 duo-

120 1987 205 2035 bus
229 1984 333 2033 filiis
355 1983 511 2032 relicia
532 1986 609 2040 est,
645 1999 841 2047 quorum
874 1998 1018 2042 major
1041 1981 1279 2029 biennium
1314 1999 1406 2029 non
1429 1984 1705 2045 expleverat.
1773 1985 1892 2031 Eum

113 2062 364 2100 conventus
382 2065 626 2113 procerum
650 2045 834 2096 Sterlini
855 2047 1038 2095 habitus
1056 2046 1181 2093 sexto
1209 2047 1436 2094 Calendas
1452 2047 1645 2095 Martias
1670 2065 1794 2095 more
1811 2065 1895 2112 pa-

113 2115 206 2164 trio
218 2116 397 2180 Regem
419 2113 635 2162 declarat.
671 2111 854 2162 Deinde
874 2112 931 2158 ad
951 2111 1110 2168 statum
1124 2111 1361 2174 publicum
1380 2111 1685 2160 ordinandum
1700 2129 1895 2160 conver·

120 2181 172 2236 fi,
197 2191 296 2228 tum
329 2180 517 2228 demum
554 2177 813 2242 intelligere
830 2188 1070 2240 coeperunt
1086 2175 1174 2223 suae
1211 2174 1483 2223 calamitatis
1510 2177 1892 2241 magnitudinem.

118 2245 259 2297 Caefis
282 2243 406 2292 enim
428 2242 721 2307 primoribus,
745 2241 794 2289 in
817 2242 985 2304 quibus
1007 2239 1184 2304 aliquid
1205 2239 1505 2295 anaoritatiffi
1531 2247 1571 2287 δε
1593 2242 1771 2295 consilii
1790 2241 1891 2289 ine-

114 2321 202 2365 rat,
226 2310 309 2373 qui
329 2308 607 2371 supererant,
630 2324 733 2371 pars
768 2306 913 2368 major
934 2322 1015 2368 per
1037 2318 1235 2361 aetatem,
1260 2311 1300 2352 δε
1323 2304 1467 2352 animi
1488 2305 1800 2354 infirmitatem
1833 2307 1894 2354 ad

112 2390 184 2421 res
218 2389 406 2438 magnas
441 2384 647 2436 tempore
676 2384 767 2418 tam
802 2370 1075 2418 turbulento*
1096 2369 1347 2418 trastandas
1370 2385 1531 2432 parum
1559 2369 1693 2418 erant⁴
1719 2371 1893 2419 idonei.

115 2438 214 2503 Qi
235 2450 388 2485 autem
411 2454 436 2484 e
456 2436 791 2501 potentioribus
812 2435 1052 2490 restabant,
1090 2433 1138 2481 in
1163 2435 1330 2498 quibus
1362 2433 1540 2497 aliquid
1579 2436 1686 2482 esset
1707 2434 1905 2500 ingenii.

112 2502 176 2550 ob
198 2501 517 2557 ambitionem,
541 2503 592 2552 &
612 2498 847 2548 avaritiam
870 2515 897 2546 a
928 2499 1097 2564 quietis
1114 2498 1418 2551 abhorrebant
1435 2497 1648 2545 confiliis.
1683 2500 1894 2547 Alexan·

112 2567 196 2614 der
216 2567 420 2615 Humius
442 2567 651 2614 omnium
672 2565 874 2612 limitum
898 2563 1135 2627 praefeCius
1157 2578 1379 2627 magnum
1400 2578 1586 2617 nomen,
1605 2564 1889 2628 magnasque

111 2647 224 2704 opes
246 2633 376 2696 Rege
397 2630 522 2686 vivo,
564 2632 614 2680 δε
635 2629 682 2676 in
705 2627 972 2693 regionibus
995 2629 1054 2675 ad
1076 2624 1298 2692 Ang¹liam
1320 2627 1654 2691 pertinentibus
1676 2644 1732 2674 eo
1765 2644 1889 2676 mor-

112 2707 196 2744 tuo
216 2712 334 2761 pene
357 2694 552 2760 Regiam
576 2693 815 2741 obtinebat
850 2692 1183 2740 auctoritatem.
1249 2692 1296 2738 Is
1332 2707 1474 2756 prava
1502 2691 1754 2739 ambitione
1774 2709 1882 2741 cum

111 2760 353 2808 latrocinia
376 2777 467 2808 non
491 2759 737 2814 inhiberet,
781 2771 831 2804 ut
866 2757 1076 2806 homines
1110 2756 1324 2811 audace5‚
1362 2759 1411 2805 δε
1433 2755 1707 2804 facinorosos
1739 2757 1888 2821 magis

119 2825 308 2872 haberet
325 2824 570 2878 obnoxios,
590 2823 712 2870 viam
735 2823 792 2870 ad
812 2821 1004 2884 majores
1026 2837 1136 2885 opes
1154 2819 1412 2885 pernicioso
1433 2819 1641 2873 confilio,
1662 2824 1713 2872 ὃς
1733 2821 1891 2868 infeli-

118 2889 164 2935 ci
184 2888 312 2937 exitu
335 2888 591 2936 muniebat.
678 2886 734 2938 Ei
755 2886 1001 2950 imperium
1023 2886 1182 2933 datum
1215 2884 1263 2930 in
1285 2884 1495 2949 regiones
1516 2883 1628 2931 citra
1649 2886 1886 2942 Fortham,

111 2953 330 3000 ulteriora
348 2953 615 3000 Alexandro
633 2951 879 3009 Gordonio
900 2950 1150 3005 commiffa,
1177 2959 1226 2996 ut
1247 2949 1452 2996 nationes
1472 2947 1573 2996 illic
1592 2947 1816 2996 seditiosas
1837 2949 1891 2998 in

112 3017 267 3064 officio
309 3017 580 3065 contineret.
647 3017 836 3063 Nomen
889 3014 1063 3077 summi·
1089 3011 1273 3077 imperii
1310 3029 1451 3077 penes
1499 3013 1730 3078 Reginam
1771 3025 1886 3062 erat.

115 3082 240 3129 Nam
263 3098 321 3128 ex
343 3083 608 3129 testamento
628 3079 789 3145 Regis,
829 3080 957 3143 quod
977 3077 1261 3143 profeeturus
1298 3077 1357 3125 ad
1389 3077 1562 3125 bellum
1585 3077 1771 3133 fecerat,
1802 3079 1886 3126 de-

112 3158 288 3194 cretum
311 3157 422 3199 erat,
449 3159 498 3192 ut
519 3161 588 3200 ea,
611 3145 834 3206 quamdiu
855 3144 1026 3192 coelebs
1047 3145 1268 3196 maneret,
1286 3140 1472 3190 summae
1493 3158 1643 3189 rerum
1665 3144 1884 3205 praeeffet.

112 3211 169 3258 Id
189 3210 270 3258 etsi
290 3221 456 3273 praeter
478 3225 653 3255 morem
675 3208 892 3271 patrium,
915 3211 965 3272 ὅς
988 3206 1191 3270 primum
1212 3203 1398 3269 imperii
1431 3205 1668 3253 muliebris
1689 3222 1880 3272 exemp-7

109 3275 208 3323 lum
228 3274 352 3339 apud
370 3274 530 3321 Scotos
551 3272 656 3326 fuit,
679 3284 830 3320 tamen
845 3270 1004 3335 inopia
1018 3270 1220 3319 virorum
1243 3269 1370 3326 fecit,
1385 3283 1436 3318 ut
1453 3269 1690 3318 tolerabile
1710 3269 1899 3334 plaeriss

111 3356 221 3403 que,
247 3355 300 3386 ac
320 3337 518 3384 maxime
537 3336 662 3399 pacis
683 3336 864 3399 cupidis
885 3335 1132 3391 videretur.
1896 3330 1900 3339 “

174 3404 352 3452 XLIV.
384 3403 430 3449 Is
450 3400 736 3464 magistratus
757 3399 801 3447 ei
821 3399 1063 3446 diuturnus
1082 3413 1175 3446 non
1196 3397 1299 3446 fuit.
1356 3398 1504 3460 (Nam
1524 3408 1630 3446 ante
1646 3394 1884 3448 verisexi-

112 3477 212 3515 turn
248 3470 320 3532 (1)
360 3465 612 3514 Arcibaldo
644 3463 882 3529 Duglaflio
920 3461 1099 3511 Comiti
1131 3463 1348 3529 Angufiae
1382 3461 1658 3512 adolescenti
1692 3476 1885 3526 genere,

167 3594 242 3647 (1)
261 3597 337 3637 Son
365 3604 405 3637 to
422 3597 570 3646 George
600 3596 735 3636 master
748 3595 807 3641 ,of
819 3594 969 3649 Augus,
1025 3592 1119 3636 nain
1132 3601 1172 3634 at
1189 3594 1217 3633 F
1220 3594 1383 3642 towdon,
1402 3591 1673 3644 grandchildto
1685 3587 1885 3631 Archbald

1319 3673 1332 3683 ··
1782 3658 1876 3708 for-
