2091 3796
192 167 315 232 134
520 146 886 218 RERUM
962 149 1667 219 ScorrcARUM

176 245 477 300 Kennethum
501 245 755 309 usurpatam
780 247 906 294 fuiss'e
928 263 1030 294 reor
1061 264 1084 292 a
1108 247 1255 295 Danis
1284 267 1295 301 :
1329 250 1414 312 qui
1436 268 1536 299 eam
1560 251 1795 316 regionem
1816 254 1959 316 pulsis

179 323 308 356 extra
325 308 500 356 vallum
522 310 674 357 Severi
699 311 845 358 Scotis
868 311 1046 371 aliquot
1068 328 1210 358 annos
1234 324 1495 362 tenuerunt.
1514 365 1516 369 ,
1549 316 1787 373 Significat
1808 331 1961 365 autem

178 390 271 419 vox
303 372 569 437 Cunigham
593 376 789 438 Regiam
812 375 1165 429 habitationem,
1190 377 1265 423 vel
1290 378 1576 426 domicilium
1598 369 1849 429 *Danorum
1874 382 1962 429 ser·

177 453 330 484 mone.
358 439 600 492 Marciam,
618 441 746 503 quod
768 439 899 486 limes
919 440 1114 502 duorum
1135 457 1382 503 regnorum
1405 443 1482 489 diu
1504 443 1642 491 fuerit
1663 446 1962 493 eredibiie'est
2008 451 2011 456 '

183 518 210 547 a
231 501 380 549 Danis
402 502 539 549 etiam
563 503 628 549 ita
646 503 829 550 dietam.
898 504 1552 568 Edimburgum'quorundam
1571 509 1645 554 vel
1672 512 1808 556 cralla
1826 510 1965 574 igno·
2002 539 2008 544 ·

178 566 343 621 rantia,
366 566 441 612 vel
463 567 669 630 perversa
693 567 952 630 diligentia,
979 567 1059 630 qui
1093 586 1213 615 nunc
1236 572 1402 617 vallem
1433 572 1707 628 dolorosam,
1731 590 1853 620 nnnc
1873 575 1963 621 cas-

178 643 299 678 trum
322 631 577 694 puellarum
610 632 846 694 appellant
869 649 970 678 eam
994 649 1163 688 arcem,
1190 651 1359 682 nomen
1377 651 1470 682 non
1496 636 1610 683 adeo
1635 655 1717 699 per
1741 642 1781 684 {e
1804 639 1966 685 obscu-

177 704 284 743 rum
307 712 452 758 prope
478 696 676 743 tenebris
697 696 932 744 immersit.
996 698 1204 744 Nomina
1242 700 1366 746 enim
1408 700 1507 745 haec
1543 701 1567 747 ὲ
1599 701 1780 748 fabellis
1807 703 1962 750 Galli-

177 759 243 806 cis
263 759 384 806 intra
400 773 623 807 trecentos
647 776 788 807 annos
810 762 1046 824 proximos
1067 761 1272 809 confictis
1296 764 1395 811 sunt
1414 765 1628 812 mutuati.
1692 766 1829 813 Certe
1853 767 1966 830 pris-

177 823 222 870 ci
245 824 372 871 Scoti
394 825 716 880 Dunedinuim
753 825 1026 872 recentiores
1064 827 1403 890 Edimburgum
1436 830 1630 891 patiiam
1654 829 1701 878 in
1738 832 1968 895 fingendis

177 888 441 936 nominibus
465 889 839 936 consuetudinem
875 889 1015 936 secuti
1051 908 1151 937 earn
1187 907 1335 937 arcem
1366 893 1636 940 nominant:
1673 913 1776 958 quae
1799 896 1966 942 refilius

177 953 344 1015 opinor
366 954 517 1000 media
539 953 659 999 inter
690 964 918 1014 utrunque
953 970 1121 1001 nomen
1142 956 1453 1016 appellatione
1477 957 1695 1006 Edinum‚
1718 959 1965 1006 diceretur.

109 1047 113 1051 -
177 1018 414 1066 Hactenus
439 1019 495 1065 de
512 1014 759 1081 regionum
784 1016 960 1081 priscis,
984 1020 1034 1069 ὃς
1056 1017 1186 1065 novis
1213 1019 1449 1067 vocabulis
1471 1038 1482 1067 :
1508 1021 1566 1069 de
1593 1021 1761 1084 quibus
1785 1022 1846 1069 ali
1895 1023 1967 1070 lo-

177 1098 234 1130 co
254 1083 387 1146 plura
405 1082 623 1130 diximus.
1831 1040 1885 1148 ἕ
1941 1128 1944 1133 ,

241 1149 331 1193 ΠΙ.
364 1147 434 1194 Ut
452 1147 509 1194 ad
536 1148 835 1200 Kennethum
859 1154 1241 1211 revertar‚'regno
1264 1148 1352 1210 (uti
1387 1149 1661 1213 scripsimus)
1693 1151 1828 1198 armis
1864 1168 1962 1199 am-

177 1211 398 1273 plificato,
425 1217 464 1259 Sc
487 1212 670 1276 legibus
694 1213 946 1276 composito
968 1212 1016 1259 in
1047 1212 1182 1260 rebus
1207 1214 1346 1276 usque
1373 1215 1430 1261 ad
1454 1215 1813 1277 superstitionem
1846 1217 1963 1264 levi-

176 1277 262 1323 bus
303 1278 624 1324 aufl'oritatem
649 1279 835 1342 Regum
875 1277 1144 1324 confirmare
1189 1278 1421 1335 laborant,
1462 1279 1616 1325 saxum
1660 1296 1978 1329 marmoreum

178 1340 305 1404 quod
337 1357 393 1387 ex
420 1341 644 1405 Hispania
674 1343 722 1388 in
747 1341 1026 1391 Hiberniam
1062 1342 1325 1390 transtulisse
1360 1343 1530 1390 dicitur
1564 1344 1729 1392 Simon
1753 1347 1966 1401 BreccuS,

177 1405 226 1452 in
253 1407 323 1466 (1)
351 1407 553 1454 Scotiam
578 1406 874 1455 Albinensem
899 1408 932 1453 F
937 1407 1138 1471 ergufius
1161 1408 1194 1453 F
1198 1407 1407 1454 erchardi
1431 1407 1566 1463 filius,
1588 1423 1729 1472 atque
1745 1410 1792 1456 in
1818 1412 1977 1473 Arga-->

180 1470 323 1517 thelia
344 1469 580 1519 collocass'e
602 1490 614 1519 ε
648 1487 704 1518 ex
728 1470 999 1536 Argathelia
1022 1473 1215 1518 Sconam
1239 1473 1296 1518 ad
1316 1472 1471 1535 Taum
1500 1490 1682 1521 amnem
1707 1475 1967 1522 transsatum

179 1535 469 1591 Kennethus,
495 1542 534 1583 &
559 1535 607 1582 in
631 1537 895 1583 cathedram
918 1535 1120 1596 ligneam
1147 1536 1369 1583 inclusum
1393 1536 1460 1583 ibi
1482 1536 1650 1600 posuit.
1707 1541 1774 1586 Ea
1795 1540 1840 1586 in
1866 1539 1968 1586 sede

179 1601 333 1664 Reges
358 1601 600 1648 Scotorum
622 1607 661 1647 &
681 1598 867 1656 nomen,
891 1606 930 1647 &
950 1601 1133 1664 Regum
1159 1599 1355 1665 insignia
1374 1602 1582 1664 accipere
1601 1603 1804 1650 solebant
1828 1603 1968 1667 usque
2043 1599 2046 1602 Δ

146 1706 151 1713 ,
179 1665 239 1711 ad
260 1665 527 1712 Eduardum
551 1665 753 1728 primum
774 1666 997 1728 Anglum,
1024 1665 1081 1711 de
1104 1682 1197 1728 quo
1221 1666 1297 1712 suo
1316 1666 1419 1713 loco
1446 1667 1667 1715 dicemus.
1715 1669 1879 1715 Sedem
1904 1670 1966 1716 E-

180 1729 459 1792 piscopale'm
489 1748 639 1794 ¹quarn
680 1731 795 1778 Picti
835 1730 1108 1777 Abrenethii
1144 1730 1437 1785 collocarant,
1483 1733 1540 1778 ad
1586 1734 1758 1781 Fanum
1799 1732 1972 1797 Reguli

180 1794 421 1851 transtulit,
447 1795 573 1859 quod
593 1796 826 1857 posteritas
851 1797 1027 1842 Fanum
1053 1795 1249 1840 Andreae
1269 1795 1361 1842 dici
1385 1796 1562 1843 maluit.
1620 1798 1861 1844 Scotorum
1885 1815 1967 1844 au-

182 1871 276 1905 tem
299 1873 473 1907 veteres
497 1859 711 1923 Episcopi
737 1861 760 1908 ὲ
785 1859 1062 1906 monasteriis
1086 1859 1243 1914 electi,
1268 1860 1373 1907 curn
1396 1861 1547 1907 adhuc
1571 1877 1663 1907 non
1688 1862 1891 1917 honoris,
1924 1868 1965 1909 δε

183 1923 295 1979 loci,
322 1923 396 1970 sed
421 1924 682 1978 sanCtitatis,
704 1930 750 1974 ὃς
770 1923 991 1971 doctrina:
1015 1936 1248 1970 certamen
1270 1925 1392 1971 inter
1413 1942 1490 1971 eos
1516 1927 1638 1980 esset,
1665 1926 1754 1972 fine
1776 1926 1971 1980 invidia,

181 1992 224 2035 ἅτ
248 1988 540 2036 aemulatione
574 1989 728 2052 paflim
754 1989 832 2036 ubi
855 1988 1021 2051 cuique
1044 1989 1292 2035 obvenerat
1315 1990 1490 2035 occasio
1525 1989 1652 2035 suum
1679 2006 1842 2037 munus
1868 1990 1972 2044 obi,-

181 2052 309 2108 bant‚
336 2054 473 2100 nullis
508 2054 657 2100 adhuc
680 2053 946 2118 regionibus
970 2052 1170 2099 definitis
1195 2072 1205 2099 ε
1240 2069 1345 2118 cum
1371 2054 1576 2100 nondum
1606 2053 1785 2101 fun&io
1808 2071 1974 2116 munue-

181 2117 241 2163 ris
264 2117 545 2165 ecclesiastici
569 2119 678 2165 esset
702 2117 984 2183 quaestuaria.
1072 2117 1161 2164 His
1186 2117 1356 2166 artibus
1381 2118 1653 2165 Kennethus
1684 2117 1881 2181 imperio
1901 2119 1978 2185 vi·3

179 2182 312 2244 giuti>
327 2199 469 2230 annos
492 2183 695 2245 prtefuit.
767 2185 837 2245 (·z)
865 2181 1045 2246 Qinto
1068 2181 1255 2230 ineunte
1280 2182 1421 2246 regni·
1433 2182 1499 2229 sui
1535 2200 1655 2229 anno
1687 2182 1837 2230 Pictos
1860 2200 1972 2246 pro-

185 2246 382 2311 fligavit,
410 2259 459 2294 ut
481 2250 540 2294 est
562 2248 610 2294 in
634 2248 753 2294 libro
779 2247 1030 2295 Passetenfi.
1101 2246 1325 2309 Reliquos
1359 2247 1428 2294 16.
1454 2263 1597 2294 annos
1622 2248 1719 2310 post
1740 2247 1971 2295 sublatum

184 2309 435 2374 imperium
455 2313 686 2359 Pifitorum
711 2311 979 2376 quietissirne
1011 2310 1146 2366 vixit,
1179 2311 1309 2358 domi
1327 2310 1521 2372 justicia,
1564 2311 1673 2358 foris
1699 2310 1834 2358 armis
1856 2328 1970 2375 pace

183 2389 328 2437 parta,
354 2393 406 2423 ac
428 2378 652 2440 promotis
683 2378 848 2425 finibus
872 2377 929 2426 ab
951 2377 1188 2424 Orcadum
1210 2375 1368 2425 insulis
1393 2375 1529 2441 usque
1557 2376 1613 2423 ad
1637 2377 1810 2424 vallum
1830 2376 1973 2427 Adri·

184 2439 260 2487 ani
285 2445 310 2489 8
317 2457 393 2506 54.

318 2580 323 2583 ¹
378 2522 387 2532 “
802 2570 805 2574 ἃ
877 2520 1030 2572 LXX.
1083 2524 1124 2570 R
1147 2524 1184 2570 E
1203 2526 1272 2575 X.
1892 2558 1893 2561 η

250 2597 337 2644 IV.
372 2598 540 2646 DON
557 2600 596 2646 A
614 2600 711 2653 LD
727 2600 816 2646 US
852 2599 947 2660 ejus
972 2597 1108 2645 frater
1133 2597 1346 2661 proxime
1384 2600 1486 2646 Rex
1510 2597 1678 2646 eleftus
1705 2610 1851 2646 *totam
1870 2600 1974 2662 ⁸(3)·

186 2660 335 2708 secum
359 2662 645 2727 disciplinam
669 2663 907 2725 publicam
929 2661 1218 2727 circumegit.
1249 2664 1372 2709 Nam
1396 2664 1501 2710 cum
1524 2662 1630 2709 vivo
1651 2663 1826 2726 Alpino
1851 2676 1968 2720 teru-

183 2727 406 2788 perantiae
438 2728 633 2774 studium
668 2730 923 2783 simulasset,
961 2744 1013 2774 ac
1038 2727 1262 2774 seniorum
1287 2727 1371 2773 fibi
1393 2727 1570 2773 animos
1596 2727 1889 2790 conciliasset,
1915 2745 1974 2775 eo

185 2803 368 2836 mortuo
389 2793 516 2838 velut
534 2806 676 2847 metu,
697 2797 747 2842 δί
768 2793 980 2856 magistro
1004 2793 1220 2838 liberatus
1246 2803 1396 2838 totum
1420 2791 1460 2838 se
1488 2792 1804 2855 voluptatibus
1827 2792 1971 2839 dedita

184 2855 258 2900 Ac
280 2855 408 2902 velut
435 2857 532 2918 jam
556 2859 612 2904 de
637 2859 759 2903 hoste
780 2858 957 2904 securus
990 2857 1264 2903 militaribus
1286 2855 1442 2903 studiis
1464 2855 1686 2918 neglectis
1719 2867 1974 2911 venatores,

186 2933 402 2982 au·:upe3,
445 2927 486 2968 δε
517 2939 738 2968 novarum
757 2921 1005 2968 libidinum
1029 2921 1291 2968 inventores
1324 2920 1446 2966 circa
1463 2919 1505 2967 se
1527 2936 1671 2983 prope
1692 2919 1971 2990 selos‘habe-

188 2982 284 3030 bat.
352 2985 407 3029 In
425 2984 507 3032 hos
533 2985 771 3048 publicum
796 2985 1125 3049 patrimonium
1149 2984 1533 3047 profundebatur.
1566 2985 1788 3046 Juventus
1813 2985 1870 3031 ad
1892 3002 1974 3032 vo·-

186 3047 387 3108 luptates
403 3050 652 3110 explendas
672 3068 815 3113 prona
839 3052 1036 3114 Regem,
1061 3061 1111 3096 ut
1131 3049 1409 3114 elegantem,
1436 3047 1737 3096 &liberalem
1760 3048 1976 3096 laudibus
2023 3089 2030 3092 .
2062 3038 2077 3086 s‘

188 3111 246 3157 ad
264 3113 436 3158 coelum
459 3113 632 3160 ferebat
660 3133 671 3160 2
720 3115 1042 3177 parsimoniam
1065 3112 1349 3177 superiorum
1372 3126 1635 3175 temporum
1658 3123 1709 3159 ut
1725 3111 1974 3173 incultam,

190 3178 241 3223 δε
264 3173 541 3225 illiberalem
564 3178 759 3225 ridebat.
830 3178 1038 3226 Seniores
1061 3195 1166 3225 cum
1191 3177 1349 3223 omnia
1370 3176 1499 3223 brevi
1534 3177 1582 3223 in
1607 3191 1810 3240 praeceps
1833 3176 1995 3224 ruitu—..
2028 3205 2037 3216 =
2056 3187 2057 3190 ’

190 3255 240 3285 ra
262 3255 520 3296 cernerent,
559 3243 616 3287 ad
641 3244 816 3304 Regem
839 3242 1023 3290 collefli
1046 3241 1112 3288 sui
1134 3258 1242 3289 eum
1275 3240 1432 3294 officii,
1464 3240 1753 3304 praesentium
1778 3239 1985 3302 fiagitioe,

189 3316 311 3359 rum,
337 3308 386 3354 &
409 3304 613 3353 instantis
631 3307 829 3369 periculi
849 3309 1116 3354 admonent.
1185 3307 1307 3354 Cum
1325 3304 1405 3369 ille
1429 3305 1577 3353 nihilo
1599 3302 1751 3352 minus
1772 3303 1821 3350 in
1838 3304 1974 3372 ignat,

238 3445 306 3496 (π)
333 3446 434 3485 Vide
453 3447 520 3486 lib.
542 3461 575 3485 1.
596 3461 675 3498 cap.
693 3449 729 3486 6.
752 3447 817 3487 lib.
839 3461 877 3488 2-.
893 3461 970 3499 cap.
992 3461 1053 3499 17³·
1163 3444 1229 3497 (3)
1257 3418 1436 3493 Changed
1454 3425 1712 3491 the'manflers
1737 3445 1782 3484 of
1803 3444 1866 3483 his
1894 3444 1990 3482 sub..
2052 3424 2065 3498 3¹

192 3502 261 3536 and
277 3499 341 3536 the
360 3509 463 3538 notes
477 3505 525 3538 61]
543 3501 645 3538 these
663 3502 804 3550 places.
1106 3501 1201 3552 jects
1222 3501 1263 3550 by
1283 3499 1428 3541 hisbad
1445 3499 1629 3548 example.

246 3551 306 3601 (2)
336 3554 421 3591 Alii
438 3567 540 3603 7mo.
562 3563 627 3595 aut
651 3566 777 3593 12m0.
862 3556 872 3560 ’

2054 2331 2091 2381 ,232

2069 2385 2091 2430 ³!

2058 2430 2091 2479 '“l

2074 2607 2091 2632 'l

2070 2637 2091 2775 ἐ

2064 2787 2091 2892 l
