2025 3831
392 167 713 232 Lrssrn
785 161 1466 228 UNDECIMUs.
1663 159 1795 240 305·

33 279 96 323 ta,
122 268 170 314 in
214 262 501 313 familiarium
535 276 723 307 numero
753 277 857 306 eum
887 261 1088 314 haberet,
1112 257 1369 318 secretaque
1390 270 1492 300 cum
1523 269 1578 299 eo
1607 255 1794 301 consilia

37 331 404 378 communicaret.
449 327 615 371 Comes
639 338 788 371 autem
813 324 944 385 obseq
957 324 1027 370 uio
1046 326 1239 385 Regem,
1258 319 1531 367 liberalitate
1551 318 1792 366 ministros,

34 395 264 444 comitate,
286 398 324 436 &
347 389 560 435 modestia
581 392 762 435 cunEtos
787 388 914 434 brevi
936 390 999 434 ita
1021 389 1101 434 fibi
1119 385 1339 437 devinxit,
1359 396 1406 429 ut
1423 382 1563 444 vulgo
1587 382 1789 428 mansue·-

38 458 73 503 ti
94 457 229 503 animi
249 456 385 514 spem,
408 453 776 514 prudentioribus
797 465 968 498 metum
997 452 1179 505 faceret,
1202 466 1296 513 quo
1318 462 1411 495 tam
1432 445 1667 508 repentina
1692 463 1793 493 mo-

36 537 136 566 rum
158 519 368 565 evaderet
393 517 599 563 mutatio,
1090 545 1092 548 -

100 583 202 628 XX.
240 583 293 627 In
322 581 481 643 primis
510 581 770 627 Alexander
805 579 1100 631 Levistonius‚
1134 581 1182 626 δε
1206 575 1470 622 Gulielmus
1497 569 1792 620 Crichtonius

32 645 188 692 omnia
203 647 299 707 ejus
317 645 500 691 consilia
520 645 567 690 in
591 645 712 690 suam
734 643 928 704 spectare
949 639 1190 705 pernitiem
1212 642 1315 693 rati,
1338 636 1653 701 procuratione
1675 642 1797 699 pub-

29 710 225 758 ficorum
255 724 492 755 munerum
516 708 716 767 deposita
746 708 906 754 diversi
937 709 1117 757 abeunt,
1154 706 1414 751 Alexander
1436 704 1481 748 in
1506 701 1580 747 sua
1606 719 1793 761 precata,

33 773 296 820 Gulielmus
320 772 366 819 in
390 788 538 818 arcem
561 772 986 831 Edimburgensem‚
1015 771 1141 817 velut
1169 767 1470 830 Duglaflianae
1497 763 1796 812 simulation3s

21 851 241 885 eventurn
263 836 549 898 speculaturi.
618 837 720 882 Nec
742 836 905 882 fefellit
924 834 1128 881 homines
1149 832 1421 895 perspicaces
1445 844 1671 892 praecepta
1693 827 1800 891 opi-

22 901 126 948 ·nio.
172 903 295 948 Nam
320 900 576 962 Duglaffius
598 902 793 962 Regem,
824 906 863 946 δε
886 901 947 946 ob
971 899 1113 947 aetatis
1135 896 1447 944 infirmitatem
1470 895 1619 940 adhuc
1639 893 1799 939 incau-

28 977 147 1016 tum,
173 969 223 1015 ὃς
240 966 463 1011 seniorum
483 965 668 1011 confilio
686 965 946 1012 destitutum
964 966 1137 1017 nactus,
1159 976 1336 1022 tempus
1359 960 1502 1007 adeffe
1521 972 1639 1004 ratus
1665 957 1801 1003 ulcis-

0 1043 1 1048 ’
20 1028 166 1076 Δ(ἱειιάἰ
193 1043 381 1076 mortem
402 1030 690 1091 patruelium,
708 1029 841 1077 facile
855 1028 975 1091 Regi
998 1027 1248 1089 persuadet,
1266 1038 1313 1071 ut
1328 1024 1617 1071 Gulielmum
1633 1021 1802 1068 Crich-

27 1093 228 1148 tonium,
249 1100 288 1140 δι
308 1095 617 1140 Alexandrum
640 1093 945 1140 Levistonium
962 1108 1064 1138 cum
1081 1091 1258 1136 duobus
1279 1091 1375 1149 ejus
1395 1089 1499 1134 filiis
1515 1088 1798 1141 Alexandro,

21 1161 83 1206 ·&
105 1159 274 1204 Iacobo
307 1157 447 1219 injus
478 1159 533 1203 ad
567 1158 607 1203 se
641 1171 790 1212 vocet,
829 1170 875 1203 ut
910 1155 1132 1203 rationem
1157 1154 1244 1200 suae
1277 1151 1673 1200 administrationis
1694 1151 1802 1196 red-

28 1220 207 1278 derent.
275 1223 343 1268 Εὸ
373 1221 631 1282 Γρεξὶεὼειηῑ
657 1222 751 1282 ejus
777 1221 978 1275 confilia,
1013 1232 1062 1265 ut
1085 1220 1115 1264 fi
1138 1218 1402 1264 accederent
1429 1218 1479 1263 ad
1511 1217 1678 1270 aulam,
1706 1213 1798 1261 suae

33 1284 242 1332 faftionis
264 1286 428 1348 opibus
447 1303 521 1333 eos
544 1286 850 1349 opprimeret:
873 1286 934 1331 fin
956 1281 1111 1330 venire
1134 1283 1400 1336 abnuerent,
1425 1282 1566 1327 hostes
1590 1281 1804 1343 publicos

27 1349 288 1397 -declaratos
318 1350 455 1414 Regii
485 1351 683 1397 nominis
705 1350 969 1397 auctoritate
996 1348 1082 1394 suis
1106 1346 1270 1409 opibus
1292 1359 1528 1408 praetenta‚
1564 1360 1640 1390 eos
1665 1343 1804 1391 facile

20 1415 248 1461 ‘omnibus
268 1415 401 1461 bonis
416 1427 651 1461 everteret.
703 1413 847 1461 Citati
870 1430 951 1476 per
970 1413 1122 1459 literas
1144 1410 1485 1472 responderunt,
1510 1409 1552 1455 se
1573 1406 1689 1454 nihil
1714 1425 1800 1455 un·

25 1494 175 1540 -quam
191 1478 576 1542 Regis,regnique
594 1478 733 1525 salute
750 1476 948 1525 habuiffe
964 1476 1193 1538 antiquius
1211 1491 1222 1521 :
1241 1475 1521 1538 magistratus
1537 1472 1599 1519 ita
1618 1471 1802 1536 gestisse,

21 1554 86 1588 <ut
105 1543 218 1589 nihil
232 1544 481 1604 optabilius
501 1543 605 1606 ipsis
626 1545 709 1589 effe
720 1543 878 1605 posset,
897 1541 1036 1604 quam
1060 1555 1110 1587 ut
1132 1540 1577 1604 rationes-redderent
1595 1539 1716 1599 apud
1741 1555 1805 1583 ae·

25 1623 152 1668 =quos
177 1608 373 1668 judices.
450 1609 624 1655 Verum
646 1607 693 1654 in
718 1607 952 1669 praesentia
972 1617 1075 1652 cum
1104 1605 1330 1656 omnium,
1359 1601 1706 1666 quijudicaturi
1728 1601 1804 1647 fo-

35 1684 152 1724 rent,
174 1671 315 1718 animi
338 1672 427 1718 fint
444 1671 738 1718 inimicorum
761 1671 921 1734 gratia,
938 1674 988 1720 &
1008 1665 1332 1732 largitionibus
1355 1664 1681 1730 praeoccupati,
1702 1681 1806 1712 om-

37 1751 116 1781 nes
139 1735 287 1782 aditus
322 1736 502 1783 armatis
524 1736 716 1798 obsepti,
749 1735 930 1782 veniam
954 1735 1035 1781 fibi
1058 1735 1271 1785 dandam,
1305 1748 1397 1779 non
1420 1732 1546 1794 quod
1574 1729 1806 1792 judicium

25 1798 327 1862 ¹defugerent,
352 1800 425 1848 sed
447 1800 640 1847 hostium
660 1800 922 1862 capitalium
942 1798 1175 1846 violentiae
1195 1796 1235 1843 se
1259 1796 1586 1848 subtraherent,
1603 1810 1654 1841 ac
1673 1795 1810 1841 meli-

26 1863 191 1909 --oribus
213 1865 495 1926 temporibus
519 1863 657 1911 vitam
681 1864 802 1911 sua-m
827 1863 1114 1917 reservarent,
1135 1863 1245 1908 dum
1271 1860 1405 1922 pulsis
1429 1859 1455 1905 a
1477 1862 1615 1906 latere
1638 1859 1810 1920 princi-

26 1926 109 1990 -pis
127 1928 355 1975 latronum
375 1929 586 1984 ducibus,
607 1931 730 1992 quod
749 1930 863 1988 saepe
882 1927 1033 1976 dubiis
1052 1927 1334 1989 temporibus
1351 1938 1484 1972 antea
1502 1923 1719 1977 fecissent,
1736 1922 1810 1969 su·

30 2005 114 2038 -am
135 1991 444 2040 innocentiam
467 1995 604 2055 Regi,
629 1993 929 2056 omnibusque
954 1992 1083 2039 bonis
1106 1992 1426 2054 approbarent.
1494 1990 1601 2034 Hoc
1624 1989 1810 2049 respon·

41 2054 88 2101 so
112 2069 330 2110 accaeotO,
354 2058 613 2121 Duglaffius
641 2071 887 2111 conventu,
911 2057 994 2120 qui
1016 2057 1072 2103 ad
1096 2056 1344 2102 Sterlinum
1366 2054 1415 2100 in
1447 2066 1661 2115 quartum
1686 2052 1812 2099 diem

24 2120 325 2167 -Novembris
355 2120 552 2169 indictus
573 2134 668 2169 erat
690 2122 848 2168 habito
878 2134 1022 2176 curat,
1057 2133 1105 2166 ut
1125 2119 1196 2165 illi
1218 2121 1360 2165 hostes
1384 2116 1559 2180 publici
1589 2114 1814 2162 denunci-

36 2196 190 2239 entur,
217 2186 425 2247 bonaque
448 2186 753 2248 publicentur.
798 2188 1017 2232 Ioannem
1043 2183 1310 2230 Frostarium
1329 2181 1719 2230 Cristorfinianum
1739 2180 1811 2226 su-

26 2265 118 2295 ·um
148 2249 364 2297 clientem
393 2250 448 2296 ad
472 2267 629 2297 eorum
652 2267 783 2313 agros
811 2249 1176 2312 depopulandos,
1200 2248 1411 2309 bonaque
1432 2246 1481 2292 in
1505 2245 1658 2291 fiscum
1686 2245 1811 2291 redi-

30 2313 191 2379 ·genda
211 2328 317 2360 cum
334 2314 478 2376 copiis
498 2315 655 2362 mittit.
690 2316 734 2360 Is
759 2331 880 2360 arces
901 2331 979 2376 per
1001 2312 1284 2359 deditionem
1306 2322 1519 2372 recaeptas
1540 2309 1705 2370 partim
1728 2311 1813 2355 de-

42 2376 246 2432 molitur,
279 2379 445 2440 partim
475 2380 604 2425 novis
633 2378 847 2441 praefidiis
869 2391 1080 2440 occupat.
1145 2375 1448 2440 populatione
1471 2375 1562 2422 late
1585 2373 1680 2419 fusa
1701 2387 1811 2420 cum

30 2457 180 2503 fnemo
201 2443 431 2497 resisteret,
455 2443 690 2507 ingentem
716 2444 912 2505 praedam
938 2441 1100 2488 aufert.

36 2533 38 2535 >
108 2507 238 2554 XXI.
273 2508 370 2555 Vix
391 2507 671 2571 Duglassiani
690 2507 731 2554 se
753 2519 1034 2569 receperant,
1053 2521 1160 2552 cum
1183 2503 1480 2551 Crichtonius
1499 2517 1554 2548 ex
1577 2500 1753 2552 amicis,
1771 2507 1814 2550 δε

43 2569 285 2620 clientibus
306 2572 515 2620 omnium
536 2573 612 2634 spe
634 2570 824 2619 celerius
849 2570 1058 2618 confecto
1079 2569 1281 2616 exercitu
1305 2571 1339 2615 F
1344 2569 1529 2622 rostarii,
1555 2566 1813 2629 Duglaflia-

45 2651 300 2698 noruntque
333 2652 465 2701 agros
504 2637 743 2698 percurrit,
779 2635 838 2683 ad
862 2633 1194 2689 Cristorfinum‚
1222 2636 1293 2695 (ι)
1331 2632 1733 2694 Strabroct'xmque‚
1769 2637 1812 2678 δε

31 2701 118 2762 ·(2)
143 2701 477 2756 Abercornum,
497 2701 876 2763 Blaenessfimque
898 2698 1091 2746 aedificia
1109 2697 1330 2751 incendit,
1343 2697 1573 2744 frumenta
1589 2694 1815 2757 corrupit,

33 2766 97 2816 ’ἃ
120 2763 260 2828 quam
293 2764 541 2812 maximam
572 2765 724 2828 potuit
742 2764 892 2811 omnis
914 2762 1094 2828 generis
1117 2762 1336 2825 praedam,
1359 2761 1408 2808 in
1442 2777 1496 2807 ea
1513 2759 1738 2805 nobilium
1760 2775 1811 2806 e·

40 2843 235 2892 quarum
255 2846 444 2894 gregem
464 2829 650 2894 abegit:
674 2846 728 2877 ac
746 2829 892 2876 multo
914 2827 1087 2889 majora
1102 2825 1243 2889 quam
1264 2836 1531 2886 accaeperat,
1546 2823 1660 2870 hosti
1683 2826 1816 2872 dam-

38 2903 107 2939 n‘a
141 2893 366 2954 rependit.
433 2893 693 2958 Duglaflius
726 2910 894 2957 gnarus
929 2890 1256 2940 Crichtonium
1292 2890 1452 2937 alienis
1483 2888 1646 2950 magiS,
1671 2887 1816 2950 quarn

34 2955 244 3020 propriis
260 2956 430 3006 viribus
448 2957 634 3012 fretum,
646 2958 694 3005 in
713 2957 883 3004 amicos
900 2957 998 3018 ejus
1014 2955 1128 3002 iram
1148 2954 1304 3009 vertit,
1318 2954 1344 3000 a
1359 2954 1526 3015 quibus
1549 2954 1668 2997 clam
1686 2956 1816 3013 (nam
1853 2982 1856 2983 ν

16 3039 20 3043 ·
48 3020 202 3082 palam
224 3021 359 3082 pauci
377 3022 628 3083 audebant)
649 3022 777 3070 missa
792 3020 982 3069 senserat
1002 3018 1190 3068 auxilia.
1256 3016 1482 3080 Praecipui
1503 3028 1630 3064 erant
1647 3020 1718 3079 (3)
1739 3019 1819 3066 Ia·

105 3148 166 3198 (1)
196 3149 324 3186 There
341 3162 414 3186 was
432 3163 500 3188 one
519 3151 563 3189 fir
579 3152 703 3203 James
732 3149 901 3199 Duglass,
957 3149 1103 3187 Gross's
1122 3148 1347 3200 patrimony,
1379 3146 1504 3186 before
1529 3144 1578 3184 he
1595 3158 1700 3185 came
1718 3155 1757 3187 to
1775 3147 1822 3187 be

39 3203 132 3254 qlord
149 3203 194 3240 of
206 3202 408 3239 Strabrock
424 3203 553 3241 alittle
567 3205 688 3242 before
703 3203 778 3241 this
791 3204 900 3241 time:
956 3204 1032 3239 earl
1051 3201 1096 3241 of
1108 3202 1277 3250 Duglass.
1709 3216 1712 3219 ·
1766 3239 1772 3249 ⁴

55 3254 105 3292 he
122 3268 194 3293 was
212 3255 407 3292 descended
425 3255 469 3291 of
478 3268 498 3292 a
512 3255 643 3294 second
661 3257 724 3295 son
735 3250 784 3295 of
799 3254 904 3294 Wu-
1011 3256 1072 3305 (3)
1101 3251 1316 3293 November
1346 3264 1408 3302 17,
1442 3261 1577 3301 1444.
1614 3252 1741 3291 letters
1775 3251 1822 3291 of

55 3307 148 3346 liam
171 3308 247 3345 first
272 3309 353 3344 lord
384 3307 539 3355 Duglass
568 3309 608 3346 in
648 3309 713 3346 the
752 3311 836 3357 days
864 3309 909 3347 o‘f
957 3307 1165 3345 inhibition
1193 3308 1292 3345 from
1317 3307 1382 3344 the
1411 3304 1636 3344 convention
1665 3304 1734 3343 and
1754 3306 1813 3342 bi-

59 3359 239 3398 Malcolm
264 3361 491 3405 Canemore,
514 3360 633 3398 called
662 3358 707 3397 fir
723 3360 900 3400 William
953 3358 1039 3409 Ihop
1049 3360 1159 3399 ofs‘t.
1177 3362 1360 3398 Andrews
1373 3373 1468 3397 were
1482 3354 1670 3407 presented
1688 3368 1726 3395 to
1743 3357 1811 3396 the

54 3411 104 3450 uf
115 3412 372 3460 Glendinning
397 3426 408 3450 t
450 3412 494 3450 of
510 3412 593 3449 him
612 3414 807 3452 deicended
833 3415 900 3460 the
954 3414 1180 3461 magistrates
1213 3414 1259 3450 of
1286 3414 1497 3456 Aberdeffl„
1532 3411 1577 3457 by
1600 3410 1679 3448 Mr.
1701 3410 1814 3446 Tho·

61 3463 246 3514 Dugiaffes
262 3466 308 3504 of
318 3466 467 3513 Calder,
496 3465 621 3513 Cicer,
641 3464 907 3515 Pompherston
960 3474 1039 3504 mas
1050 3467 1095 3504 os
1104 3465 1332 3516 W‘ynhame,
1346 3465 1431 3502 that
1442 3478 1490 3500 no
1504 3471 1678 3511 payment
1688 3460 1817 3500 should

57 3519 128 3560 and
142 3518 308 3569 Murray.
380 3523 384 3529 ’
957 3516 1007 3555 be
1038 3521 1144 3556 made
1175 3519 1221 3557 of
1241 3532 1310 3567 any
1339 3527 1515 3566 revenues
1544 3513 1752 3563 pertaining
1776 3523 1818 3552 to

114 3569 176 3619 (2)
215 3571 412 3614 Abercorn
444 3584 520 3613 was
557 3572 639 3615 ,carl
675 3571 803 3623 James
842 3571 911 3610 the
959 3570 1029 3610 the
1044 3573 1140 3622 king
1168 3579 1208 3611 to
1225 3571 1327 3610 these
1344 3569 1490 3622 persons
1519 3566 1602 3604 that
1619 3578 1704 3605 now
1724 3565 1822 3605 have

877 3649 985 3712 Qq
1755 3658 1836 3694 00·
