2076 3862
543 152 890 223 Lrssssa
979 149 1503 237 QUARTUs.
1818 172 1897 237 93

129 280 211 314 nes
221 256 350 324 regni
370 254 482 305 fines
502 251 621 308 obit,
647 257 688 298 &
723 251 880 299 ocium
900 246 1221 299 venationibus
1241 247 1460 303 obleftat‚
1483 248 1650 296 multas
1671 249 1904 298 venaticas

127 332 252 393 leges
271 320 398 375 fecit,
417 313 613 382 quarum
635 333 804 380 magna
824 332 928 378 pars
953 313 1104 366 adhuc
1126 312 1341 362 servatur.
1411 313 1533 359 Cum
1565 314 1621 359 de
1645 331 1772 365 more
1792 329 1903 377 pro·

126 390 280 442 cerum
303 387 544 434 Scotorum
562 378 796 431 fidicinem
818 397 874 427 ex
896 377 1128 428 Hibernia
1153 377 1205 424 in
1227 376 1444 425 cubiculo
1465 374 1543 425 suo
1561 381 1905 439 pernoftantem

126 444 329 510 haberet,
368 448 428 499 ab
461 463 516 494 eo
550 449 688 497 nofitu
721 444 893 494 occisus
927 442 1032 499 fuit,
1058 442 1109 491 in
1131 441 1358 489 ultionem
1381 440 1617 501 cujusdam
1654 444 1910 508 propinqui

126 518 209 574 sui,
245 515 384 580 quem
405 531 437 564 a.
469 514 601 577 Rege
638 512 967 573 interemptum
989 507 1272 557 causabatur.
1340 507 1384 553 Is
1415 506 1529 553 dum
1551 505 1611 552 ad
1632 505 1909 568 supplicium

126 584 369 637 duceretur
389 577 541 627 averso
560 593 588 625 a
607 575 847 625 tormentis
878 573 1035 622 animo
1067 572 1266 637 speciem
1288 569 1544 635 gaudentis,
1564 570 1782 634 praebuit,
1810 585 1910 623 tan-

126 662 268 711 quam
291 644 374 709 qui
394 643 476 692 suo
495 657 684 692 munere
708 639 853 703 probe
875 639 1058 688 functus
1082 637 1247 685 fuisset.

192 785 395 835 XXXV.
428 785 468 834 E
483 784 530 831 T
543 782 651 830 ΗΟ
665 780 712 828 D
728 780 812 828 10
835 795 942 827 cum
963 777 1156 842 triginta
1170 790 1263 825 tres
1280 792 1423 823 annos
1444 776 1668 840 regnasset
1688 776 1912 833 extincto,

128 850 318 917 ⁴filioque
338 849 548 896 nondum
566 846 627 896 ad
647 844 902 910 regendum
921 854 1119 899 maturo,
1144 842 1313 892 ele-&us
1346 841 1408 889 est
1430 840 1568 889 frater
1593 841 1690 902 ejus
1723 843 1913 890 Satrael.

129 918 244 971 Hic,
264 932 374 965 cum
395 912 565 961 callido
600 925 834 975 pravoque
864 908 973 957 effet
1009 907 1219 972 ingenio,
1240 923 1296 954 ac
1315 922 1512 970 regnum
1541 905 1739 954 stabilire
1766 905 1815 953 in
1839 907 1916 955 sua

132 982 272 1029 domo
294 978 505 1027 extinffis
528 974 722 1025 Ethodii
741 973 900 1023 liberis
927 975 1154 1028 statueret,
1177 971 1381 1036 primum
1402 987 1632 1034 proceres,
1657 984 1707 1018 ut
1728 971 1922 1036 quisque

133 1044 353 1108 superiori
371 1043 493 1107 Regi
516 1059 643 1090 carus
662 1040 810 1087 fuerat
830 1038 968 1087 variis
991 1037 1233 1086 calumniis
1251 1037 1480 1102 aggressus
1497 1036 1575 1083 est.
1613 1036 1799 1084 Deinde
1817 1037 1923 1083 vul..-

134 1127 219 1172 gus
257 1113 330 1171 (ut
352 1108 555 1167 rebatur)
593 1106 845 1167 primatum
875 1103 1001 1151 caede
1029 1101 1278 1152 attonitum
1312 1100 1506 1164 spoliare
1526 1100 1687 1163 coepit,
1722 1117 1827 1165 quae
1848 1118 1922 1150 res

140 1174 269 1223 brevi
291 1172 452 1222 odium
474 1171 570 1232 ejus
593 1169 737 1224 auxit,
763 1175 805 1216 δε
826 1167 1144 1216 aii-&mitatem
1160 1165 1400 1214 imminuit
1423 1184 1435 1212 ε
1471 1171 1514 1213 &
1535 1165 1780 1214 seditiones
1794 1167 1923 1217 cxciv

135 1239 266 1290 tavit.
335 1238 413 1285 Ad
433 1252 507 1285 eas
528 1232 842 1297 reprimendas
860 1232 958 1280 odii
973 1231 1153 1296 publici
1170 1248 1263 1280 non
1280 1230 1468 1295 ignarus
1489 1246 1596 1277 cum
1618 1232 1805 1294 prodire
1824 1248 1923 1283 non

138 1304 344 1359 auderet,
365 1319 392 1350 a
413 1300 501 1349 suis
518 1300 660 1348 noftu
674 1298 805 1346 domi
824 1298 1127 1362 strangulatus
1145 1298 1207 1345 est
1227 1316 1238 1345 :
1265 1312 1372 1343 cum
1389 1294 1634 1359 praefuisset
1650 1312 1793 1345 annos
1811 1312 1926 1359 qua-

140 1381 261 1417 tuor.

823 1428 1030 1475 XXVII.
1066 1429 1110 1474 R
1132 1428 1170 1475 E
1193 1428 1253 1474 X.

146 1535 152 1538 -
209 1507 435 1556 XXXVI.
469 1506 513 1551 A
527 1506 555 1551 S
571 1502 841 1555 SUMPT
856 1502 904 1550 U
922 1503 949 1548 S
979 1502 1042 1548 est
1068 1502 1117 1550 in
1141 1503 1298 1549 locum
1320 1502 1417 1563 ejus
1436 1501 1550 1549 alter
1571 1502 1762 1551 Ethodii
1791 1504 1930 1555 frater·

141 1572 386 1620 Donaldus
414 1590 425 1617 :
463 1569 548 1633 qui
571 1568 786 1617 Sati-aclis
812 1567 928 1614 vitia
949 1566 1130 1632 magnis
1152 1567 1402 1615 virtutibus
1423 1567 1626 1630 aequavit
1649 1585 1660 1614 ε
1695 1570 1768 1616 vel
1789 1568 1933 1616 etiam

142 1636 386 1700 superavit.
468 1637 595 1697 Qas
624 1633 819 1682 virtutes
853 1631 1075 1697 gratiores
1114 1632 1337 1680 reddebat
1369 1646 1478 1678 cum
1516 1632 1664 1679 studio
1699 1633 1932 1698 aequita‘tis

144 1701 388 1762 conjuncta
410 1699 670 1748 clementia.
737 1700 783 1745 Is
805 1699 857 1747 δί
877 1696 1161 1745 austeritatis
1183 1698 1405 1761 ponde-re,
1431 1703 1473 1744 δε
1494 1713 1738 1760 poenarum
1760 1715 1930 1763 reprae-

144 1765 396 1814 sentatione
421 1763 609 1812 sublatis
635 1761 857 1815 intestinis
879 1761 1134 1818 discordiis,
1153 1762 1446 1825 juventutem
1465 1761 1635 1824 partim
1667 1763 1771 1810 ocio
1803 1763 1933 1822 lasci-

144 1830 365 1885 vientem,
386 1828 556 1893 partim
586 1830 701 1876 luxu
722 1828 912 1875 fraCtam
933 1827 1178 1875 itineribus
1196 1827 1427 1878 &labore
1447 1827 1762 1884 salubriorem,
1788 1827 1839 1879 δὲ
1867 1829 1934 1881 ad
1993 1835 1997 1840 '

82 1942 85 1944 ,
148 1896 246 1942 vim
269 1895 465 1942 hostium
487 1895 728 1941 arcendam
751 1892 1029 1960 paratiorem
1052 1894 1150 1940 fore
1173 1903 1295 1940 ratus
1317 1892 1548 1939 delestum
1570 1892 1750 1948 habuit,
1777 1897 1827 1945 &s
1843 1893 1937 1942 mi-

145 1959 279 2013 litem
312 1959 568 2008 exercendo
589 1958 654 2007 ita
675 1956 923 2013 ass‘uefecit,
948 1969 999 2004 ut
1019 1958 1151 2006 brevi
1189 1959 1261 2020 (ι)
1299 1958 1470 2005 tirones
1508 1958 1580 2019 (2)
1611 1970 1934 2007 veteranorum

150 2038 384 2087 aequarent
402 2024 638 2075 virtute—m.
707 2022 835 2072 Huic
867 2023 1058 2072 confilio
1090 2037 1182 2087 pax
1216 2022 1327 2070 foris
1362 2021 1573 2069 nonnihil
1606 2023 1835 2085 opitulata
1854 2025 1936 2072 est.

153 2089 282 2140 Nam
303 2105 409 2136 cum
430 2101 535 2152 ante
551 2104 722 2152 paucos
741 2102 884 2135 annos
907 2087 1078 2136 milites
1101 2087 1303 2135 Romani
1323 2087 1372 2134 in
1395 2086 1629 2134 Britannia
1648 2089 1937 2137 tumultuan-
1984 2090 1987 2091 ⁷

149 2165 218 2202 ‘ees
237 2154 493 2216 quemlibet
514 2154 674 2209 alium,
699 2169 840 2216 quam
858 2152 1176 2201 Commodum
1198 2154 1529 2215 Imperatorem
1550 2153 1862 2215 deposcerent,
1882 2169 1940 2202 ac

149 2218 385 2282 praecipue
404 2218 587 2265 AElium
603 2217 908 2273 Pertinacem,
926 2217 1010 2280 qui
1032 2218 1091 2265 ad
1105 2232 1184 2265 eos
1204 2216 1434 2280 pacandos
1456 2227 1553 2264 erat
1574 2216 1745 2274 miffus,
1767 2219 1941 2276 Scotis‚

151 2288 194 2331 ac
216 2283 352 2329 Piffis
374 2282 539 2329 omiffis
561 2298 750 2329 orn-nem
772 2283 868 2330 vim
890 2281 1002 2328 belli
1034 2282 1085 2329 in
1115 2281 1374 2344 semetipsos
1413 2293 1754 2330 converterunt.
1822 2286 1937 2332 Pro-

150 2347 243 2401 fuit
260 2349 397 2395 etiam
421 2347 479 2394 ad
500 2363 663 2410 pacem
685 2347 943 2403 colendam,
967 2347 1096 2411 quod
1115 2346 1358 2395 Donaldus
1376 2347 1560 2410 Regum
1581 2349 1822 2395 Scotorum
1842 2348 1940 2413 pri-

100 2467 104 2472 ,
151 2429 256 2460 mus
280 2412 560 2465 Christianos
594 2413 709 2459 ritus
743 2424 992 2476 receperat.
1059 2413 1164 2460 Nec
1195 2425 1349 2460 tamen
1369 2410 1482 2475 ipse,
1519 2428 1604 2459 nec
1625 2413 1828 2476 proximi
1851 2413 1938 2461 ali-

153 2491 270 2544 quot
292 2479 462 2542 Reges,
503 2477 583 2524 etfi
620 2494 790 2542 magna
826 2475 1084 2528 nobilitatis
1122 2489 1252 2541 parte
1287 2476 1528 2525 conatibus
1551 2493 1712 2524 eorum
1735 2478 1936 2534 favente,

150 2542 319 2605 priscas
342 2543 574 2590 sacrorum.
593 2541 875 2591 ceremonias
900 2541 1293 2607 penitusexigere
1312 2553 1581 2605 potuerunt.
1629 2544 1811 2590 Verum
1829 2559 1939 2592 cum

151 2607 379 2654 incidisset
396 2607 448 2653 in
457 2607 559 2667 ejus
577 2624 772 2673 regnum
791 2606 947 2654 Severi
967 2608 1261 2671 Imperatoris
1275 2605 1535 2670 expeditios,
1549 2623 1709 2654 omnes
1727 2607 1939 2659 omnium

153 2671 352 2719 ratione-s
376 2677 418 2718 δε
440 2671 666 2734 publicas,
691 2678 735 2720 δε
755 2671 972 2736 privatas,
1011 2688 1066 2718 ea
1085 2671 1366 2719 immutavit.
1436 2673 1626 2718 Severus
1649 2673 1772 2720 enim
1795 2673 1939 2720 homo

155 2736 221 2784 rsei
244 2734 453 2788 miiitaris
476 2736 789 2798 peritiffifmus,
806 2737 854 2784 in
878 2736 1169 2799 spemtotius
1187 2737 1345 2783 insulae
1368 2736 1694 2799 perdomandae
1718 2749 1864 2785 tantas
1885 2737 1938 2786 in

152 2800 448 2849 Britanniam-
458 2799 635 2863 copias,
652 2813 845 2864 quantas
868 2817 1006 2848 nemo
1024 2814 1157 2849 antea
1174 2801 1661 2853 Romanorumrduxit.
1699 2803 1941 2850 Suberant

157 2871 198 2913 δε
221 2864 326 2920 aliae
345 2865 422 2926 huj
433 2881 487 2911 us..
507 2865 817 2928 expeditionis
853 2866 995 2918 causae
1023 2885 1034 2912 2
1087 2866 1287 2913 filiorum
1316 2865 1411 2912 vita
1435 2866 1619 2913 urbanis
1639 2866 1812 2914 delitiis
1835 2883 1939 2918 cor-

120 2971 123 2973 .
155 2942 307 2992 rupta,
333 2933 384 2979 δ’.-
400 2929 763 2989 exercitusociO,
790 2930 1036 2995 &ignavia
1053 2931 1259 2978 mollitus
1287 2950 1299 2978 ε
1343 2929 1513 2994 quibus
1535 2931 1669 2978 rebus
1700 2949 1758 2978 ex
1781 2932 1940 2979 labore

158 2993 350 3048 militari
371 2995 628 3057 petendum.
642 2996 728 3042 esse
746 2995 1006 3047 remedium
1025 2995 1328 3049 existimabat.
1397 2994 1508 3056 Ejus
1532 2997 1730 3044 adventu
1747 2998 1940 3060 jamjam

158 3057 368 3120 erupturi
401 3072 553 3107 motus
588 3058 690 3106 sunt
709 3060 963 3123 compreffi.
1031 3062 1092 3108 Et
1113 3061 1257 3117 Scoti‚
1288 3060 1497 3123 Piftique
1523 3060 1691 3108 relictis
1716 3061 1938 3124 proximis

159 3122 280 3187 agris
301 3122 350 3170 in
369 3124 474 3170 loca
488 3123 786 3187 impeditiora
806 3127 850 3172 se
867 3128 1155 3188 receperunt.
1630 3154 1633 3158 μ

229 3186 479 3235 XXXVII.
513 3190 722 3244 Severus,
760 3201 814 3237 ut
840 3190 1093 3253 aliquando
1115 3190 1253 3238 finem
1273 3189 1408 3238 bellis
1431 3189 1707 3238 Britannicis
1729 3193 1938 3256 impone-

159 3265 258 3307 ret„
272 3269 352 3314 per
371 3253 488 3304 vasta
503 3253 677 3310 omnia,
698 3259 786 3308 &a
801 3254 1248 3307 cultoribusdeserta
1264 3254 1314 3305 in
1329 3255 1609 3308 Caledonios
1631 3255 1780 3309 djuxit.
1819 3257 1939 3303 Hos-

159 3317 283 3368 tibus
306 3315 547 3378 nusquam.
565 3319 791 3389 congredi
826 3320 959 3374 aufis,
999 3334 1106 3368 cum.
1126 3319 1328 3384 regionis
1352 3318 1592 3383 asperitate
1619 3321 1873 3383 plurimum
1896 3321 1940 3367 ei

159 3379 331 3430 laboris
353 3379 458 3435 fuit,
477 3382 598 3433 dum
617 3379 748 3434 fivlaekas
768 3382 1008 3439 exscindit,
1033 3384 1232 3439 editiora
1248 3385 1530 3448 complanat,
1555 3388 1766 3450 congesta
1788 3386 1835 3432 in
1858 3403 1940 3448 pa-

159 3447 290 3502 ludes
314 3444 839 3509 tei-‚raviamste'rnithssc
859 3464 1016 3504 amnes
1033 3449 1252 3514 pontibus
1268 3448 1443 3514 jungit.
1476 3450 1658 3497 Interea
1679 3451 1824 3503 hostes
1846 3466 1940 3504 non

185 3612 187 3614 ,
213 3573 280 3625 (ι)
298 3576 740 3626 >Ἐμὲὦ-νιτξιῐεν-ῑοκὶίιε,ι-ἰῖ,
758 3592 802 3617 or
817 3591 902 3628 new
912 3580 1009 3618 -levi-
1083 3595 1120 3620 es
1139 3581 1270 3623 infant(
1284 3579 1503 3631 ,profeffiom

163 3629 470 3678 edgreen-horns
492 3645 502 3668 ς
531 3630 606 3673 also
623 3631 654 3670 it
671 3631 857 3682 fignifieth
878 3634 1007 3679 novic-
1135 3634 1197 3688 (a)
1227 3635 1302 3674 Old
1321 3634 1452 3680 beaten
1470 3632 1635 3677 soldier-3.

1860 3710 1965 3764 anfi,
