2010 3851
296 161 583 228 Linea
643 155 1536 223 DectMusocrAVUS.
1686 171 1812 244 543

55 260 217 316 sentia,
243 265 281 306 ἂν
304 258 352 304 in
374 251 597 317 posterum
622 253 1032 314 pollicitationibus
1055 269 1132 299 eos
1154 251 1500 306 confirmassent,
1523 254 1603 315 qui
1624 255 1692 302 vel
1717 274 1827 303 auc·-

56 337 197 378 tores,
237 323 310 368 vel
349 314 515 366 conscii
558 316 716 369 Regiae
754 318 890 364 caedis
913 332 1057 371 erant,
1094 315 1456 378 conjurationem
1481 319 1662 378 majoris
1689 321 1827 381 partis

59 404 297 450 procerum
318 385 518 432 facerent
542 398 553 427 ε
588 381 754 442 quibus
778 381 880 428 freti
903 381 1098 444 reliquos
1124 381 1255 427 facile
1278 393 1622 428 contemnerent
1648 403 1656 429 :
1696 399 1770 430 aut
1794 387 1826 433 si

60 449 384 514 pertinaciores
408 444 574 499 forent,
600 445 827 492 tollerent.
880 446 1031 508 Igitur
1053 444 1314 492 convocatis
1336 445 1668 504 compluribus,
1689 449 1829 511 scrip-

60 529 160 563 tum
183 515 244 561 eis
269 519 548 570 proponunt,
574 508 620 555 in
643 525 736 571 quo
759 509 907 570 capita
930 510 1107 556 inerant
1128 509 1328 561 foedcris,
1370 508 1416 554 in
1441 510 1567 570 quod
1586 510 1790 571 jurarent
1816 536 1827 563 :

58 581 186 640 cujus
223 577 316 623 sere
335 575 508 620 summa
528 586 639 627 erat,
678 586 726 619 ut
766 573 1010 636 Reginam,
1052 580 1092 620 δε
1122 573 1431 625 Bothuelium‚
1457 572 1648 635 aciaque
1672 593 1828 626 eorum

58 643 216 690 omnia
239 652 414 687 tuerent
438 650 471 682 ⁴r
498 653 508 680 ε
553 638 715 696 illique
738 637 936 684 invicem
964 637 1056 684 foed
1068 652 1288 684 :rarorum
1311 636 1460 691 saluti,
1502 641 1550 686 Sc
1575 643 1831 690 commodis

55 706 213 769 quoad
237 705 426 767 possent,
452 697 671 754 faverent,
700 707 737 748 δι
764 702 1061 748 consulerent.
1133 701 1228 766 Qi
1254 701 1490 764 pr'aesentes
1514 716 1640 750 erant
1665 722 1831 769 magna

58 787 162 833 pars
181 771 276 830 jam
300 780 431 814 antea
454 766 639 829 persuasi
663 765 966 814 subscribunt.
997 767 1179 827 Reliqui
1204 782 1307 811 cum
1330 765 1600 829 flagitiosum
1623 765 1831 820 viderent

56 836 312 896 conjurare,
339 831 638 891 periculosum
665 833 879 884 abnuere,
900 835 948 880 &
975 830 1058 891 ipsi
1078 829 1384 889 subscripsere.
1440 833 1696 880 Accerfitur
1720 838 1828 882 Mo·

54 900 227 952 ravius,
269 910 317 944 ut
339 897 434 957 ejus
458 896 696 944 auctoritas
740 900 864 957 (quae
888 895 948 940 ob
970 895 1186 941 virtutem
1219 894 1390 941 summa
1422 899 1538 955 erat)
1577 901 1828 948 accederet.

56 964 102 1010 Is
126 964 174 1010 in
197 963 358 1009 itinere
384 962 582 1008 monitus
606 961 663 1006 ab
685 960 937 1014 amici5‚'ut
961 960 1038 1006 sibi
1064 959 1331 1013 consuleret,
1364 977 1476 1007 neve
1500 961 1546 1007 in
1572 963 1742 1011 Setonii
1768 984 1830 1012 ae.

52 1028 209 1078 dibus,
235 1028 281 1073 in
306 1027 476 1089 quibus
501 1025 696 1088 Regina,
722 1029 768 1075 ὃ(
797 1024 1153 1085 conjuratorum>
1172 1025 1400 1085 principes
1423 1040 1567 1081 erant,
1593 1033 1829 1089 pernofta-

54 1104 124 1138 ret
149 1109 160 1138 ε
193 1092 268 1139 sed
307 1091 363 1137 ad
387 1092 694 1154 propinquam
717 1089 909 1149 alicujus
947 1088 1084 1135 amici
1115 1089 1269 1135 villam
1295 1089 1555 1138 diverteret.
1623 1094 1831 1157 Respon-

55 1156 144 1210 dit,
168 1158 217 1203 id
241 1157 289 1202 in
330 1156 406 1201 sua
429 1157 644 1216 potestate
678 1172 767 1200 non
792 1152 903 1201 fore.
973 1154 1148 1200 Verum
1190 1167 1421 1216 utcunque
1452 1172 1518 1201 res
1541 1157 1740 1213 caderet,
1787 1160 1830 1207 se

57 1221 177 1266 nulli
201 1236 400 1282 unquam
420 1219 597 1284 flagitio
621 1218 886 1265 assensurum
914 1234 924 1262 ε
944 1233 1121 1264 ‘caetera
1144 1216 1247 1263 Deo
1273 1219 1601 1279 permiffurum.
1647 1223 1720 1269 De
1743 1225 1831 1271 foe-

55 1286 164 1332 dere
183 1298 367 1348 rogatus
391 1285 448 1331 ab
471 1283 647 1338 aulicis,
673 1283 839 1344 quibus
862 1282 909 1328 id
933 1282 1111 1345 Regina
1129 1282 1316 1328 dederat
1335 1285 1575 1346 negotium
1605 1305 1614 1332 :
1648 1287 1831 1350 respon-

64 1349 135 1396 dit
154 1350 194 1396 se
213 1349 440 1410 necjuste‚
467 1366 550 1397 nec
569 1348 750 1394 honeste
769 1363 873 1393 curn
891 1347 1070 1410 Regina
1093 1346 1185 1407 (cui
1208 1347 1256 1392 in
1271 1348 1402 1394 rebus
1418 1350 1630 1396 omnibus
1649 1354 1831 1401 obtem-

56 1424 214 1477 perare
237 1414 420 1473 debeat)
443 1412 592 1459 foedus
616 1413 735 1475 posse
758 1411 920 1458 facere.
990 1413 1108 1458 Cum
1134 1409 1380 1460 Bothuelio
1417 1414 1476 1466 se,
1509 1416 1690 1478 Regina
1723 1435 1832 1466 auc..

59 1491 158 1525 tore
179 1477 474 1525 conciliatum
504 1495 515 1524 ε
553 1477 776 1540 quicquid
800 1490 894 1523 tum
920 1476 1184 1538 promisisset
1220 1476 1275 1522 ad
1310 1493 1509 1540 unguem
1535 1479 1829 1532 servaturum.

57 1543 164 1590 Nec
188 1561 291 1590 cum
315 1559 387 1594 eo,
415 1557 497 1588 nec
520 1557 625 1587 cum
649 1544 740 1588 alio
761 1557 996 1604 qupquam
1022 1541 1189 1590 soedus‚
1222 1553 1298 1586 aut
1321 1542 1681 1602 conjurationem
1711 1547 1833 1594 face-

55 1625 106 1662 ‚re
121 1608 162 1654 se
186 1620 470 1669 aequum‚aut
492 1607 517 1653 ὲ
543 1605 778 1669 republica
799 1605 1063 1651 existimare.
1088 1605 1208 1652 Cum
1231 1621 1312 1666 per
1334 1606 1512 1668 aliquot
1533 1608 1628 1656 dies
1652 1611 1836 1675 Regina

31 1715 34 1718 ,
59 1672 190 1718 solito
215 1671 424 1718 blandius
448 1686 552 1717 eum
576 1671 901 1733 alloqueretur,
927 1686 978 1715 ac
1002 1669 1043 1716 se
1064 1670 1358 1732 polliceretur
1381 1672 1437 1716 de
1460 1674 1673 1721 omnibus
1698 1678 1831 1724 rebus

56 1735 179 1783 suam
203 1735 466 1783 sententiam
491 1735 840 1797 explicaturam,
880 1746 977 1782 nec·
997 1735 1147 1796 pudor
1170 1746 1322 1781 tamen
1346 1735 1501 1800 eloqui
1534 1738 1710 1793 sineret,
1752 1759 1834 1803 per

56 1799 306 1847 familiares
327 1799 530 1846 animum
555 1801 652 1860 ejus
671 1816 938 1863 oppugnare
959 1799 1166 1845 tentavit.
1219 1799 1289 1846 Hi
1311 1816 1498 1864 quoque
1520 1802 1614 1863 ejus
1637 1804 1683 1851 in
1709 1809 1832 1853 resto

56 1867 352 1912 constantiam
377 1864 577 1919 reveriti,
597 1865 708 1928 quid
734 1875 940 1924 peterent
960 1865 1113 1925 palam
1135 1863 1342 1926 fateri(1)
1368 1883 1377 1910 :
1401 1882 1507 1912 cum
1531 1868 1643 1927 nihil
1670 1871 1830 1919 teeius

55 1931 239 1992 agendo
265 1929 550 1993 proficerent,
574 1931 757 1976 tandem
781 1929 1048 1976 Bothuelius
1068 1945 1173 1974 eum
1191 1931 1437 1992 aggressus,
1479 1932 1605 1978 vario
1627 1934 1832 1982 sermone

56 1997 117 2041 eo
140 1996 200 2042 est
223 1994 493 2058 progressus,
537 2008 584 2040 ut
618 1995 790 2041 diceret
812 1994 850 2040 se
876 1992 1051 2039 facinus
1076 1993 1194 2039 illud
1217 2010 1299 2039 nec
1334 1994 1509 2056 sponte,
1535 2014 1618 2045 nec
1643 1999 1722 2046 fi‘ui
1745 2001 1829 2048 soli

67 2059 232 2106 fecisse.
273 2061 388 2105 Eam
411 2075 572 2106 vocem
590 2060 693 2105 cum
714 2059 840 2105 Vultu
864 2060 975 2105 alter
999 2058 1325 2120 aspernaretur,
1345 2061 1612 2108 Bothuelius
1630 2062 1834 2113 sermone

59 2124 255 2188 gravi‚&
277 2123 508 2170 interdum
523 2122 740 2172 convitiis
764 2124 951 2186 propior
964 2122 1118 2169 omnia
1133 2122 1352 2170 versando
1374 2140 1477 2171 cum
1492 2125 1832 2190 [discordiarum

57 2189 211 2236 causas
233 2188 530 2243 intersereret,
556 2203 742 2250 remque
767 2190 821 2234 ad
844 2187 1184 2234 altercationem
1209 2189 1473 2249 protrahere
1495 2206 1752 2249 conaretur,
1773 2195 1834 2241 il-

59 2254 105 2301 le
128 2251 287 2299 contra
312 2253 543 2299 moderate
567 2252 880 2314 respondendo
905 2253 1076 2298 nullam
1119 2252 1212 2298 litis
1247 2253 1528 2302 occasionem
1551 2256 1676 2313 dare,
1715 2275 1768 2307 ac
1789 2260 1832 2306 se

62 2320 234 2366 teclum
260 2330 430 2372 tenere,
455 2334 539 2363 nec
561 2333 587 2362 a
614 2317 845 2379 proposito
869 2330 1021 2363 tamen
1044 2315 1289 2363 discedere.

127 2383 229 2430 XL.
263 2382 384 2428 Cum
409 2381 456 2428 in
481 2382 550 2429 his
589 2380 803 2444 angustiis
825 2381 1003 2445 aliquot
1044 2380 1139 2428 dies
1178 2381 1373 2429 versatus
1409 2383 1556 2432 s‘uisset
1575 2387 1833 2447 Moravius‚

61 2448 250 2495 tandem
273 2463 298 2492 a
320 2445 501 2511 Regina
523 2447 705 2493 veniam
732 2445 864 2505 petiit
887 2464 898 2492 ε
934 2458 985 2493 ut
1005 2445 1191 2508 quando
1214 2447 1278 2493 sui
1301 2464 1392 2494 non
1415 2465 1632 2513 magnum
1657 2453 1836 2503 videret

63 2513 195 2558 usum
217 2511 263 2558 in
290 2512 409 2566 aula,
434 2511 490 2558 ad
514 2513 689 2558 Fanum
714 2510 926 2566 Andreae,
956 2512 1029 2556 vel
1067 2509 1113 2557 in
1139 2511 1400 2559 Moraviam
1432 2513 1569 2578 usque
1591 2516 1833 2567 secederet.

63 2578 109 2625 A
131 2575 374 2638 suspitione
396 2576 522 2622 enim
559 2587 785 2628 motuum,
809 2592 925 2638 quos
948 2575 1142 2622 orituros
1165 2576 1465 2638 praevidebat,
1505 2582 1665 2641 procul
1689 2584 1834 2631 abesse

62 2640 294 2703 cupiebat.
319 2641 376 2688 Id
392 2658 499 2687 cum
521 2657 614 2687 non
636 2640 920 2702 impetraret,
943 2639 1092 2686 necin
1116 2642 1219 2687 aula
1241 2641 1330 2688 sine
1351 2643 1587 2699 summm&
1606 2659 1731 2693 certo
1753 2665 1836 2711 pe-

61 2705 210 2753 riculo
231 2706 316 2752 effe
338 2705 492 2770 posset,
517 2706 703 2768 tandem
729 2706 799 2766 (2)
825 2705 1014 2752 liberam
1033 2704 1312 2768 legationem
1334 2709 1617 2772 expugnavit
1642 2729 1651 2757 :
1690 2711 1761 2758 sed
1782 2729 1837 2761 ea

50 2770 185 2833 -lege,
213 2786 270 2816 ne
291 2769 338 2816 in
365 2770 538 2832 Anglia
558 2770 818 2823 subsisteret,
842 2768 914 2816 sed
939 2787 1019 2831 per
1041 2770 1301 2817 Flandriam
1320 2770 1368 2818 in
1391 2773 1712 2829 Germaniam,
1755 2789 1836 2826 aut

62 2835 96 2885 fi
119 2836 215 2896 quo
253 2832 344 2881 alio
365 2833 519 2889 vellet,
560 2833 834 2882 ascenderet.
903 2835 1077 2881 Verum
1101 2849 1205 2880 cum
1234 2836 1492 2884 Flandriam
1518 2852 1672 2900 petere
1712 2841 1833 2888 nihil

61 2899 192 2945 aliud
212 2899 336 2954 esset,
367 2914 508 2961 quam
529 2898 577 2946 in
600 2911 807 2962 apertum
840 2897 1084 2946 discrimen
1105 2898 1146 2945 se
1166 2901 1471 2962 praecipitare,
1505 2905 1689 2951 tandem
1715 2921 1837 2969 aegre

63 2963 229 3017 tenuit,
264 2975 314 3009 ut
349 2975 429 3026 per
452 2963 669 3027 Angliam
691 2963 740 3010 in
764 2963 961 3019 Gallias,
985 2963 1154 3010 deinde
1173 2963 1302 3011 illinc
1326 2968 1419 3029 quo
1443 2969 1742 3017 commodum
1764 2971 1835 3018 vi·

61 3028 264 3081 deretur,
289 3026 330 3072 se
353 3027 596 3075 conferret.

105 3092 255 3139 XLI.
290 3091 495 3139 Homine
516 3092 679 3149 libero,
704 3093 755 3143 ὃς
777 3091 990 3157 populari
1011 3092 1203 3142 liberata
1223 3095 1421 3161 Regina,
1445 3104 1610 3146 caetera
1634 3098 1840 3162 tyranni-

61 3222 137 3272 ple,
158 3229 195 3260 to
214 3219 330 3258 think
349 3233 387 3257 as
404 3221 490 3258 well
511 3220 556 3259 of
575 3221 644 3260 her
661 3235 698 3260 as
714 3235 788 3260 was
807 3224 917 3274 poffi-
971 3223 1123 3261 written
1141 3224 1189 3273 by
1206 3223 1271 3262 the
1293 3227 1403 3264 abbot'
1423 3226 1470 3268 of
1483 3227 1672 3277 Pignerol,
1713 3233 1748 3267 ἃς
1764 3242 1839 3266 was

62 3276 148 3324 ble5
179 3276 244 3311 but
262 3274 397 3323 chiefly
414 3286 550 3321 among
567 3274 671 3313 those
688 3276 734 3313 of
753 3276 836 3314 that
857 3291 914 3315 re·
970 3277 1117 3326 printed
1137 3286 1173 3315 at
1204 3278 1369 3328 Bologna
1389 3280 1429 3318 in
1448 3280 1513 3318 the
1532 3296 1617 3332 year
1639 3295 1753 3335 1599,
1789 3294 1849 3318 12‘·

58 3328 179 3375 ligion
200 3342 210 3366 ι
241 3326 277 3365 fo
302 3327 398 3372 that,
435 3326 510 3376 says
530 3326 596 3363 Dr.
636 3328 778 3366 Bur-net
796 3330 912 3374 (Hist.
968 3344 1070 3378 years
1090 3331 1185 3369 after
1198 3345 1316 3380 queen
1334 3334 1447 3383 Mary
1460 3334 1703 3373 haesuffered
1721 3335 1831 3372 death

48 3381 176 3432 JRef.)
207 3381 226 3418 1
244 3380 368 3418 ..know
392 3391 440 3417 no
459 3380 617 3418 relation
635 3382 680 3418 of
707 3381 797 3419 that.
808 3383 914 3423 affair
958 3385 1013 3431 >by
1030 3384 1094 3421 the
1113 3385 1231 3422 hands·
1244 3386 1289 3423 of
1302 3399 1348 3424 an
1362 3389 1611 3435 execufioner,
1622 3397 1660 3426 at
1679 3388 1743 3425 the
1758 3390 1830 3425 end

61 3433 146 3472 that
164 3447 230 3472 can
250 3434 294 3471 be
312 3432 349 3471 so
366 3433 547 3481 certainly
563 3435 747 3483 depended
761 3434 917 3484 on(ma-
971 3438 1016 3475 of
1037 3439 1082 3474 18
1104 3451 1205 3487 years
1223 3438 1522 3489 imprisonment.

60 3486 156 3535 king
177 3487 249 3524 still
273 3487 370 3524 some
386 3487 605 3524 allowances
624 3486 682 3524 for
693 3487 758 3524 the
779 3488 916 3527 softe'n-
1025 3489 1092 3540 (1)
1120 3491 1147 3529 i.
1170 3505 1204 3530 e.
1232 3506 1319 3529 cum
1338 3496 1454 3542 pudor
1472 3507 1545 3531 non
1563 3494 1708 3531 sineret.

60 3539 142 3587 ings
157 3541 200 3577 of
214 3554 231 3576 a
253 3540 384 3589 partial
405 3538 548 3590 writer)
567 3552 603 3576 as
621 3540 704 3578 that
719 3540 844 3580 which
860 3556 916 3580 we
1020 3545 1085 3593 (2)
1111 3545 1221 3582 With
1234 3555 1333 3595 great
1345 3546 1526 3597 difficulty
1542 3547 1711 3586 obtained
1725 3547 1831 3584 leave

0 3594 5 3599 ’
60 3592 138 3632 find
166 3594 205 3632 in
224 3593 308 3632 that
332 3593 529 3632 cardinal’s
562 3593 645 3641 life,
682 3593 809 3633 which
840 3608 915 3634 was
971 3604 1011 3636 to
1028 3599 1168 3638 travel.

1766 3651 1844 3701 dis
