2025 3831
309 146 596 210 LIBER
687 142 1189 209 Decimus‘r
1227 139 1639 217 Ea‘rtu's..
1706 131 1842 226 Ι’375

92 242 280 298 fecisset,
303 245 520 291 bellicum
547 243 760 297 sonuerit,
787 248 833 294 &-
856 244 956 290 suos
987 243 1044 290 ad
1065 241 1245 307 fortiter
1276 234 1590 289 dimicandum
1615 242 1667 298 fit
1695 244 1851 290 horta-

90 320 182 355 tus.
250 309 408 355 Minor
424 308 571 360 navis,
595 323 698 370 qut-e
728 307 768 353 se
792 309 1011 370 imparem
1035 305 1147 354 hosti
1175 321 1360 352 cernens
1383 306 1430 350 in
1464 306 1621 368 fugam
1645 309 1849 363 dederat,

92 373 268 419 minore
284 387 389 418 cum
412 371 654 418 certamine
674 371 842 418 dedita.
911 370 1007 435 Qi
1029 387 1084 417 ex
1103 383 1293 433 utraque
1313 369 1427 415 caedi
1448 369 1777 431 superfuerunt,
1804 373 1851 418 in

79 451 316 482 carcerem
340 434 543 482 Londini
563 434 754 481 conditi.
824 435 934 482 Inde
957 436 1014 481 ad
1037 437 1213 496 Regem
1233 434 1459 497 producti,
1479 449 1603 488 cum,
1630 448 1679 480 ut
1700 436 1851 483 edocti

90 499 152 545 ab
175 500 338 561 Anglis
362 501 558 553 fuerant,
583 498 845 560 suppliciter
866 500 1005 546 vitam
1030 511 1336 561 precarentur,
1359 496 1439 544 ille
1473 498 1661 560 superba
1683 498 1857 546 miseri-

87 562 256 609 cordiae
278 563 778 624 ostentatione''inope3‚
811 582 850 611 ‚sc
872 563 1085 609 innoxios
1106 563 1357 609 incolumes
1389 562 1578 608 dimifit.
1641 561 1782 608 Miffis
1807 567 1854 611 in

92 625 311 687 Angliam
335 644 360 674 a
383 630 518 673 Scoto
542 627 722 689 legatis,
747 627 825 689 qui
850 627 906 672 de
929 627 1117 672 navibus
1136 627 1183 672 in
1202 642 1312 688 pace
1334 627 1494 688 captis,
1521 631 1567 673 {St
1592 626 1853 675 vectoribus

83 690 209 736 caefis
232 703 617 753 conquererentur
642 709 652 736 :
690 690 964 752 responsum,
1000 691 1174 736 foedera
1203 689 1450 751 piratarum
1483 689 1607 736 caede
1633 706 1724 736 non
1750 689 1852 735 vio-

91 752 191 809 lari,
217 758 419 802 neceam
442 755 542 801 satis
567 755 795 801 honestam
820 755 932 800 belli
952 754 1126 800 causam
1153 754 1263 801 fore.
1332 754 1440 800 Hoc
1463 754 1721 816 responsum
1744 769 1854 800 con-

88 819 301 879 temptim
328 820 559 881 purgantis
580 819 824 865 manifestae
846 818 983 865 credis
1010 817 1198 871 crimen,
1225 832 1328 864 curn
1352 820 1478 864 velut
1499 818 1610 864 belli
1635 820 1706 880 (1)
1726 835 1853 881 qute-

82 883 227 928 'rentis
249 885 334 930 effe
353 884 598 937 videretur,
626 884 786 946 Angli,
811 883 890 945 qui
914 881 1318 929 limites-accolunt
1339 899 1394 929 ex
1425 884 1574 943 relbuS,
1598 899 1702 945 quae
1725 900 1857 945 gere·

85 947 320 1002 rebantur,
345 948 547 994 animum
567 948 631 993 sui
655 948 794 1010 Regis
822 946 1108 1009 interpretati
1133 946 1340 994 homines
1365 948 1478 1009 st'epe
1503 947 1549 993 in
1572 963 1684 1009 pace
1709 948 1854 993 maxi·-

89 1010 213 1070 xime
236 1012 615 1075 tranquilla'belli
636 1011 804 1058 semina
825 1011 1032 1074 spargere
1052 1010 1187 1064 soliti,
1215 1017 1255 1058 &
1291 1011 1375 1075 ipsi
1396 1013 1530 1059 rebus
1553 1011 1681 1059 novis
1702 1011 1856 1060 ‘inten-

36 1136 39 1144 Χ
87 1074 126 1120 'ti
150 1077 323 1136 praedas
348 1078 372 1123 ἐ
395 1076 614 1138 proximis
633 1067 876 1122 'Scotorum
900 1076 1018 1139 agris
1038 1075 1249 1138 agebant.

156 1140 329 1187 XXIX.
364 1143 471 1187 Erat
489 1156 540 1185 ea
559 1143 819 1203 tempestate
845 1141 914 1201 (2)
938 1140 1199 1186 Alexander
1221 1139 1422 1187 Humius
1446 1139 1663 1187 omnibus
1687 1140 1854 1188 Scotiae

89 1202 330 1258 limitibus,
354 1205 437 1267 qui
459 1205 506 1250 in
528 1218 616 1251 tres
651 1203 911 1265 provincias
944 1203 1090 1249 dividi
1113 1204 1330 1258 solebant,
1359 1221 1472 1250 unus
1497 1206 1753 1267 praefectus,
1779 1208 1854 1253 Ias

85 1268 210 1313 eobo
228 1270 416 1331 quidem
435 1269 554 1332 Regi
576 1268 870 1315 vehementer
892 1285 1036 1321 carus,
1062 1267 1136 1313 sed
1158 1268 1395 1323 ferociore‚
1421 1285 1558 1331 quam
1578 1270 1776 1332 publicae
1801 1290 1853 1326 u·

84 1331 247 1378 tilitati
269 1345 364 1381 tum
384 1332 657 1394 expediebat
678 1332 882 1396 ingenio,
917 1334 973 1378 ⁴Is
993 1333 1112 1395 Regi
1131 1332 1188 1378 ad
1208 1331 1317 1377 belli
1335 1349 1462 1379 curas
1484 1335 1715 1388 converso,
1734 1341 1774 1381 Sc
1794 1336 1852 1382 de

88 1409 276 1457 accepta
300 1416 378 1458 per
398 1398 672 1445 incursiones
694 1396 951 1460 ignominia
984 1397 1181 1443 delenda
1202 1396 1377 1443 solicito
1399 1398 1642 1458 pollicetur
1665 1400 1722 1454 sc,
1746 1415 1853 1447 cum

86 1461 379 1522 propinquiS,
404 1467 451 1510 δε
484 1462 728 1508 clientibus
768 1461 896 1507 brevi
928 1461 1211 1515 effeciurum,
1238 1473 1288 1507 ut
1313 1463 1471 1524 Angli,
1497 1463 1527 1509 fi
1552 1465 1677 1525 quod
1711 1480 1768 1509 ex
1803 1479 1854 1511 re

88 1524 207 1569 bene
229 1528 349 1586 gesta
368 1528 591 1590 gaudium>
612 1526 898 1587 accepissent,
925 1541 1094 1589 magno
1115 1525 1302 1581 damno,
1329 1532 1368 1571 &
1391 1526 1614 1572 dedecore
1635 1527 1681 1573 id
1704 1528 1850 1576 luant.

88 1588 209 1634 Haee
232 1602 281 1636 ut
305 1593 529 1651 praestaret
548 1590 691 1636 tribus
722 1590 816 1636 fere
838 1589 1041 1636 millibus
1065 1589 1271 1652 equitum
1295 1589 1513 1644 colleffis,
1540 1592 1758 1654 Angliam
1781 1592 1854 1638 in-

85 1655 274 1714 gressus,
298 1655 465 1717 septem
499 1653 732 1717 proximos
769 1670 912 1718 pagos
946 1666 1190 1716 antequam
1220 1653 1414 1700 succurri
1446 1655 1603 1718 posset,
1625 1656 1852 1718 spoliavit.

87 1716 179 1763 Sed
201 1717 309 1764 dum
333 1719 572 1767 revertitur
592 1734 698 1765 cum
720 1717 898 1782 ingenti
917 1719 1064 1765 omnis
1087 1718 1265 1782 generis
1289 1719 1459 1781 praeda,
1481 1718 1691 1767 homines
1713 1720 1858 1768 latro-

83 1780 219 1827 ciniis
241 1783 396 1830 assueti
424 1801 560 1848 monrae
582 1783 871 1845 impatientes
895 1782 943 1829 in
972 1782 1144 1830 hostico
1168 1800 1266 1830 eam
1290 1783 1504 1830 dividunt
1528 1801 1539 1830 :
1573 1790 1613 1832 &
1640 1801 1732 1848 qua
1754 1785 1852 1832 cui-

35 1891 37 1894 .
84 1860 178 1906 que
196 1849 459 1908 proximum
481 1850 590 1903 erat,
616 1848 777 1894 domos
799 1848 1099 1894 contendunt.
1169 1848 1431 1895 Alexander
1452 1864 1555 1894 cum
1591 1850 1748 1912 paucis
1770 1866 1854 1914 ag-

85 1922 194 1955 men
216 1913 428 1976 cogebat,
442 1929 493 1960 ac
516 1911 836 1975 prospiciebat,
849 1928 905 1959 ne
927 1928 1018 1975 qua
1038 1911 1087 1958 in
1109 1912 1326 1960 abeuntes
1348 1912 1542 1959 incurlio
1565 1913 1706 1961 fieret.
1761 1915 1852 1962 Sed

82 1988 193 2019 cum
216 1976 602 2040 neminem-sequi
632 1976 826 2030 videret,
850 1976 960 2024 dum
982 1976 1210 2024 incautius
1232 1977 1345 2041 agit,
1370 1976 1535 2024 incidit
1555 1976 1602 2025 in
1626 1990 1853 2031 trecentos

85 2039 268 2100 Anglos
292 2041 340 2087 in
371 2041 541 2088 insidiis
563 2041 809 2088 collocatos
832 2058 843 2087 ε
875 2042 957 2103 qui
978 2054 1160 2103 captato
1183 2055 1388 2104 tempore
1410 2058 1515 2088 eum
1539 2043 1687 2090 adorti
1708 2044 1854 2104 injec-

10 2132 17 2137 ν
83 2114 132 2149 ta
146 2103 325 2166 ingenti
338 2105 658 2169 trepidatione,
672 2105 719 2151 in
737 2122 853 2168 quos
869 2105 1131 2160 inciderint,
1147 2123 1223 2153 eos
1243 2107 1457 2161 fundunt,
1473 2106 1744 2171 fugantque.
1776 2109 1855 2155 In—

80 2170 354 2217 eotumultu
375 2172 399 2218 ὲ
423 2170 567 2216 Scotis
604 2171 862 2232 complures
875 2170 1023 2224 occifi,
1039 2171 1225 2217 ducenti
1242 2169 1382 2233 capti.
1413 2173 1467 2218 In
1490 2171 1544 2217 iis
1561 2174 1630 2235 (3)
1649 2173 1854 2236 Georgi-'-

88 2249 141 2278 us
164 2234 309 2280 Humi
317 2251 366 2281 us
389 2234 641 2281 Alexandri
658 2234 810 2288 frater,
834 2249 972 2296 quem
997 2235 1141 2298 Angli
1162 2247 1351 2298 accepto
1381 2236 1641 2290 Comarcho
1663 2239 1855 2285 Herone

83 2298 121 2344 F
128 2298 367 2360 urdio,qui
388 2299 449 2345 ob
471 2299 644 2347 caedem
667 2298 859 2345 Roberti
883 2298 991 2346 Cari
1014 2299 1272 2363 complures
1296 2317 1436 2347 annos
1454 2300 1503 2347 in
1526 2301 1677 2348 Scotia
1698 2313 1851 2349 reten-

86 2372 159 2409 tus
198 2362 362 2418 fuerat,
397 2362 681 2415 dimiserunt.
747 2362 905 2410 Praeda
935 2363 1105 2416 omnis,
1139 2362 1248 2428 quia
1279 2364 1371 2427 qui,
1393 2381 1496 2413 eam
1528 2365 1744 2429 agebant,
1764 2367 1850 2415 iter

10 2490 14 2491 ⁷
79 2442 408 2489 praeceperant,
431 2427 482 2474 in
502 2426 702 2475 Scotiam
724 2426 971 2475 incolumis
987 2429 1129 2476 venit.

103 2496 105 2500 '
151 2492 302 2540 XXX.
328 2494 445 2549 Haec
466 2492 620 2540 animo
636 2490 777 2555 Regis
794 2493 856 2540 ob
877 2508 946 2548 ea,
962 2509 1064 2558 quae
1086 2493 1344 2549 retulimus,
1361 2510 1484 2558 aegro
1505 2493 1684 2558 objecta
1703 2497 1852 2546 offen-

82 2555 147 2603 fio
169 2571 273 2603 cum
312 2573 417 2604 eum
442 2559 536 2621 quo
571 2556 799 2619 cupiditas
822 2557 1004 2620 agebat,
1029 2557 1316 2622 praecipitem
1347 2560 1623 2622 impelleret,
1647 2577 1851 2610 conven-

81 2630 182 2673 tum
204 2621 416 2670 ordinum
439 2625 498 2668 ad
516 2620 842 2669 consulendum
867 2623 924 2669 de
946 2620 1070 2670 bello
1093 2622 1269 2671 habuit.
1336 2624 1410 2671 Ibi
1427 2624 1851 2689 multis-prudenti-

83 2691 218 2732 o‘rum
240 2698 400 2734 contra
420 2685 688 2742 nitentibuS,
713 2685 868 2749 legato
889 2703 997 2734 vero
1019 2687 1164 2734 Gallo
1185 2689 1381 2735 Lamota
1401 2688 1633 2752 precibus,
1657 2691 1851 2753 promis-

53 2794 57 2806 ι
77 2747 231 2814 sisque
253 2749 459 2807 instante,
485 2757 526 2798 &
545 2751 690 2802 literis
713 2751 881 2798 crebris
902 2751 1102 2799 Andreae
1139 2750 1354 2800 Formani
1372 2754 1535 2800 eodem
1559 2754 1849 2818 urgentibuS,

51 2813 215 2878 ',·Rege
229 2831 416 2879 quoque
437 2831 530 2863 non
550 2815 853 2889 distimulante
870 2815 986 2883 quid
1001 2816 1158 2872 vellet,
1174 2817 1416 2881 multisque
1433 2818 1476 2865 ei
1496 2819 1741 2883 gratificari
1758 2822 1851 2867 stu-

81 2877 314 2933 dentibus,
346 2881 537 2936 caeteris,
560 2896 642 2943 qui
667 2880 900 2944 pauciores
922 2881 1066 2936 erant,
1086 2880 1147 2929 vne
1169 2881 1328 2929 frustra
1348 2882 1602 2948 pugnando
1622 2883 1848 2947 principis

2 2954 5 2956 ·
81 2939 449 3007 indignationem
471 2943 520 2992 in
540 2944 583 2991 se
601 2945 919 3001 accenderent,
943 2945 1475 2996 assentientibusbellum
1494 2961 1627 3004 terra,
1644 2947 1854 3013 marique

81 3006 291 3069 aduersus
309 3010 489 3076 Anglos
510 3009 735 3057 incertum
755 3011 912 3074 pejore
932 3007 1137 3067 consilio,
1153 3014 1215 3058 'an
1236 3023 1403 3059 eventu
1424 3011 1714 3067 decernitur:
1751 3015 1851 3063 dies

7 3084 12 3086 ·
77 3069 303 3144 exercitui
318 3073 378 3119 ad
393 3072 760 3146 conveniendum
779 3074 995 3146 indictus.
1063 3076 1098 3123 F
1101 3075 1275 3123 oecialis
1295 3075 1345 3123 in
1367 3076 1573 3126 Galliam
1595 3078 1654 3147 ad
1671 3078 1849 3128 Henri'-

60 3193 63 3196 ’
124 3179 199 3251 (r)
228 3200 316 3240 The
333 3204 432 3240 word
464 3203 610 3242 causam
639 3207 751 3249 tobe
764 3209 935 3258 repeated
989 3206 1054 3245 the
1070 3204 1241 3245 heir-esses
1257 3206 1303 3246 of
1314 3207 1511 3258 Dunglass‚
1528 3210 1650 3249 ca‘led
1670 3209 1844 3262 Papedie,

77 3251 181 3292 from
201 3254 264 3293 the
279 3256 447 3294 sentence
460 3256 715 3308 immediately
725 3260 933 3311 foregoing.
987 3261 1034 3300 of
1045 3259 1111 3299 the
1143 3261 1223 3299 lord
1240 3263 1415 3301 Landells
1433 3263 1500 3312 (by
1528 3263 1657 3304 whom
1675 3265 1764 3313 they
1779 3269 1845 3312 'got

137 3309 198 3358 (2)
226 3310 354 3347 Called
373 3312 586 3359 commonly
603 3311 668 3349 the
685 3323 786 3363 great
800 3313 933 3357 cham·
985 3316 1028 3354 in
1043 3327 1153 3365 many
1163 3315 1208 3353 of
1216 3315 1332 3354 Bass's
1350 3317 1455 3357 lands
1465 3317 1557 3368 also)
1574 3320 1645 3357 and
1663 3318 1708 3355 of
1714 3319 1787 3355 Car
1803 3316 1851 3354 of

81 3359 241 3408 berlain,
256 3364 336 3400 lotd
346 3365 489 3401 Home.-
508 3364 554 3401 In
565 3364 624 3402 his
637 3365 729 3414 time
743 3367 807 3410 the
820 3367 934 3411 home
987 3370 1221 3417 Samuelston
1239 3384 1249 3407 ι
1266 3370 1311 3407 of
1333 3370 1398 3408 the
1429 3372 1508 3408 lord
1525 3372 1739 3409 Alexander
1768 3371 1842 3416 and.

79 3414 127 3465 οξ
137 3417 266 3474 βοτηε
283 3416 329 3465 by
348 3417 533 3467 marrying
549 3416 749 3468 heretrixes
776 3421 849 3460 had
866 3435 929 3459 ac·
982 3421 1043 3459 his
1060 3423 1212 3472 tragical
1230 3423 1356 3471 death,
1381 3424 1497 3473 much
1520 3424 1553 3462 is
1571 3423 1712 3474 spoken
1729 3422 1842 3469 here.-

78 3470 212 3514 qmred
230 3470 330 3517 great
348 3471 488 3515 estates,
507 3472 578 3507 and
597 3469 643 3519 by
665 3471 742 3509 this
758 3478 839 3524 Way
854 3473 929 3515 had
981 3475 1090 3514 after.
1488 3501 1493 3506 ·

78 3517 178 3558 risen
203 3530 243 3559 to
260 3532 369 3570 great*
383 3535 506 3573 power
523 3536 534 3560 ε
579 3523 639 3561 for
655 3523 789 3563 befides
816 3529 931 3578 many
1035 3527 1099 3580 (3)
1127 3530 1258 3582 After
1286 3529 1347 3572 his
1383 3529 1566 3576 brother-'s
1599 3529 1727 3579 death!
1756 3528 1841 3590 lprd

78 3575 219 3626 sadus,
247 3574 314 3623 the
324 3576 424 3619 lords
441 3575 662 3622 themselves
679 3577 754 3621 had
770 3579 929 3625 married
977 3581 1125 3631 Hume.
1719 3575 1731 3591 ⁸

1727 3654 1840 3725 eum
