2076 3862
543 120 876 186 LIBER
971 113 1480 204 QUARTUS.
1814 137 1900 205 79

130 224 360 287 utriusque
380 216 545 284 populi
567 217 743 264 animos
763 216 1082 268 inflammavit.
1129 214 1279 278 Igitur
1299 216 1501 262 exercitu
1524 232 1746 279 quantum
1771 230 1902 281 pote..

128 303 230 342 rant
251 286 406 335 coaesto
427 285 520 330 duo
542 283 695 346 Reges
719 281 929 330 bifariam
959 281 1221 329 Brittonum
1252 281 1362 326 fines
1381 279 1580 343 ingressi,
1604 299 1738 346 agros
1760 284 1899 343 ferre,

127 357 402 413 flammaque
424 349 515 396 late
538 346 822 401 deformatis,
855 363 961 393 cum
984 344 1164 410 ingenti
1186 346 1342 408 praeda
1375 344 1564 392 domurn
1596 359 1900 397 revertuntur.

125 418 203 467 Ad
225 431 326 463 eam
344 412 559 473 injuriam
579 412 900 461 vindicandam
915 411 1061 474 Britto
1081 412 1320 457 Scotorum
1342 410 1451 456 fines
1474 410 1709 474 ingreffuS,
1727 413 1784 459 ad
1797 414 1900 460 Du-

123 496 234 531 num
256 478 396 541 usque
418 494 599 525 amnem
620 475 896 541 penetravit,
922 481 958 522 δι
993 475 1172 522 minore
1198 474 1338 538 longe
1369 475 1539 522 damno
1561 490 1701 537 quam
1734 490 1902 525 terrore

122 562 176 593 ea
196 544 300 590 loca
334 556 623 607 pervagatus,
655 543 703 589 in
727 541 824 602 ripa
848 540 1049 589 fluminis
1073 539 1293 587 consedit.
1360 540 1598 603 Fergusius
1621 539 1745 585 enim
1768 543 1900 590 miffis

120 609 170 656 in
192 619 388 664 montes,
411 608 605 672 locaque
626 605 904 654 exercitibus
926 606 1146 652 inaccessa
1166 604 1341 659 liberis,
1366 609 1408 650 ἅτ
1430 604 1723 668 conjugibus,
1747 607 1900 654 rebus-

114 690 212 736 que
233 672 352 724 aliis,
377 689 442 734 qu
458 692 479 717 e
503 672 595 734 agi,
620 687 699 717 aut
722 669 938 732 asportari
960 682 1189 732 poterant,
1214 668 1309 731 ipse
1331 667 1480 715 aditus
1506 684 1664 716 omnes
1691 669 1900 719 observa-

121 738 202 785 bat
223 737 363 800 usque
385 738 442 782 ad
461 737 692 783 Pistorum
715 737 981 782 adventum.
1020 734 1186 781 Castris
1209 733 1393 780 tandem
1417 749 1523 780 cum
1545 734 1609 781 eis
1627 736 1898 796 conjunftis,

121 800 558 863 communicatoque
593 800 782 848 consilio
815 802 1013 846 statuunt
1049 802 1119 862 (1)
1146 797 1320 845 bellum
1352 798 1537 854 ducere,
1562 798 1682 850 &in
1712 800 1902 864 regione

117 866 273 917 hostili
291 865 547 913 incursione
570 882 714 927 prope
734 866 854 915 vasta
878 865 1045 911 hostem
1071 864 1309 910 conficere.
1679 915 1689 933 s

184 931 248 977 V.
286 931 350 977 At
370 930 532 978 Coilus
554 930 623 992 (id
643 929 884 980 Britonum
911 929 1031 994 Regi
1051 945 1219 975 nomen
1237 929 1352 988 erat)
1370 945 1450 991 per
1471 927 1772 991 speculatores
1793 947 1901 980 cau..

119 995 166 1043 sa
188 995 488 1042 cunstationis
509 994 742 1042 inteliecta
763 995 970 1057 quinque
994 994 1140 1045 millia
1160 993 1401 1044 hominum
1420 993 1467 1039 in
1490 995 1593 1045 loca
1613 994 1825 1051 editiora,
1850 1011 1901 1046 ut

117 1059 187 1107 ibi
221 1059 268 1105 in
300 1059 471 1106 insidiis
506 1060 660 1113 ess'ent,
692 1059 942 1122 ‘praemittit
968 1077 978 1107 :
1013 1058 1117 1121 ipsei
1139 1058 1368 1120 reliquum
1410 1058 1664 1114 exercitum
1698 1063 1818 1108 reEta
1850 1063 1899 1110 in

120 1124 293 1170 hostem
316 1124 482 1169 ducere
504 1124 722 1170 decrevit.
775 1126 830 1169 Id
853 1139 1038 1185 quoque
1062 1139 1168 1169 cum
1192 1122 1309 1169 Piffi
1330 1122 1569 1178 rescissent,
1610 1124 1730 1172 inito
1750 1127 1900 1174 rursus

120 1204 228 1235 oum
266 1187 414 1234 Scotis
452 1188 657 1240 consilio,
684 1189 1061 1234 antevertendum
1097 1186 1200 1240 rati,
1231 1189 1429 1236 statuunt
1466 1189 1726 1237 Brittonurn
1762 1192 1901 1240 castra

121 1253 180 1300 de
202 1255 334 1299 noete
358 1251 566 1316 aggredi.
637 1251 788 1314 Igitur
809 1251 982 1298 eduftis
1005 1252 1150 1314 copiis
1175 1251 1300 1299 Scoti
1323 1269 1348 1297 a
1378 1251 1546 1308 fronte,
1570 1253 1686 1301 Piffi
1720 1272 1746 1302 a
1768 1268 1900 1321 tergo

120 1316 335 1371 invasuri,
356 1318 415 1362 ad
437 1317 608 1363 hostem
631 1329 735 1362 ante
762 1316 913 1363 lucem
936 1316 1224 1379 perveniunt.
1293 1316 1364 1363 Ibi
1389 1317 1615 1365 Brittones
1640 1320 1806 1369 fiducia
1825 1322 1899 1369 in·

122 1395 298 1437 cautos»,
320 1387 361 1429 δε
383 1382 465 1443 qui
487 1381 547 1426 ob
569 1381 848 1443 superiorum
874 1379 1052 1427 dierum
1070 1381 1409 1428 cunctationem
1432 1382 1577 1430 hostes
1600 1383 1763 1432 timere
1784 1387 1899 1434 def-

125 1458 272 1501 etant,
291 1447 441 1492 adhuc
463 1445 748 1492 semisomnes
772 1447 1064 1493 obtruncant.
1115 1445 1302 1493 Cecidit
1323 1463 1428 1493 cum
1449 1459 1577 1510 parte
1600 1449 1772 1511 majore
1797 1452 1898 1499 suo·

118 1524 221 1557 rum
244 1510 291 1557 in
309 1526 364 1556 eo
384 1513 589 1556 tumultu
613 1512 776 1558 Co‘ilus
797 1511 905 1574 ipse,
926 1512 995 1573 (2)
1013 1510 1344 1574 regionemque
1366 1511 1413 1558 in
1433 1529 1524 1574 qua
1539 1528 1799 1577 pugnatum
1818 1518 1896 1573 est,

122 1575 180 1627 de
203 1577 278 1622 tuo
303 1575 490 1621 nomine
510 1576 736 1622 celebrem
760 1575 885 1622 fecit.
955 1577 989 1622 F
993 1576 1168 1640 ergufio
1186 1575 1356 1622 vistore
1376 1577 1567 1623 domum
1590 1580 1765 1626 reverso
1788 1584 1898 1629 Sco-
1928 1578 1931 1582 ⁴

117 1639 155 1687 ti
177 1639 236 1695 ei,
261 1639 534 1703 posterisque
555 1642 652 1703 ejus
670 1657 862 1704 regnum
881 1639 1177 1702 jurejurando
1198 1641 1539 1699 confirmarunt.
1609 1643 1708 1705 Ipse
1730 1646 1900 1694 deinde

118 1706 254 1751 reb-ss
272 1704 320 1750 in
345 1706 498 1751 Scotia
516 1705 687 1767 pacatis
711 1706 767 1751 ad
790 1705 1157 1768 comprimendas
1177 1706 1446 1752 au&oritate
1479 1705 1555 1753 sua
1576 1708 1817 1757 seditiones
1849 1712 1898 1761 in

118 1769 397 1817 Hiberniam
421 1769 592 1816 transiit
617 1789 628 1817 ε
662 1771 885 1832 rebusque
907 1769 973 1816 ibi
1003 1771 1264 1832 compositis
1296 1770 1345 1816 in
1369 1771 1516 1818 reditu.
1541 1789 1634 1821 non
1657 1778 1820 1836 procul
1850 1795 1900 1824 e-

117 1836 274 1880 vetius
294 1834 318 1880 ὲ
343 1845 493 1896 portu,
519 1834 593 1880 cui
615 1836 685 1897 (2)
705 1837 861 1897 Rupes
881 1835 1082 1898 Fergufii
1104 1851 1273 1882 nomen
1296 1837 1372 1890 est,
1398 1848 1554 1883 coorta
1575 1852 1762 1901 repente
1781 1854 1898 1888 tem-

120 1900 289 1962 pestate
313 1898 490 1945 interiit
521 1915 642 1945 anno
669 1901 803 1963 regni
836 1900 900 1948 sui
935 1900 1151 1946 vicesimo
1175 1900 1354 1963 quintO.
1423 1902 1691 1957 Adventum
1724 1904 1818 1965 ejus
1850 1906 1898 1954 in

121 1963 314 2010 Albium
335 1963 384 2009 in
406 1980 459 2010 ea
481 1976 688 2026 tempora
713 1965 981 2024 conjiciunt,
1007 1965 1176 2026 quibus
1193 1965 1456 2012 Alexander
1479 1967 1678 2014 Macedo
1701 1970 1902 2032 Babylo-

120 2043 229 2076 nem
250 2028 386 2089 caepit
408 2030 724 2077 trecentesimo
748 2030 973 2076 tricesimo
998 2030 1094 2076 sere
1115 2047 1236 2077 anno
1259 2042 1363 2077 ante
1388 2030 1622 2079 Christum
1644 2046 1821 2082 natum.

869 2119 934 2164 II.
967 2119 1152 2166 REX.

185 2190 272 2235 VI.
307 2190 341 2235 F
354 2190 444 2236 ER
459 2191 505 2236 G
519 2191 568 2238 U
583 2193 702 2238 510
724 2192 958 2247 defuneto,
976 2193 1070 2239 duo
1089 2192 1192 2247 filii,
1212 2194 1288 2241 sed
1306 2195 1513 2242 nondum
1535 2197 1669 2261 regni
1689 2211 1900 2262 potentes

119 2254 360 2309 restabant,
394 2256 428 2302 F
432 2256 628 2320 erieguS‚
667 2260 715 2306 §c
748 2257 950 2304 Mainus.
1019 2259 1089 2306 Εὸ
1124 2257 1300 2306 Τέὶᾶὶωῃ
1334 2260 1411 2315 est,
1448 2272 1497 2307 ut
1534 2262 1802 2323 Phylarchis
1842 2271 1901 2317 ad

122 2321 141 2380 ζ
149 2320 193 2380 3)
219 2318 510 2380 prodendum
541 2324 721 2384 Regem
742 2322 1032 2377 coeuntibus,
1066 2339 1235 2387 magna
1261 2325 1556 2373 contentione
1590 2344 1660 2374 res
1683 2332 1902 2396 transige-

118 2396 262 2437 retur,
290 2383 388 2431 aliis
421 2384 741 2445 jusjurandum
770 2387 1064 2447 jactantibus,
1089 2405 1183 2451 quo
1216 2389 1366 2436 adusti
1396 2403 1524 2438 erant
1550 2409 1744 2456 regnum
1775 2397 1903 2460 stirpi

119 2448 157 2495 F
160 2448 405 2512 ergufianae
429 2449 470 2494 se
494 2450 832 2497 conservaturos
859 2469 869 2498 :
908 2451 1007 2499 aliis
1029 2464 1203 2514 quanta
1220 2453 1365 2509 domi,
1386 2454 1583 2519 forisque
1604 2459 1735 2523 Rege
1757 2477 1902 2523 puero

57 2508 63 2514 ’
116 2512 332 2563 instarent
354 2513 558 2576 pericula
579 2517 1063 2564 commemorantibus,
1107 2519 1322 2566 Tandem
1345 2522 1442 2583 post
1463 2521 1651 2585 longam
1674 2525 1901 2590 discepta-

117 2575 301 2641 tionem
319 2578 435 2624 ratio
451 2578 566 2626 inita
587 2581 664 2635 est,
690 2597 781 2642 qua
815 2598 900 2628 nec
921 2599 1036 2645 puer
1057 2593 1187 2630 aetate
1212 2585 1419 2631 nondum
1440 2602 1586 2650 regno
1614 2602 1791 2638 matura
1811 2591 1900 2640 im-

116 2654 313 2704 peraret,
338 2658 422 2689 nec
439 2643 728 2707 jurijurando
751 2645 871 2692 fraus
895 2647 1022 2694 fieret
1047 2666 1057 2694 ε
1089 2660 1139 2694 ut
1155 2647 1373 2696 videlicet
1396 2652 1581 2714 Regum
1603 2653 1760 2702 liberis
1783 2674 1900 2706 non-

119 2705 232 2753 dum
255 2706 422 2754 adultis
452 2709 839 2773 propinquorum,
865 2711 947 2774 qui
981 2711 1182 2760 maxime
1204 2713 1437 2762 videretur
1460 2733 1606 2779 regno
1625 2719 1836 2777 idoneuS,
1861 2723 1902 2769 is

115 2788 270 2818 rerum
283 2772 467 2821 summae
488 2773 811 2836 praeficeretur.
854 2777 923 2823 Eo
945 2789 1128 2825 mortuo
1150 2778 1282 2842 regni
1293 2778 1501 2827 successio
1524 2783 1582 2830 ad
1604 2784 1748 2849 Regis
1770 2786 1902 2850 supe.

96 2833 251 2892 ¹rioris
272 2835 440 2884 liberos
467 2838 742 2901 perveniret.
812 2841 931 2888 Haec
953 2843 1108 2906 postea
1137 2855 1362 2906 perpetuo
1389 2846 1465 2892 lex
1487 2848 1633 2895 valuit
1653 2866 1737 2913 per
1757 2868 1901 2900 annos

68 2913 71 2915 ’
118 2899 218 2967 ,fere
248 2918 264 2949 1
287 2918 350 2967 25
366 2919 412 2957 0,
440 2902 578 2966 usque
600 2905 658 2952 ad
676 2906 976 2956 Kennethum
999 2906 1232 2964 Tertium,
1255 2908 1314 2957 de
1335 2926 1431 2974 quo
1452 2910 1531 2960 suo
1552 2913 1657 2961 loco
1675 2915 1902 2969 dicemus.

119 2965 226 3012 Hac
245 2966 347 3029 lege
370 2966 615 3017 Feritharis
643 2971 678 3017 F
681 2970 847 3036 ergufii
870 2971 1009 3020 frater
1029 2989 1225 3037 regnum
1253 2976 1313 3021 est
1335 2976 1528 3040 adeptus
1554 2996 1565 3025 t
1599 2990 1738 3043 atque
1760 2998 1904 3034 annos

118 3028 388 3090 quindecim
411 3049 518 3080 eum
540 3035 765 3082 honorem
787 3036 915 3100 geffit
937 3049 1063 3086 tanta
1086 3038 1303 3102 aequitate
1321 3045 1362 3088 δε
1385 3041 1620 3099 modestia,
1647 3057 1697 3092 ut
1718 3051 1760 3094 &
1782 3047 1906 3095 cives

115 3092 287 3165 just-um
319 3097 516 3160 Regem,
540 3101 590 3149 &
610 3099 782 3164 pupilli
804 3112 1003 3151 tutorem
1025 3103 1255 3167 optimum
1285 3122 1392 3152 eum
1414 3108 1746 3170 experirentur.
1813 3113 1906 3160 His

120 3157 294 3230 artibus
317 3175 423 3207 cum
454 3179 615 3227 pacem
649 3164 778 3222 foris,
803 3167 932 3215 domi
963 3169 1231 3217 charitatem
1255 3169 1430 3218 civium
1459 3176 1775 3238 comparasset,
1796 3193 1905 3240 pro-

115 3237 400 3284 pinquorum
431 3237 584 3276 tamen
619 3230 924 3280 ambitionem
963 3235 1140 3298 placare
1177 3249 1272 3282 non
1299 3234 1470 3299 potuit.
1538 3239 1573 3285 F
1576 3240 1757 3304 erlegus
1779 3242 1907 3289 enim

115 3287 342 3351 regnandi
378 3291 632 3355 cupiditate
654 3295 934 3358 jamdudum
972 3299 1302 3358 inflammatuS,
1338 3303 1681 3352 communicata
1701 3322 1750 3353 re
1778 3305 1906 3371 prius

114 3437 119 3448 ι
135 3458 139 3461 ,
173 3417 234 3467 (ἰ)
265 3420 326 3457 To
343 3395 469 3469 linger
478 3422 548 3461 the
563 3438 651 3464 war.
1048 3444 1090 3470 or
1106 3432 1262 3471 Culton.

171 3471 232 3520 (2)
247 3472 335 3512 The
346 3483 504 3526 country
515 3476 545 3515 is
560 3480 676 3518 called
685 3481 794 3520 Coila
807 3496 849 3522 or
857 3485 973 3533 Kyle,
1102 3483 1169 3536 (3)
1199 3487 1435 3539 Craigfergus
1448 3503 1489 3527 or
1501 3490 1754 3540 KnocferguS,
1771 3503 1791 3528 a
1806 3498 1909 3529 town

112 3522 181 3561 *the
210 3525 313 3575 place
343 3527 387 3566 of
423 3527 489 3566 the
527 3530 624 3580 fight
657 3534 886 3576 Coil‘s-field
932 3551 975 3576 or
1044 3539 1090 3576 os
1108 3540 1234 3577 Ulster
1252 3540 1292 3577 in
1311 3544 1473 3582 Ireland.

114 3574 276 3616 Colfield
296 3581 336 3617 in
355 3581 421 3619 the
435 3583 552 3632 paristx
567 3585 852 3627 ofTarbaulton
869 3605 881 3640 3
902 3590 968 3628 the
1099 3592 1160 3642 (4)
1192 3594 1252 3630 TO
1270 3597 1535 3644 PYOClaim'the
1555 3610 1641 3638 ”ew
1657 3597 1768 3650 king,
1802 3611 1847 3641 ⁰5
1867 3605 1905 3635 to

48 3639 51 3642 ·
113 3629 220 3680 §lace
246 3632 369 3672 where
388 3633 530 3678 cossus
556 3651 632 3679 was
652 3640 794 3691 buried,
814 3644 969 3686 Coilton
1041 3657 1168 3686 crown
1196 3645 1293 3690 him.

1806 3717 1911 3751 cum
