1992 3801
87 164 217 245 558
405 169 767 249 RERUM
857 166 1561 244 Scorrcanuiaer

84 261 124 308 is
143 264 203 310 est
216 266 271 313 ad
289 267 507 317 Cartham
522 270 713 326 flumen,
732 270 824 335 qua
841 271 928 320 iter
944 273 1146 325 hostibus
1161 290 1276 337 erat,
1291 277 1395 325 fitus
1416 276 1463 326 in
1479 277 1709 327 radicibus
1724 279 1863 329 collis

85 328 144 400 acl
155 330 441 380 occidentem
454 334 694 382 hibernum
711 335 1032 398 spectantibus,
1046 340 1102 386 ab
1117 340 1309 397 oriente,
1323 347 1362 388 δι
1381 342 1762 406 septentrionibus
1776 345 1861 392 de·

39 408 44 413 ’
85 392 196 440 clivi
207 396 335 444 aditu
347 399 523 447 caeteris
533 401 735 463 partibus
747 401 906 448 leviter
919 401 967 448 in
983 404 1231 464 planiciem
1245 406 1622 456 decrescentibus·
1646 410 1715 456 Eo
1732 422 1869 456 tanta

82 455 371 528 feliinatione
392 475 685 526 properatum
699 465 776 518 est,
805 478 853 512 ut
875 467 1036 531 Regiae
1050 469 1360 533 copiaeprope
1377 472 1544 519 collem
1557 486 1855 536 occuparent,

79 523 344 593 priusquam
368 528 426 574 ab
447 527 665 582 hostibus,
689 530 772 592 qui
787 531 985 578 eundem
1006 532 1161 580 locum
1183 536 1418 597 petebant,
1438 551 1597 584 eorum
1619 537 1857 585 confilium

79 587 284 660 intelligi
305 593 463 655 posset,
483 609 745 655 quanquam
770 594 978 643 breviore
1001 597 1074 642 via
1095 600 1152 646 eo
1174 611 1487 663 properarent.
1553 601 1641 649 Sed
1663 602 1765 648 duae
1785 619 1858 649 res

83 652 178 699 xlhs
198 656 411 712 adversae,
435 656 595 720 Regiis
617 661 945 720 percommode
968 661 1249 712 acciderunt.
1307 665 1482 720 Altera,
1505 665 1631 730 quod
1654 666 1858 729 Gilespi-

84 731 164 764 cus
188 718 455 769 Cambellus
477 722 760 786 Argatheliae
783 723 972 781 Comes,
1008 743 1146 790 penes
1177 745 1317 792 quem
1341 729 1514 777 summa
1534 729 1719 793 imperii
1741 744 1857 785 erat,

75 784 326 845 repentino
347 788 505 833 dolore
543 800 777 849 correptus
800 790 1081 850 conciderat,
1121 809 1173 839 ac
1212 793 1290 840 suo
1314 794 1415 841 casu
1456 795 1668 842 nonnihil
1690 812 1859 859 agmen

83 860 334 897 remoratus
357 852 434 898 est.
492 851 668 907 Altera,
684 853 814 914 quod
836 870 992 903 eorum
1017 873 1183 920 agmen
1206 856 1253 905 in
1277 857 1481 903 modicas
1504 858 1644 905 valles
1666 859 1859 906 subinde

82 911 320 961 demissum
346 932 582 979 nunquam
606 928 722 963 totas
744 917 915 980 Regias
938 921 1092 982 copias
1117 937 1209 967 uno
1230 921 1410 983 aspectu
1433 920 1658 968 viderant.
1727 924 1856 984 Qa-

82 990 186 1048 rurn
208 979 381 1026 credita
404 980 605 1042 paucitas
631 985 703 1043 (ut
716 982 854 1028 etiam
872 986 990 1044 erat)
1016 984 1141 1038 fecit,
1163 997 1213 1031 ut
1228 985 1359 1046 juxta
1378 1001 1470 1040 eaS,
1488 997 1626 1048 atque
1648 986 1874 1033 locorum»

81 1042 371 1101 iniquitatem
395 1057 758 1093 contemnerent.
828 1048 1041 1097 Tandem
1066 1048 1261 1112 Reginae
1280 1050 1427 1113 copiae
1447 1065 1552 1097 cum
1577 1051 1764 1113 propius
1783 1066 1859 1098 ac-

83 1103 313 1162 ceffiffent,
337 1112 386 1158 ὃς
409 1109 584 1165 locum,
608 1127 748 1173 quem
768 1112 1007 1174 petebant,
1030 1116 1088 1160 ab
1110 1113 1234 1160 hoste
1254 1114 1398 1161 teneri
1419 1114 1646 1170 viderent,
1684 1113 1766 1178 ipsi
1790 1114 1860 1162 al-

82 1178 181 1215 tero
203 1173 321 1220 colle
343 1189 401 1220 ex
433 1173 620 1221 adverso
642 1175 684 1222 se
705 1176 867 1223 levite-r
888 1180 1125 1226 attollente
1147 1188 1392 1241 occupato,
1410 1177 1509 1225 suos
1531 1179 1578 1226 in
1602 1180 1714 1226 duas
1738 1178 1859 1226 acies

81 1233 315 1285 dividunt.
382 1239 436 1286 In
460 1239 608 1301 prima
631 1240 850 1305 quicquid
876 1256 972 1291 erat
1008 1240 1205 1299 roboriS,
1228 1243 1400 1291 locant.
1466 1244 1533 1290 Ea
1555 1244 1586 1290 fi
1622 1243 1860 1291 adversam

81 1299 277 1349 hostium
296 1303 441 1352 aciem
463 1304 762 1368 impuliffent‚
797 1319 985 1356 caeteros
1007 1324 1163 1356 eorum
1188 1308 1298 1371 fuga
1319 1308 1623 1355 consternatos
1647 1308 1737 1359 fine
1761 1323 1859 1354 cer·

83 1366 254 1413 tamine
277 1368 482 1415 abituros
509 1370 748 1432 putabant.
773 1372 912 1435 Regii
935 1389 1121 1437 quoque
1145 1373 1284 1420 duces
1303 1371 1405 1419 suos
1427 1372 1476 1419 in
1500 1372 1610 1420 duas
1641 1372 1762 1434 acies
1783 1373 1858 1419 di·

81 1430 291 1480 viserant.
359 1434 415 1480 In
438 1434 627 1481 dextera
645 1447 773 1483 erant
811 1437 1004 1485 Iacobus
1027 1437 1287 1502 Duglaflius
1311 1435 1595 1492 Mortonius,
1626 1437 1869 1484 Robertus.

83 1497 334 1560 Sempfius,
358 1498 623 1546 Alexander
644 1500 867 1556 Humius,
907 1502 1129 1550 Patricius
1152 1501 1390 1549 Lindefius
1428 1517 1534 1549 cum
1556 1501 1642 1547 suis
1665 1501 1857 1564 quisque

79 1563 361 1611 clientibus:
412 1565 467 1613 In
488 1564 655 1611 finistra
675 1566 870 1614 Ioannes
892 1567 1099 1622 Marriae,
1124 1566 1388 1614 Alexander
1410 1565 1723 1621 Glencarniae,
1753 1566 1860 1612 Gu-

82 1627 266 1674 lielmus
289 1629 499 1676 Taichiae
523 1629 742 1686 Comites·
784 1646 839 1677 ac
876 1631 998 1680 cives
1021 1629 1335 1679 Glascuenses.
1405 1628 1678 1693 Sclopetarii
1698 1631 1856 1677 vicum

83 1693 353 1753 subjectum,
379 1700 418 1741 Sa
442 1693 648 1741 hortulos
666 1695 801 1757 juxta
820 1696 942 1744 viam
966 1697 1199 1760 publicam
1223 1693 1461 1743 tenebant.

151 1759 236 1805 XI.
270 1760 393 1805 Cum
416 1759 631 1821 utrinque
653 1759 770 1807 acies
809 1762 858 1808 in
889 1761 1126 1824 procinctu
1151 1760 1332 1815 starent,
1356 1758 1641 1807 tormentarii
1662 1757 1862 1822 Reginae

85 1839 113 1870 a
134 1823 293 1887 Regiis
315 1824 418 1870 Loco
436 1824 551 1888 pulsi
571 1824 808 1873 cesserunt.
878 1827 1053 1873 Contra
1074 1825 1302 1889 equitatus
1322 1824 1498 1888 Regius
1520 1823 1718 1871 dimidio
1741 1823 1863 1870 infe·

84 1888 180 1935 rior
200 1892 304 1935 loco
329 1888 464 1951 ceflit„
537 1890 607 1949 (ι)
635 1888 710 1935 11Ιὶ
737 1890 814 1937 suo
836 1892 996 1954 praelio
1019 1890 1243 1944 defuncti,
1268 1900 1318 1936 ut
1342 1891 1412 1950 (z)
1439 1888 1650 1951 peditum
1674 1903 1873 1951 quoque

84 1952 270 2000 ordines
294 1954 547 2008 turbarent,
588 1969 694 2001 cum
717 1955 765 2001 in
787 1956 955 2002 collem
978 1954 1123 2003 aciem
1148 1954 1324 2016 erigere
1347 1965 1591 2005 tentarent,
1627 1969 1653 1999 a
1675 1952 1860 2016 sagitta-

83 2017 162 2063 riis
186 2018 366 2082 Regiis,
393 2024 430 2065 δε
456 2030 587 2082 parte
616 2020 843 2082 equitum,
868 2019 951 2082 qui
974 2020 1015 2066 se
1037 2019 1094 2066 ad
1117 2018 1216 2065 suos
1240 2034 1297 2065 ex
1322 2017 1432 2082 fuga
1455 2018 1756 2081 collegerant,
1789 2032 1863 2063 rc-

79 2082 187 2144 jeffi
206 2097 325 2131 retro
336 2084 560 2131 abierunt.
580 2085 757 2131 Interea
770 2084 989 2132 sinistrum
1007 2082 1200 2130 hostium
1216 2098 1358 2129 cornu
1374 2099 1455 2146 per
1468 2081 1588 2128 viam
1602 2078 1862 2143 publicam,

85 2164 180 2209 qua
222 2148 367 2195 clivus
390 2161 503 2203 erat,
539 2148 588 2195 in
629 2150 798 2196 vallem
821 2148 1048 2196 demiffior
1069 2145 1666 2211 progrediens‚quanquam
1708 2150 1748 2191 δι
1785 2144 1873 2206 ip·-

85 2212 119 2258 fi
141 2230 167 2259 a
191 2212 466 2278 sclopetariis
488 2226 777 2269 vexarentur,
815 2227 967 2261 tamen
989 2231 1046 2260 ex
1069 2211 1284 2276 angustiis
1307 2212 1461 2276 egreffi
1483 2211 1630 2257 aciem
1651 2208 1861 2271 explicu-
1898 2236 1900 2238 v

85 2291 238 2326 erunt.
292 2278 379 2325 -Ibi
401 2280 504 2325 duae
527 2278 778 2343 phalanges
800 2277 1045 2326 sariffarum
1068 2277 1206 2324 denso
1225 2276 1440 2338 utrinque
1459 2275 1581 2322 vallo
1599 2291 1691 2337 prae
1715 2273 1757 2320 se'
1775 2273 1862 2320 ob-

79 2342 223 2404 jecto,
263 2344 322 2390 ad
345 2344 471 2390 horae
494 2343 628 2390 instar
649 2343 857 2391 dimidia:
879 2343 1073 2407 spatium
1100 2352 1261 2389 neutra
1282 2340 1531 2388 inclinante
1554 2337 1734 2385 obnixae
1759 2349 1859 2410 taq-

86 2421 135 2454 ta
155 2407 406 2470 pertinacia
426 2408 679 2464 certabant,
705 2420 755 2455 ut
774 2408 944 2471 quibus
966 2408 1099 2454 hastae
1117 2406 1367 2470 praelongae
1380 2405 1532 2452 frattae
1555 2414 1698 2456 erant,
1723 2418 1864 2464 pug1-

88 2475 300 2528 unculos,
325 2473 519 2536 lapides,
538 2474 799 2519 lancearum
818 2472 1093 2537 fragmenta,
1113 2469 1313 2534 denique
1328 2467 1550 2540 quicquid
1568 2479 1664 2514 erat
1685 2467 1743 2511 ad
1765 2482 1864 2538 ma-

87 2553 219 2593 num,
243 2538 290 2583 in
313 2554 393 2584 ora
413 2538 608 2584 hostium
632 2538 814 2584 adversa
829 2538 1049 2600 jacerent.
1075 2535 1165 2583 Sed
1185 2551 1290 2582 cum
1313 2551 1370 2581 ex
1391 2531 1628 2580 ordinibus
1647 2540 1870 2600 extremis¹

85 2602 343 2666 Regiarum
367 2602 563 2666 partium
588 2602 795 2665 quidam,
818 2601 1044 2649 incertum
1068 2612 1214 2656 metu,
1252 2616 1308 2646 an
1331 2613 1492 2662 parum
1516 2595 1608 2643 fido
1628 2610 1737 2666 erga
1760 2598 1868 2666 111qu

86 2667 243 2713 animo
266 2668 497 2732 fugerent,
521 2683 679 2715 eorum
703 2666 814 2731 fuga
834 2666 993 2730 procul
1016 2665 1161 2712 dubio
1182 2674 1441 2730 pugnantes
1461 2658 1864 2723 perturbafletmi-

86 2731 119 2778 fi
141 2732 334 2780 denfitas
373 2732 589 2780 ordinum
612 2731 785 2779 iensum
808 2748 986 2786 eorum,
1025 2746 1131 2792 quae
1153 2730 1278 2792 apud
1311 2727 1558 2791 postremos
1586 2723 1875 2795 gerebantur,

87 2797 147 2843 ad
169 2797 342 2860 primos
365 2797 604 2861 pervenire
625 2813 718 2844 non
735 2796 1024 2860 permitteret
1046 2811 1058 2841 t
1097 2799 1136 2841 &
1158 2792 1242 2856 qui
1262 2791 1310 2838 in
1333 2790 1529 2838 secunda
1549 2801 1678 2835 erant
1695 2803 1791 2860 ac1e
1813 2802 1865 2833 a·

86 2860 373 2910 nimadverso
399 2862 606 2924 periculo
626 2875 731 2908 cum
757 2861 991 2909 neminem
1013 2870 1174 2907 contra
1194 2857 1236 2904 se
1255 2855 1410 2903 venire
1433 2854 1669 2908 viderent,
1684 2853 1864 2914 aliquot

86 2925 300 2974 cohortes
321 2927 514 2993 integris
538 2925 777 2974 ordinibus
799 2926 1023 2989 paulatim
1045 2923 1093 2970 in
1114 2922 1329 2970 dextrum
1367 2919 1659 2966 deflectentes
1689 2916 1731 2964 se
1755 2930 1862 2963 cum

85 2990 238 3052 prima
259 2993 613 3054 conjunxerunt.
680 2992 854 3038 Eorum
896 2991 1124 3054 impetum
1166 2985 1247 3050 qui
1288 3001 1345 3032 ex
1379 2983 1564 3031 adverso
1586 2994 1732 3036 era-nt,
1756 2995 1863 3027 cum

88 3070 182 3101 non
206 3056 394 3111 ferrent,
418 3069 540 3104 retro
561 3057 689 3104 velut
710 3055 842 3102 ruina
861 3053 1042 3118 impulsi
1065 3051 1223 3115 fugam
1248 3049 1533 3113 capeffivere.
1619 3046 1723 3119 Nec
1746 3043 1869 3091 mul·

86 3130 239 3166 torum
264 3122 428 3168 animis
450 3123 534 3175 ira,
575 3126 616 3168 &
656 3118 766 3167 odio
805 3118 1018 3182 privatim
1055 3114 1259 3164 incitatis
1297 3113 1521 3187 victi-fine
1541 3110 1709 3175 infigm
1731 3107 1863 3181 clade

85 3182 384 3239 disceffifient‚
428 3186 476 3233 ni
500 3187 669 3234 Prorex
692 3184 826 3231 missis
848 3185 897 3231 in
930 3197 1090 3229 omnes
1110 3191 1260 3242 partes
1282 3178 1517 3242 equitibus
1540 3176 1716 3246 caedere
1739 3172 1866 3236 fugi·

85 3262 214 3297 entes
237 3249 463 3298 vetuisset.
533 3250 745 3296 Secunda
780 3248 1035 3311 Regiorum
1059 3244 1176 3292 acies
1199 3246 1305 3292 cum
1327 3243 1381 3289 εὸ
1400 3240 1539 3303 usque
1558 3239 1753 3292 stetisset,
1777 3238 1864 3283 do-

85 3308 171 3361 nec
194 3315 339 3361 hostes
362 3313 630 3379 profligatos
652 3312 808 3376 paflim
834 3315 924 3359 fine
945 3308 1107 3358 ordine
1138 3308 1299 3374 fugere
1319 3305 1527 3378 videret,
1555 3316 1652 3350 tum
1676 3302 1865 3349 demum

86 3383 127 3424 ἃ
151 3378 249 3440 ipsa
269 3379 324 3426 ad
349 3376 711 3442 persequendum
738 3376 957 3423 abeuntes
979 3373 1191 3421 conversa
1213 3371 1401 3420 ordines
1420 3370 1568 3417 solvit.
1790 3434 1797 3439 X

149 3444 264 3491 XII.
299 3443 498 3509 Regina,
521 3457 628 3506 quae
651 3440 712 3488 ad
733 3440 861 3489 mille
880 3438 1023 3487 ferme
1043 3439 1186 3502 paffus
1210 3433 1452 3501 spectatrix
1472 3448 1640 3509 pugnae
1660 3429 1732 3492 (3)
1757 3440 1865 3473 cum

163 3570 197 3617 ι)
227 3572 254 3609 i.
283 3570 702 3625 e.fiEquitat11sreginae.
1063 3567 1130 3620 (3)
1160 3563 1400 3615 Subintellig.
1427 3542 1632 3603 substiterat
1650 3553 1839 3609 0r1fuerat.

160 3628 203 3675 2)
233 3625 546 3679 Scil.2regi0rum.

72 3593 75 3597 ·
135 3573 151 3620 (

139 3630 154 3676 l

1732 3658 1838 3725 equi
1847 3687 1864 3701 .
