1992 3801
191 161 321 246 488
497 163 854 233 RERUM
946 159 1703 235 So'oTICARUM'

188 258 296 306 dine
317 259 573 309 resumeret.
642 263 743 309 Nec
763 262 936 316 desunt,
962 262 1039 326 qui
1071 262 1278 309 omnium
1301 282 1404 326 quae
1432 283 1580 319 avare,
1605 275 1684 312 aut
1703 266 1946 319 crudeliter

188 322 305 370 facta
327 324 449 392 sunt,
466 344 570 389 qua:
585 326 758 380 fraude,
784 339 861 373 aut
883 327 1110 374 calumnia
1128 340 1346 376 attentata
1365 330 1482 386 sunt,
1505 331 1686 392 culpam
1712 331 1756 376 in
1782 349 1858 379 eos
1877 351 1946 381 re·

186 387 349 450 ferant,
373 407 567 453 quorum
586 390 772 436 consilio
809 389 856 437 in
878 392 1012 437 rebus
1056 392 1266 454 gerendis
1292 394 1515 441 utebatur.
1587 396 1723 440 Erant
1744 396 1864 442 euim
1890 398 1946 444 ab

183 450 335 510 initio,
351 471 453 502 cum
478 472 599 506 eum,
623 471 758 517 quem
785 468 990 502 tenuerat
1027 454 1335 519 magistratum
1362 457 1577 521 suscaepit,
1618 459 1745 505 Galli
1770 461 1951 507 consul-'
1975 483 1977 490 ¹

182 528 302 564 tores
321 518 521 577 adjuncti
541 519 725 581 :,Regis
750 519 995 567 Gallorum
1018 522 1195 584 legatus
1220 520 1416 567 Ofellius
1439 522 1579 568 homo
1600 523 1776 576 celeris,
1809 530 1845 570 ἃ
1870 543 1949 572 ve-

179 581 407 630 hementis
426 583 521 638 irae,
543 596 703 629 caetera
723 583 794 628 vir
813 585 974 639 bonus,
994 588 1039 632 ὃς
1066 582 1206 645 pacis,
1232 584 1434 648 bellique
1454 587 1626 632 artibus
1643 588 1776 647 juxta
1798 589 1950 635 erudi-

179 657 253 693 tus
275 667 285 693 :
311 647 482 709 quique
497 646 674 707 adjuris
694 647 954 710 &equitatem
975 648 1277 711 potiusquam
1298 651 1354 697 ad
1380 650 1686 697 Gufianorum
1707 652 1947 700 libidinem

178 710 255 757 sua
276 711 716 775 confiliariirigeret.
785 713 984 759 Additus
1019 712 1061 759 ei
1103 713 1250 760 fuerat
1288 714 1464 760 Rubius
1487 717 1674 778 quidam
1698 719 1949 763 caui'idicus
1978 736 1979 739 ¹

178 775 429 823 Parifienfis
452 775 634 837 adjutis
651 778 991 833 controversias,
1017 777 1158 824 sicubi
1196 793 1310 839 opus
1345 780 1465 832 esset,
1505 779 1833 840 disceptandas.
1902 783 1946 827 Is

168 854 281 885 'cum
307 839 352 886 in
377 840 763 887 administratione
795 842 996 902 publica,
1022 842 1178 888 omnia
1212 843 1269 887 ad
1296 858 1458 895 moreS,
1483 846 1532 891 ὃς
1576 845 1971 904 legesGallicaQ'

174 915 391 968 tanquam
413 921 466 950 ea
493 905 679 951 demum
698 908 818 951 recta
837 907 941 952 effet
964 906 1225 968 reipublicae
1247 907 1460 968 regendae
1482 906 1614 960 ratio,
1638 923 1775 968 qnam
1813 922 1942 969 pote·

177 982 247 1015 rat
268 970 494 1030 proxime,
519 969 806 1016 conformare
829 971 983 1023 vellet,
1009 970 1298 1031 suspitionem
1319 987 1471 1020 rerum
1507 972 1816 1018 novandarum
1833 973 1945 1020 inse

177 1034 402 1080 transtulit
426 1051 437 1081 :
471 1039 511 1080 δι
535 1035 792 1080 communis
812 1035 986 1081 fortaffe
1006 1051 1109 1081 cum
1125 1034 1224 1080 aliis
1249 1034 1450 1080 criminis
1473 1033 1646 1080 invidia
1664 1051 1808 1099 prope
1831 1038 1946 1084 solus
1963 1030 1971 1084 J

175 1097 414 1161 flagrabat.
483 1101 638 1161 Atque
659 1098 707 1144 hi
731 1099 847 1145 nihil
869 1098 1210 1147 immedicabile
1234 1100 1499 1160 peccabant.

241 1163 420 1209 LXIII.
452 1163 547 1209 Sub
571 1164 706 1209 finem
729 1163 837 1210 belli
860 1176 947 1210 tres
967 1163 1161 1209 distincti
1180 1162 1265 1209 suis
1285 1163 1508 1223 limitibus
1532 1163 1668 1209 duces
1702 1163 1944 1214 militarem
1978 1184 1982 1195 ·

173 1243 270 1273 rem
293 1227 546 1274 tractabant
571 1245 581 1274 :
615 1244 639 1273 e
661 1230 732 1289 (ι)
758 1228 932 1276 familia
969 1227 1336 1290 Lucemburgica
1358 1229 1526 1275 Comes
1564 1228 1827 1290 Martigius,
1863 1227 1952 1292 qui¹

174 1297 217 1338 δε
235 1292 345 1338 Dux
367 1293 518 1354 postea
539 1294 824 1355 Stamparum
846 1292 933 1338 suit
958 1310 968 1339 :
1005 1298 1045 1339 δι
1090 1291 1344 1338 Labrossius
1369 1292 1561 1353 equestri
1585 1294 1686 1338 loco
1706 1306 1854 1348 natus,
1870 1295 1945 1342 sed

172 1356 255 1418 qui
277 1373 495 1419 magnum
511 1357 557 1403 in
580 1374 627 1403 re
649 1356 836 1403 militari
858 1357 984 1403 usum
1005 1356 1219 1403 habebat.
1239 1358 1426 1403 Tereus
1440 1356 1494 1402 iis
1512 1356 1694 1403 additus
1714 1371 1807 1405 erat
1830 1358 1946 1405 Am-

175 1420 396 1468 bianenfis
432 1422 684 1484 Episcopus
724 1422 900 1485 aliquot
938 1420 1202 1468 Sorbonicis
1244 1421 1508 1467 doctoribus
1532 1421 1792 1476 comitatus,
1818 1423 1955 1483 quast*

172 1484 343 1540 verbis,
386 1503 477 1532 non
515 1486 651 1533 armis
674 1487 740 1532 de⁴
770 1485 1085 1533 dominatione
1107 1486 1385 1532 cernendum
1409 1486 1530 1532 effet.
1598 1487 1777 1532 Horum
1806 1487 1944 1534 trium

172 1550 330 1597 omnia
347 1550 532 1597 consilia
555 1552 612 1597 ad
635 1564 837 1614 apertam
863 1551 1149 1613 tyrannidem
1173 1549 1449 1612 spectabant³
1517 1551 1765 1613 Martigius
1787 1553 1943 1598 auEtor

171 1628 287 1669 erat,
313 1627 362 1662 ut
382 1614 430 1661 in
453 1614 608 1662 omnia
629 1615 732 1662 loca
755 1615 914 1668 Lethae
939 1614 1089 1662 vicina
1112 1614 1247 1668 ferm,
1273 1619 1313 1661 Sc
1341 1613 1452 1677 igne
1476 1613 1707 1660 saevitetur
1740 1634 1751 1661 ;
1788 1627 1837 1660 ut
1859 1615 1941 1664 soli

171 1679 368 1734 vastitas,
393 1685 434 1727 δι
456 1697 606 1737 rerum
631 1679 970 1727 necessariarum
994 1678 1375 1741 poenuriaScotos
1398 1679 1456 1725 ab
1475 1678 1706 1725 obfidione
1726 1680 1948 1741 prohibe.

172 1757 256 1790 ret.
324 1744 413 1791 Sed
434 1761 490 1791 ex
511 1761 566 1792 eo
587 1744 774 1791 confilio
799 1743 965 1807 pacatis
987 1741 1272 1798 hominibus,
1297 1747 1344 1791 ὃς
1370 1743 1544 1804 alioqui
1572 1743 1862 1804 pauperibus,
1890 1750 1932 1793 δε

170 1807 342 1868 majore
363 1825 420 1855 ex
444 1823 571 1871 parte
593 1809 787 1871 Papanis
807 1808 999 1854 exitium
1020 1808 1263 1872 parabatur
1291 1824 1302 1853 z
1328 1813 1367 1854 ἃς
1389 1808 1565 1853 nullum
1585 1809 1643 1853 ad
1664 1808 1850 1854 obsefl'o:
1871 1825 1942 1856 re·-

170 1873 407 1920 dundabat
427 1874 806 1920 emolumentum.
892 1873 1190 1919 commeatus
1212 1871 1347 1917 'enim
1371 1884 1526 1934 aperto
1550 1871 1661 1917 mari
1682 1872 1863 1918 abunde
1885 1888 1943 1918 ex

167 1937 384 1984 omnibus
404 1938 606 2001 Angliae‚
631 1937 1013 2000 Scotiaequelocis
1036 1935 1273 1983 maritimis
1292 1935 1337 1982 in
1353 1938 1490 1981 castra
1507 1936 1814 1982 obsi-dentium
1833 1935 1937 1982 sub—

168 2002 276 2049 vehi
297 2015 523 2065 poterant.
613 2003 780 2050 Clades
819 2014 972 2049 autem
995 2017 1051 2047 ex
1075 1999 1319 2046 vastatione
1349 2016 1565 2064 agrorum
1591 2016 1680 2052 non
1704 2017 1853 2046 miuus
1878 2000 1938 2048 ad
1955 2033 1977 2060 ,·

168 2067 395 2129 Papan03‚
431 2083 570 2130 quam
593 2067 651 2114 ad
687 2065 921 2129 religionis
960 2082 1077 2112 verae
1115 2065 1312 2112 cultores
1346 2064 1620 2125 pertinebat.
1688 2062 1941 2112 Labroffius

165 2131 378 2187 censebat
399 2148 586 2179 omnem
608 2132 698 2179 fine
711 2129 970 2179 discrimine
989 2132 1229 2177 Scotorum
1253 2128 1542 2175 nobilitatem
1562 2129 1645 2175 effe
1664 2130 1937 2191 extinguen-

163 2197 291 2242 dam.
363 2198 415 2243 In
437 2212 595 2244 eorum
635 2208 788 2244 autem
824 2193 1011 2258 praediis
1043 2193 1170 2241 mille
1196 2193 1526 2254 Cataphrac'tos
1557 2192 1733 2256 equites
1773 2193 1938 2241 Gallos

160 2261 383 2308 collocari
424 2263 579 2323 poffe:
610 2255 850 2324 reliquam'
873 2258 1213 2306 multitudinem
1253 2257 1480 2305 servorum
1515 2257 1618 2304 loco
1648 2257 1925 2304 habendam.
1981 2291 1983 2293 -

166 2325 223 2372 Id
246 2325 485 2372 consilium
528 2326 672 2373 literis
694 2326 790 2387 ejus
812 2324 871 2372 ad
894 2324 1085 2370 Gallum
1123 2322 1408 2384 interceptiS,
1448 2320 1736 2385 divulgatum
1774 2322 1940 2370 mirum
1971 2336 1973 2338 ·

163 2406 387 2453 quantum
413 2391 657 2438 Gallorum
680 2390 836 2437 odium
855 2390 952 2451 jam
974 2387 1074 2435 aliis
1113 2387 1171 2435 de
1192 2387 1330 2434 causis
1354 2399 1510 2433 natum
1534 2387 1678 2433 auxit.
1743 2386 1937 2433 Ambia-
1962 2390 1983 2446 Ἃ,

167 2471 252 2501 nus
275 2469 426 2502 autem
449 2456 697 2518 Episcopus
733 2471 825 2502 non
850 2453 988 2500 modo
1025 2454 1248 2500 Romanas
1266 2451 1405 2505 causae
1429 2451 1577 2497 minus
1593 2467 1773 2514 aequm,
1800 2451 1871 2497 sed
1890 2467 1942 2497 e·

161 2518 276 2567 tiam
301 2520 546 2566 Gallorum
567 2520 770 2583 partibus
793 2519 944 2566 minus
961 2534 1099 2581 quam
1132 2516 1226 2580 ipse
1263 2515 1472 2563 censebat
1509 2532 1691 2578 aequum
1730 2515 1936 2563 addictos
1973 2523 1989 2560 13.

118 2634 125 2640 ,
166 2583 344 2631 indicta
363 2584 492 2632 causa
510 2601 665 2648 agere,
678 2601 854 2647 rapere,
874 2583 1099 2629 trucidare
1118 2580 1346 2644 jubebat-z
1373 2579 1624 2643 Ganotque
1645 2578 1813 2626 milites
1835 2596 1939 2643 gra·
1984 2618 1987 2625 .

164 2648 284 2696 viter
320 2648 604 2710 increpabat,
628 2649 770 2712 quod¹
788 2648 853 2695 sui
874 2646 1018 2712 Regis
1040 2645 1252 2693 inimicos
1275 2644 1428 2707 palam
1450 2644 1656 2690 omnium
1681 2644 1825 2689 oculis
1851 2644 1946 2707 im<
1983 2686 1989 2693 ,

163 2729 290 2774 pune
324 2713 365 2760 se
403 2715 622 2761 ostentare
657 2724 934 2775 paterentur.
1001 2712 1165 2760 Unum
1198 2707 1338 2756 etiam
1373 2708 1647 2755 nominatim
1677 2708 1992 2773 designabat

163 2777 455 2825 Gulielmum
480 2778 799 2825 Maetellanum
827 2777 1044 2837 juvenem
1069 2773 1291 2828 nobilem,
1317 2778 1358 2819 85
1379 2773 1630 2826 eruditum,
1667 2789 1805 2835 quem
1828 2771 1936 2833 quia
1987 2794 1989 2798 ¹

162 2842 408 2890 Sorbonici
441 2842 694 2890 rationibus
732 2842 939 2888 refellere
962 2857 1054 2887 non
1077 2851 1304 2903 poterant,
1340 2835 1461 2884 ferro
1499 2837 1751 2900 Episcopus
1777 2837 1992 2899 tollere„

159 2905 417 2961 destinabat
450 2926 462 2954 ε
514 2907 700 2970 ejusque
724 2905 877 2954 Gallis
915 2904 1142 2953 militibus
1164 2903 1303 2951 vitam
1327 2900 1651 2964 exprobrabat,
1678 2907 1717 2954 δι
1744 2908 1934 2948 mortem
1979 2913 1987 2926 ⁴·

156 2971 530 3019 commendabat.
590 2973 646 3019 Id
668 2970 748 3019 ille
764 2984 868 3018 curn
891 2969 1099 3027 resciffet,
1125 2979 1309 3033 captato
1322 2977 1533 3031 >tempore
1551 2965 1593 3013 se
1614 2983 1641 3014 a
1662 2964 1814 3014 Gallis
1835 2962 1936 3012 sub·
1984 3022 1985 3025 Ἴ

154 3031 313 3090 duxit,
337 3041 378 3083 δε
400 3035 450 3084 in
473 3038 713 3084 Scotorum
735 3037 874 3082 castra
893 3034 1036 3083 venit.

162 3197 167 3206 ,.
216 3159 279 3214 (1)
296 3163 384 3219 Tlie
402 3164 503 3205 duke
522 3165 566 3205 of
574 3163 872 3216 Luxemburgh's
885 3163 1012 3205 house·

1507 3453 1864 3516 RERUM
