2045 3857
495 206 824 271 LIBER
913 204 1421 270 OCTAVUS.
1720 223 1844 294 197

44 346 49 349 ⁴
76 316 124 365 in
174 310 240 360 ari
259 304 614 373 propinquitatis
637 304 784 369 gradu
802 319 946 351 mares
969 301 1174 350 foeminis
1196 302 1511 364 praeferantur.
1580 305 1744 369 Itaque
1763 322 1850 352 ne=

79 395 138 446 ga
171 392 215 424 at
237 388 422 436 aequum
441 371 544 425 effe,
569 382 621 417 ut
640 369 749 416 vivo
771 379 938 432 nepote
957 366 1106 431 neptis
1123 367 1173 413 in
1191 367 1313 414 avita
1329 366 1452 413 bona
1469 366 1742 418 succederet.
1766 372 1849 423 >Et

38 457 45 461 ·
77 455 337 509 quanquam
360 437 408 483 in
425 433 709 499 privatorum
727 432 1023 497 popularium
1045 431 1389 491 haereditatdbus
1407 432 1645 478 cernendis
1664 434 1849 483 interim

78 508 206 556 aliter
224 504 318 557 fiat,
343 501 392 548 in
412 499 475 548 eis
495 512 650 547 tamen
672 499 804 546 bonis
827 514 931 560 quae
953 496 1079 544 feodi
1103 501 1175 559 (ut
1195 497 1381 555 vocant)
1407 496 1594 542 nomine
1617 508 1848 555 tenentur,

27 599 35 609 =
77 583 396 633 acregnorum
417 562 764 613 succeffionibus
795 562 1074 609 contrarium
1092 562 1166 622 jus
1199 561 1301 608 effe.
1367 560 1633 623 Jae'tabatur
1660 578 1848 626 exemp-

63 635 172 685 -lum
192 648 349 680 recens
370 631 419 677 in
437 628 742 677 controversia
762 627 820 674 de
842 626 1027 673 Ducatu
1045 624 1327 689 Burgundiae
1352 640 1538 687 :tquem
1560 625 1644 687 qui
1664 629 1851 689 petebat

43 682 246 751 icomes
269 694 584 750 Nivernenfis,
607 692 718 740 licet
739 690 928 738 haberet
949 706 1138 737 uxorem
1161 688 1308 736 Ducis
1326 690 1527 752 proximi
1548 706 1606 737 ex
1627 691 1724 738 filio
1742 705 1851 741 natu

32 788 37 797 ι
75 763 277 814 maximo
292 772 497 824 neptem,
517 770 672 805 tamen
694 756 790 804 filio
810 755 957 802 Ducis
976 753 1144 802 minori
1162 753 1311 801 fratris
1327 753 1585 814 adjudicata
1602 753 1692 802 fuit
1708 756 1854 804 haere-

75 828 210 878 ditas.
243 826 474 874 Robertus
495 823 642 888 igitur
662 821 973 869 contendebat
991 819 1036 866 se
1061 818 1224 866 Ioanni
1246 818 1442 866 Balliolo
1464 820 1610 883 gradu
1632 819 1852 883 priorem,

74 909 243 956 nempe
265 903 482 955 nopotem
502 899 757 952 pronepote
777 905 790 935 ι
823 884 1112 948 Dornagillae
1133 895 1305 939 autem,
1329 899 1435 930 cum
1456 899 1550 946 qua
1570 884 1619 930 in
1637 886 1785 950 gradu
1805 903 1855 934 e-

73 970 145 1006 rat
162 956 332 1020 aequali
353 954 713 1018 praeferendum,
730 950 907 1016 quippe
924 965 1099 997 marem
1117 948 1340 996 foeminae.

107 1042 110 1046 ·
141 1023 227 1069 IX.
260 1022 398 1068 Hanc
431 1018 782 1066 controversiam
804 1031 1016 1080 proceres
1049 1015 1295 1061 dominon
1329 1025 1541 1076 poterant
1561 1014 1852 1077 dijudicare:

76 1086 206 1152 quod
227 1084 289 1132 ob
318 1083 519 1148 partium
540 1082 797 1146 potentiam
819 1092 967 1129 totum
989 1095 1183 1144 regnum
1204 1079 1254 1125 in
1276 1080 1387 1126 duas
1411 1079 1629 1127 saniones
1654 1081 1856 1129 disceffe-

78 1163 163 1199 rat.
231 1149 451 1197 Balliolus
486 1148 611 1195 enim
631 1163 715 1209 per
749 1158 942 1193 matrem
973 1156 1117 1192 totam
1140 1143 1457 1190 Gallovidiam
1481 1145 1720 1210 regionem
1758 1163 1855 1194 am·

76 1214 317 1279 pliffimam
340 1212 539 1260 tenebat.
608 1210 877 1258 Cuminiam
909 1208 1131 1256 familiam
1160 1207 1408 1255 secundum
1430 1210 1582 1272 Reges
1605 1211 1857 1273 potentiffi·

58 1286 202 1328 ‘mam
224 1277 441 1325 affinitate
460 1275 542 1324 fibi
553 1275 762 1338 juhetam
781 1274 997 1329 habebat,
1017 1289 1099 1336 per
1116 1273 1338 1319 Ioannem
1354 1273 1646 1330 Cuminium,
1662 1275 1738 1323 cui
1749 1275 1858 1324 Ma-

79 1344 148 1392 ria
164 1342 452 1407 Dornagillae
473 1340 596 1389 soror
613 1338 836 1404 nupserat.
907 1339 1156 1392 RobertuS,
1188 1337 1270 1401 qui
1290 1337 1340 1384 in
1363 1339 1536 1403 Anglia
1560 1341 1857 1389 Clevelandi-

0 1432 7 1435 ’
79 1425 173 1464 arn,
190 1408 239 1455 in
262 1407 416 1454 Scotia
427 1405 740 1467 Annandiam,
763 1402 1198 1465 &Gariocham,(1)
1216 1407 1256 1449 δε
1273 1408 1356 1464 per
1377 1403 1523 1450 filium
1541 1404 1736 1453 Caristae
1760 1408 1858 1454 Co·
1894 1421 1899 1433 ³

79 1473 262 1529 mitem,
285 1471 367 1535 qui
387 1472 485 1536 post
506 1469 735 1534 regnavit,
760 1467 917 1516 multis
943 1468 1077 1515 claris
1112 1466 1300 1518 familiis
1321 1467 1538 1515 subnixus
1563 1483 1660 1518 erat
1680 1472 1857 1535 populo

78 1537 281 1585 maxime
303 1536 381 1583 suo
403 1536 630 1583 utebatur.
696 1533 846 1599 Igitur
869 1549 974 1580 cum
1003 1533 1065 1579 ob
1087 1532 1168 1580 has
1202 1531 1403 1580 maxime
1424 1533 1575 1581 causas
1593 1550 1859 1583 controver-

79 1602 142 1652 fia
161 1600 290 1649 dorni
317 1600 438 1648 finiri
459 1616 551 1648 non
569 1600 730 1663 poss‘et,
756 1615 842 1646 nec
864 1598 896 1644 fi
919 1597 1120 1646 maxime
1141 1613 1198 1644 ex
1221 1614 1353 1661 aequo
1375 1603 1416 1645 &
1435 1599 1559 1645 bono
1581 1602 1858 1661 pronuncia-

26 1672 27 1675 ’
80 1679 216 1714 retur.
246 1665 341 1712 ulla
362 1677 487 1713 tanta
505 1665 555 1712 in
574 1664 728 1712 Scotia
748 1663 854 1711 effet
887 1663 1113 1727 potentia,
1149 1678 1255 1725 quae
1275 1675 1423 1724 partes
1442 1678 1608 1727 cogere
1627 1666 1784 1727 poffet,
1810 1677 1859 1713 ut

75 1730 286 1793 judicato
314 1730 493 1784 starent,
515 1746 661 1793 prope
683 1728 892 1776 omnium
914 1729 1151 1776 voluntate
1171 1728 1433 1775 consensum
1457 1731 1534 1783 est,
1571 1739 1620 1776 ut
1642 1729 1860 1778 Eduardo

72 1793 236 1857 :pudice
255 1812 326 1842 res
347 1794 651 1842 decideretur.
714 1794 887 1857 Neque
903 1793 1143 1856 quisquam
1178 1793 1235 1839 de
1258 1792 1346 1840 fide
1370 1793 1466 1854 ejus
1489 1791 1731 1842 dubitabat
1761 1815 1775 1851 ;
1809 1808 1860 1842 ut

84 1861 167 1924 qui
184 1876 241 1908 ex
262 1876 318 1907 eo
341 1873 471 1923 patre
494 1871 625 1907 natus
644 1860 766 1914 effet,
782 1873 921 1922 quem
936 1857 1138 1921 superior
1159 1859 1401 1906 Scotorum
1411 1860 1512 1905 Rex
1530 1858 1680 1906 fuiffet
1696 1876 1861 1924 exper-

80 1935 155 1972 tus
177 1929 228 1975 δε
248 1925 452 1972 socerum
477 1923 844 1979 amantiffimum‚
869 1928 910 1970 δε
928 1934 1127 1971 tutorem
1151 1922 1468 1986 aequissimum.
1539 1924 1717 1972 Contra
1752 1942 1861 1973 vero

83 1989 266 2053 Anglus
289 1989 623 2037 benevolentiae
643 1991 884 2037 Scotorum
905 2004 1015 2053 erga
1037 1987 1078 2034 se
1099 2004 1273 2042 recens,
1300 1994 1339 2034 &
1357 1988 1527 2034 illustre
1547 1988 1860 2038 testimonium

15 2079 17 2082 ·
80 2048 281 2100 habebat
299 2073 313 2110 ;
346 2069 452 2100 cum
469 2053 513 2101 ei
532 2067 625 2101 tam
643 2053 781 2102 facile
802 2053 860 2100 de
884 2052 1179 2101 matrimonio
1197 2051 1391 2116 Reginae
1414 2052 1500 2100 suae
1520 2054 1859 2104 consenserunt.

148 2118 209 2165 X.
244 2117 395 2181 Igitur
413 2119 655 2166 Eduardus
676 2117 1007 2181 cumprimum
1032 2119 1274 2165 Bervicum
1297 2119 1425 2165 venit
1447 2121 1503 2166 eo
1526 2122 1721 2167 restores
1745 2122 1858 2168 Sco-

84 2179 178 2237 tiae‚
204 2186 245 2229 &
267 2182 481 2229 ordinum
504 2183 678 2247 legatos
701 2200 784 2247 per
802 2183 955 2230 literas
977 2194 1156 2238 evocat,
1179 2184 1446 2246 protestatus
1470 2182 1512 2230 se
1534 2199 1610 2230 eos
1643 2201 1735 2231 non
1759 2199 1860 2233 tan-

82 2261 220 2308 quam
257 2245 460 2294 subditos
490 2248 549 2294 ad
569 2247 827 2303 dominum,
852 2258 930 2294 aut
952 2246 1266 2311 magistratum
1285 2247 1567 2312 legitimum,
1592 2248 1667 2295 sed
1689 2249 1862 2297 amicos

87 2310 146 2356 ad
166 2308 386 2358 arbitrum
404 2312 462 2358 ab
480 2310 585 2375 ipsis
608 2312 804 2360 eleftum
820 2313 1060 2359 accersisse.
1095 2312 1301 2359 Primum
1315 2313 1522 2359 omnium
1538 2311 1863 2375 jusjurandum

11 2429 14 2431 Α
82 2373 112 2420 ὲ
144 2375 521 2438 competitoribus
560 2376 733 2442 exegit,
773 2377 816 2424 se
849 2378 1035 2424 decreto
1068 2378 1273 2424 staturos.
1340 2377 1525 2425 Deinde
1562 2377 1621 2424 ab
1643 2379 1863 2428 ordinum

20 2440 24 2446 ’
84 2439 389 2502 principibus,
416 2446 457 2487 Sc
480 2440 644 2505 legatis
675 2442 716 2489 se
737 2441 799 2496 ei,
838 2459 978 2505 quem
1001 2441 1095 2506 ipse
1109 2443 1289 2505 juratus
1312 2443 1492 2506 Regem
1514 2443 1661 2498 daret,
1685 2444 1862 2507 paritu-

81 2519 156 2550 ros
181 2523 191 2552 :
229 2519 280 2552 ac
303 2505 435 2568 super
451 2522 505 2552 ea
526 2522 573 2552 re
596 2505 837 2569 publicum
863 2507 1073 2554 omnium
1093 2506 1309 2554 ordinum
1330 2506 1542 2569 diploma
1576 2507 1862 2571 singulorum

84 2566 242 2632 figillis
260 2570 466 2632 appensis
485 2570 572 2617 ‘libi
591 2571 689 2618 dari
709 2570 933 2634 poposcit.
968 2571 1154 2619 Deinde
1173 2573 1198 2618 ἐ
1214 2572 1496 2635 singulorum
1518 2572 1734 2620 ordinum
1751 2591 1864 2636 pru-

85 2632 369 2681 dentioribus
391 2634 549 2698 selegit
571 2634 819 2683 duodecim
838 2638 1015 2693 Scotos,
1039 2653 1091 2684 ac
1110 2636 1305 2684 totidem
1329 2636 1509 2700 Anglos
1533 2636 1596 2683 eis
1615 2638 1824 2699 adjunxit
1844 2655 1859 2686 ε

85 2695 113 2742 ὲ
134 2697 300 2759 quibus
325 2699 462 2747 etiam
479 2699 804 2762 jusjurandum
835 2700 1008 2767 exegit,
1046 2702 1104 2750 de
1125 2717 1198 2757 eo,
1235 2702 1364 2766 quod
1385 2719 1588 2765 aequum,
1613 2717 1667 2749 ac
1699 2719 1863 2751 verum

88 2825 220 2874 Bruce,
237 2829 324 2868 who
339 2843 415 2883 was
431 2831 643 2870 afterwards
662 2831 771 2881 king,
790 2834 861 2870 and
877 2831 942 2870 be·
997 2833 1043 2870 of
1068 2833 1134 2871 the
1162 2833 1394 2883 controversy
1424 2833 1523 2871 some
1560 2841 1625 2872 not
1654 2834 1863 2885 attending,

86 2887 209 2918 tween
227 2881 293 2920 her
314 2886 383 2920 and
401 2884 545 2922 Robert
571 2887 690 2923 Bruce
707 2886 772 2923 the
802 2886 943 2932 father,
999 2887 1057 2924 for
1070 2899 1248 2937 pronepos
1259 2890 1342 2924 read
1355 2901 1480 2937 nepos,
1498 2890 1568 2924 and
1590 2888 1635 2936 by
1652 2891 1762 2936 gradu
1776 2903 1862 2940 prc-

91 2945 129 2969 τις
148 2933 243 2972 some
265 2935 448 2974 sentences
468 2939 564 2977 after
582 2940 747 2976 between
768 2939 832 2977 the
848 2939 947 2977 same
1000 2940 1094 2990 pior,
1115 2941 1332 2978 understand
1363 2943 1473 2988 gradu
1492 2942 1712 2988 collaterali,
1738 2955 1776 2980 as
1797 2942 1875 2979 the-

92 2984 235 3025 Robert
251 2987 315 3026 the
336 2989 458 3028 father
492 2994 562 3028 and
575 2992 677 3045 John
697 2994 835 3031 Balliol
853 2993 947 3030 with
1002 2995 1101 3031 elder
1117 2995 1212 3031 sister
1230 2994 1260 3030 is
1284 3008 1354 3030 one
1370 2996 1497 3042 degree
1522 3008 1651 3033 nearer
1673 2995 1766 3033 than
1798 2997 1866 3034 the

91 3036 153 3074 his
169 3039 314 3079 mother
325 3042 557 3092 Dornagilla.
614 3046 713 3083 This
725 3047 868 3083 Robert
882 3046 948 3083 the
1003 3046 1148 3094 second,
1169 3047 1250 3084 tho'
1278 3047 1321 3096 by
1349 3051 1459 3095 gradu
1485 3048 1649 3099 priorem
1677 3049 1769 3100 they
1792 3063 1864 3088 un-

93 3089 216 3151 father
233 3091 447 3143 challenged
475 3097 516 3134 in
544 3098 604 3136 his
634 3099 815 3137 mothex's
846 3098 947 3147 right
1002 3102 1166 3139 derstand
1187 3101 1297 3148 gradu
1315 3101 1569 3148 descendente,
1585 3115 1622 3139 as
1641 3102 1706 3140 the
1729 3104 1864 3152 grand-

93 3141 160 3202 the
177 3143 355 3193 kmgdom
374 3149 418 3185 of
439 3151 626 3198 scotland,
646 3165 683 3190 as
712 3153 821 3201 being
840 3166 946 3190 near-
1003 3153 1066 3191 son
1099 3154 1129 3191 is
1160 3167 1231 3191 one
1249 3156 1377 3201 degree
1408 3167 1537 3192 nearer
1561 3155 1653 3193 than
1681 3156 1746 3194 the
1765 3166 1866 3205 great

93 3208 135 3256 er
150 3210 191 3233 m
221 3199 432 3249 proximity,
452 3202 491 3240 in
509 3200 637 3253 degree
669 3208 738 3243 and
767 3206 887 3252 blood,
909 3215 947 3242 to
1002 3206 1181 3255 grandson
1202 3221 1212 3244 ι
1247 3208 1312 3243 but
1329 3207 1453 3244 others
1471 3215 1536 3245 not
1553 3208 1679 3257 liking
1696 3209 1780 3248 that
1798 3224 1864 3247 ex-

92 3247 187 3296 king
204 3251 417 3306 alexander
431 3256 503 3292 111.
517 3259 588 3294 and
603 3258 792 3306 Margaret
804 3259 946 3307 daugh-
1002 3260 1196 3309 plication,
1217 3273 1254 3297 as
1282 3260 1314 3296 it
1338 3262 1462 3298 would
1489 3261 1601 3308 seem,
1621 3276 1689 3300 nor
1712 3272 1831 3301 contet
1850 3269 1867 3300 t

90 3307 147 3346 ter
171 3311 210 3339 to
244 3303 307 3340 the
337 3303 432 3354 king
449 3307 493 3345 of
507 3310 670 3360 Norway
704 3326 716 3360 ;
750 3312 868 3350 altho'
898 3314 947 3349 he
1003 3313 1098 3350 with
1117 3314 1268 3361 reading
1281 3326 1393 3364 nepos
1411 3315 1469 3351 for
1485 3328 1678 3365 pronepos,
1697 3316 1790 3354 have
1808 3318 1867 3355 al·-

56 3358 61 3366 '
89 3366 164 3401 was
184 3355 245 3393 son
266 3357 309 3404 by
327 3369 346 3393 a
370 3358 499 3397 second
517 3360 624 3409 fister,
643 3363 731 3401 who
751 3367 806 3415 (as
831 3367 946 3402 Cam·
1003 3366 1040 3403 so
1058 3366 1224 3415 changed
1242 3369 1353 3414 gradu
1371 3367 1518 3416 propior
1535 3367 1576 3406 in
1596 3370 1660 3407 the
1680 3383 1764 3418 very
1779 3380 1869 3407 next

46 3457 48 3459 Ι
91 3405 160 3443 den
171 3407 256 3467 'says
272 3409 453 3469 from-the
471 3412 646 3463 original)
666 3416 752 3455 soon
771 3418 865 3457 after
889 3431 948 3456 re·
1005 3419 1175 3457 sentence
1188 3420 1270 3457 into
1286 3428 1375 3456 natu
1396 3421 1531 3470 major,
1552 3424 1770 3470 pretending
1783 3423 1870 3459 that

92 3457 234 3510 fignmg
262 3476 309 3512 up
343 3463 403 3523 ¹¹¹?
435 3478 520 3502 own
550 3466 664 3514 right,
701 3474 850 3516 granted
880 3472 950 3508 and
1004 3472 1070 3509 the
1087 3473 1253 3510 author's
1270 3483 1427 3510 account
1441 3475 1485 3511 of
1497 3475 1580 3511 that
1599 3475 1742 3513 famous
1761 3488 1866 3512 com-

91 3523 282 3600 {avepver
298 3523 336 3553 to
353 3515 412 3553 his
432 3516 494 3554 son
520 3518 664 3558 Robert
681 3520 799 3561 Bruce
816 3525 891 3562 earl
910 3524 955 3561 of
1003 3523 1299 3575 petition'would
1318 3525 1513 3564 otherwise
1531 3529 1572 3563 be
1592 3528 1841 3566 inconsistent.

54 3614 59 3617 μ
127 3567 249 3604 arrick
266 3569 317 3605 all
335 3568 400 3608 the
418 3569 518 3618 right
538 3574 608 3610 and
623 3573 736 3612 claim
757 3575 881 3614 which
901 3576 949 3613 he
1059 3580 1124 3631 (1)
1154 3580 1339 3624 Tenebat,
1359 3594 1400 3616 cr
1417 3579 1577 3616 habebat
1597 3588 1633 3617 to
1649 3581 1690 3617 be
1703 3581 1866 3630 supplied

95 3613 168 3661 bad
194 3631 235 3656 or
263 3620 387 3668 might
410 3621 504 3661 have
536 3632 574 3662 to
605 3626 670 3664 the
700 3626 880 3676 kingdom
910 3630 956 3667 of
1003 3630 1101 3669 from
1127 3632 1192 3670 the
1220 3631 1406 3670 sentences
1436 3633 1694 3682 immediately
1718 3634 1867 3683 forego-

93 3667 281 3712 Scotland.
314 3674 374 3715 To
396 3674 470 3714 this
489 3676 592 3716 three
611 3692 652 3718 or
672 3679 833 3719 fourfold
851 3683 949 3720 view
1003 3684 1080 3734 ing.

1718 3763 1880 3829 crede-j
