2016 3801
127 154 213 214 34
304 132 481 199 DE
596 132 970 221 JURE
1073 137 1591 206 REGNJ

188 235 344 282 LXV.
379 238 490 284 Non
515 240 834 286 commorabor
849 238 1019 286 diutius
1042 238 1090 286 in
1112 241 1199 288 hac
1221 241 1532 298 similitudine,
1557 257 1614 288 ne
1635 241 1891 291 adulatores

123 299 262 346 aulici
283 317 444 361 parum
467 303 718 350 honorifice
740 320 813 349 me
835 305 892 350 de
911 304 1174 368 magistratu
1196 305 1371 353 summo
1393 308 1522 370 loqui
1543 309 1757 355 clament.
1801 310 1893 356 Sed

125 375 360 427 utcunque
381 367 660 419 clamabunt.
684 382 806 414 certe
823 368 942 414 illud
964 385 1130 431 negare
1156 386 1248 416 non
1282 371 1475 432 possunt,
1511 370 1735 418 carnificis
1757 371 1890 419 func-

121 427 295 474 tionem
321 443 492 492 partem
518 433 602 478 effe
624 433 822 478 muneris
845 432 1039 495 publici,
1062 449 1114 480 ac
1137 434 1314 481 fortasse
1335 435 1472 482 etiam
1488 435 1643 500 Regii,
1678 436 1753 483 vel
1771 436 1894 499 ipso·

121 508 223 538 rum
247 494 427 557 Regum
453 496 709 542 testimonio
730 514 741 543 ε
775 498 855 559 qui
878 498 1058 558 quoties
1080 497 1244 562 aliquis
1279 515 1304 545 e
1338 498 1550 546 ministris
1574 498 1768 561 publicis
1790 501 1892 546 vio-

121 557 261 611 latur,
285 558 326 604 se
350 559 565 621 suamque
589 560 861 619 majestatem
887 574 1025 623 atque
1047 578 1209 625 corpus
1233 563 1396 610 violari
1418 578 1681 625 querantur.
1749 567 1892 612 Poena

121 635 275 668 autem
301 622 615 671 sceleratorum
645 637 692 669 ut
716 627 742 670 li
766 626 878 687 quid
901 627 1114 680 aliud,ad
1134 644 1298 674 munus
1323 629 1524 693 Regium
1547 629 1729 690 speeiat.
1758 630 1890 691 Qid

116 687 319 748 praese-’Eli
347 690 525 735 urbium
553 692 571 736 ?
603 688 717 748 quid
751 691 990 736 castrorum
1019 694 1035 736 ?
1068 691 1182 754 quid
1206 694 1431 743 ‚Praetores
1458 696 1476 739 ?
1509 693 1621 755 quid
1657 693 1737 755 ipfi
1763 694 1892 740 Con-

117 750 232 798 sules
257 755 274 797 ?
308 753 423 799 Iisne
448 752 584 798 etiam
609 754 880 810 Paulus-nos
901 754 1105 802 subditos
1127 757 1210 802 esse
1226 757 1392 817 jubet?
1417 775 1473 803 an
1499 773 1581 818 pro
1600 757 1793 817 privatis
1809 757 1892 804 ha-

117 814 198 862 bet
221 819 240 863 ?
271 818 336 863 At
358 818 414 862 ab
437 817 649 864 omnibus
690 833 781 864 non
806 820 944 866 modo
984 820 1235 866 minoribus
1260 821 1621 883 magistratibus,
1649 820 1721 866 sed
1744 822 1801 867 ab
1824 823 1890 868 eis

117 880 259 926 etiam
282 881 482 943 quisunt
504 881 713 945 Regibus
736 884 950 946 aequales,
986 885 1102 930 ratio
1127 886 1244 930 male
1266 885 1383 931 obiti
1404 884 1586 947 imperii
1614 885 1725 930 solet
1746 885 1886 947 exigi.

118 943 274 990 Velim
309 962 437 1009 ergo,
478 947 559 1008 qui
597 963 654 992 ex
694 947 823 993 Pauli
845 947 994 994 verbis
1018 961 1187 994 tantam
1213 949 1420 1012 Regibus
1443 950 1710 1011 potestatem
1734 949 1890 1011 datam

118 1008 361 1065 somniant,
397 1024 474 1056 aut
495 1012 732 1058 ostendant
751 1027 808 1058 ex
830 1013 990 1059 eodem
1016 1014 1160 1068 Paulo
1179 1013 1292 1059 solos
1316 1014 1466 1076 Reges
1486 1012 1718 1060 Potestatis
1741 1012 1894 1059 nomi-

116 1090 176 1119 ne
212 1073 287 1119 hic
310 1075 619 1136 accipiendos,
663 1076 861 1139 ideoque
884 1077 998 1136 solop
1023 1078 1177 1140 legum
1203 1077 1350 1139 poenis
1369 1078 1635 1124 eximendos
1680 1096 1692 1124 :
1739 1089 1817 1123 aut
1839 1078 1887 1131 fi,

116 1154 221 1184 cum
245 1139 487 1185 Potestates
507 1141 723 1195 dicimus,
746 1141 1081 1205 intelligantur,
1097 1136 1234 1188 etiam
1255 1142 1329 1188 alii
1347 1142 1629 1206 magistratus
1648 1151 1703 1189 ab
1727 1139 1897 1188 eodem*

115 1205 298 1249 auctore
320 1204 427 1250 Deo
447 1204 495 1250 in
513 1207 711 1252 eundem
737 1206 861 1252 usum
886 1206 1074 1254 instituti
1095 1226 1109 1263 ;
1130 1208 1249 1254 illud
1269 1223 1457 1269 quoque
1474 1207 1612 1260 velim
1634 1207 1890 1261 ostendant,
1938 1212 1939 1216 ’

116 1266 199 1313 ubi
219 1284 377 1315 omnes
401 1269 683 1332 magistratus
707 1271 887 1334 legibus
912 1272 1062 1327 soluti,
1102 1275 1151 1320 &
1174 1288 1200 1317 a
1223 1288 1460 1334 poenarum
1488 1284 1611 1318 metu
1631 1271 1765 1319 liberi
1786 1287 1891 1332 pro·-

115 1333 392 1379 nuncientur
415 1352 425 1380 ι
461 1346 538 1379 aut
561 1333 663 1381 solis
687 1335 894 1398 Regibus
913 1334 995 1394 ,ista
1016 1336 1280 1397 immunitas
1297 1338 1349 1383 fit
1370 1338 1589 1390 concessa,
1613 1335 1786 1382 caeteris
1809 1334 1892 1397 qui

112 1395 163 1443 in
183 1398 402 1459 potestate
423 1398 655 1446 constituti
673 1401 790 1455 sunt,
815 1412 996 1462 negata.
1040 1402 1109 1448 M.
1137 1402 1199 1447 At
1223 1402 1520 1448 Potestatibus
1543 1399 1885 1446 sublimioribus

113 1475 273 1508 omnes
292 1462 392 1509 vult
410 1464 495 1509 effe
518 1465 736 1521 subditos.
805 1466 863 1510 B.
886 1465 1026 1526 Jubet
1058 1465 1244 1526 quidem
1272 1485 1283 1513 :
1318 1467 1387 1513 sed
1413 1466 1495 1512 isso
1517 1465 1703 1512 nomine
1737 1464 1889 1511 Potes-

113 1527 220 1572 tatis
257 1528 429 1573 necesse
466 1529 527 1574 est
571 1541 621 1576 ut
658 1536 693 1576 ἃ
722 1543 909 1576 caeteros
933 1531 1216 1592 magistratus
1239 1529 1635 1592 comprehendat;
1669 1530 1747 1576 nifi
1773 1529 1892 1575 forte

112 1591 304 1638 Paulum
328 1594 565 1639 credamus
589 1594 841 1641 existimare
863 1593 909 1640 in
935 1595 1194 1648 civitatibus
1217 1611 1321 1657 quae
1351 1595 1503 1657 Regio
1536 1607 1719 1641 careant
1741 1594 1891 1655 impe-

112 1655 199 1710 rio,
231 1656 404 1703 nullam
447 1660 734 1720 potestatem,
768 1658 843 1706 sed
866 1659 1000 1720 plane
1036 1664 1239 1725 ἀναρχίαν
1264 1662 1364 1708 effe.
1437 1666 1502 1706 M.
1536 1659 1659 1706 Istud
1680 1675 1770 1724 ego
1808 1675 1888 1705 ne-

110 1745 202 1790 que
225 1728 379 1783 credo,
405 1745 487 1776 nec
510 1732 571 1776 est
593 1731 836 1779 verisimile
874 1752 884 1779 ι
939 1749 1086 1796 eoque
1130 1732 1275 1795 magis
1299 1731 1345 1778 in
1379 1732 1466 1778 hac
1510 1728 1605 1776 sum
1648 1729 1885 1781 sententia,

110 1793 240 1855 quod
261 1794 468 1841 omniurn
493 1794 626 1855 hujus
650 1795 741 1842 loci
763 1797 1063 1859 interpretum
1087 1796 1345 1843 doftiorum
1370 1794 1603 1841 consensus
1645 1806 1796 1840 tecum
1822 1793 1891 1839 fa-

112 1857 194 1911 cit,
219 1858 299 1921 qui
321 1858 446 1905 istam
472 1860 601 1907 Pauli
623 1860 975 1924 disputationem
1000 1862 1211 1908 adversus
1231 1877 1308 1907 eos
1329 1861 1579 1907 institutam
1604 1869 1783 1920 putant,
1808 1857 1889 1919 qui

110 1938 272 1969 ornnes
296 1923 473 1983 prorsus
495 1925 620 1983 leges
644 1930 683 1971 Sc
706 1927 989 1988 magistratus
1012 1927 1128 1972 nihil
1151 1925 1207 1971 ad
1229 1925 1271 1971 se
1286 1925 1513 1987 pertinere
1531 1922 1888 1969 contendebant.

110 1993 171 2037 B.
205 1987 334 2049 Qid
357 2001 508 2035 autem
532 1989 669 2044 illud,
689 1992 814 2053 quod
834 2009 978 2054 nuper
999 1991 1098 2037 dixi
1124 1994 1140 2036 ?
1174 1991 1375 2037 credisne
1397 1990 1643 2048 Tyrannos
1661 1985 1765 2033 illos
1788 2002 1891 2033 om-

110 2050 239 2099 nium
264 2052 517 2100 saeviflimos
541 2055 598 2101 ad
629 2055 759 2119 Pauli
778 2055 1023 2103 formulam
1047 2055 1274 2119 pertinere
1299 2058 1316 2100 ?
1355 2060 1423 2104 M.
1447 2055 1551 2099 Imo
1577 2069 1587 2097 ε
1612 2052 1726 2121 quid
1750 2063 1795 2097 tu
1821 2051 1890 2098 af-

111 2116 220 2170 fers,
243 2117 390 2178 curid
416 2136 506 2165 non
531 2121 713 2166 credam
740 2123 757 2166 ?
794 2121 1038 2183 praesertim
1054 2135 1159 2167 cum
1180 2119 1443 2166 Hieremias
1464 2131 1557 2164 tam
1575 2116 1766 2163 sollicite
1789 2131 1892 2162 mo·

109 2193 217 2228 neat
237 2182 439 2245 Judoeos‚
462 2184 606 2246 idque
624 2184 862 2240 divinitus,
909 2198 960 2233 ut
981 2185 1101 2249 Regi
1123 2183 1405 2247 Assyriorum
1425 2193 1632 2244 pareant,
1676 2194 1760 2227 nec
1796 2181 1892 2247 ulla

110 2246 288 2294 ratione
309 2247 555 2309 imperium
599 2249 696 2310 ejus
740 2250 964 2311 rejiciant.
1033 2252 1190 2313 Atque
1228 2248 1336 2295 inde
1374 2247 1603 2311 colligunt
1639 2245 1739 2309 pari
1781 2245 1891 2292 rati-

107 2327 198 2357 one
242 2313 415 2360 caeteris
457 2329 644 2378 quoque
686 2315 918 2379 Tyrannis
955 2314 1254 2378 quantumvis
1295 2311 1576 2360 immanibus
1614 2313 1698 2358 effe
1726 2327 1889 2374 paren-

108 2376 237 2424 dum.

173 2441 351 2489 LXVI.
389 2448 443 2492 Β.
465 2444 537 2491 Ut
554 2446 679 2505 prius
701 2445 758 2491 ad
780 2445 829 2491 id
851 2444 977 2508 quod
999 2444 1215 2507 posterius
1238 2461 1265 2490 a
1285 2455 1330 2491 te
1353 2442 1548 2506 positum
1571 2441 1632 2487 est
1645 2439 1888 2500 responde.

109 2521 203 2556 am,
245 2505 363 2553 illud
386 2522 570 2569 oportet
612 2511 962 2564 animadvertas,
1007 2509 1283 2570 Prophetam
1308 2524 1399 2554 non
1415 2505 1578 2567 jubere
1603 2517 1650 2551 ut
1671 2503 1889 2552 omnibus

109 2570 343 2632 Tyrannis
368 2585 554 2633 pareant
575 2574 742 2636 Judaei,
766 2575 840 2621 sed
864 2574 942 2621 uni
964 2573 1244 2635 Assyriorum
1264 2572 1402 2635 Regi.
1447 2570 1589 2628 Quod
1607 2569 1637 2616 fi
1661 2580 1728 2622 tu,
1753 2585 1809 2615 ex
1831 2586 1888 2617 eo

109 2635 237 2699 quod
260 2635 339 2682 uni
363 2637 828 2701 fingulariterjuffum
853 2639 931 2694 est,
975 2638 1090 2701 legis
1125 2637 1371 2684 formulam
1393 2637 1613 2698 colligere
1635 2634 1767 2687 velis,
1793 2635 1888 2695 pri-

107 2715 238 2746 mum
275 2717 369 2747 non
391 2700 595 2765 ignoras,
639 2702 820 2764 (docuit
855 2703 904 2749 id
946 2714 990 2749 te
1012 2701 1136 2750 enim
1162 2701 1420 2760 dialeffica)
1457 2715 1594 2763 quam
1620 2697 1809 2745 absurde
1833 2699 1888 2746 fis

109 2755 308 2811 faRurus
335 2782 346 2812 :
380 2767 548 2814 deinde
566 2768 821 2831 periculum
847 2767 934 2814 tibi
955 2785 994 2815 er
1007 2768 1060 2822 it,
1084 2785 1142 2814 ne
1163 2766 1347 2830 paribus
1370 2778 1414 2812 te
1435 2763 1573 2811 armis
1593 2774 1889 2826 oppugnato-

106 2846 177 2876 res
201 2824 455 2891 tyra⁸nnidis
474 2833 818 2896 aggrediantur.
884 2833 1009 2880 Nam
1045 2845 1123 2879 aut
1159 2843 1343 2895 oportet
1363 2829 1586 2884 ostendas,
1629 2828 1744 2889 quid
1766 2826 1889 2875 sitin

107 2893 195 2940 hac
218 2910 265 2940 re
284 2894 526 2958 singulare,
551 2913 633 2942 cur
661 2914 761 2945 eam
784 2896 999 2944 omnibus
1023 2897 1194 2960 ubique
1215 2895 1486 2955 imitandam
1511 2909 1740 2954 proponas
1761 2910 1773 2940 ε
1810 2904 1890 2964 aut
1958 2937 1961 2939 Α

109 2957 142 3004 fi
162 2956 212 3005 id
237 2975 329 3005 non
353 2974 502 3021 potes,
525 2961 836 3009 confitendum
860 2961 964 3016 erit,
987 2976 1045 3008 ex
1065 2962 1165 3008 aliis
1188 2960 1493 3025 singularibus
1516 2958 1610 3005 Dei
1643 2957 1887 3012 mandatis,

109 3022 335 3085 quicquid
358 3023 416 3070 de
442 3042 532 3073 uno
554 3026 713 3089 aliquo
751 3027 804 3074 fit
818 3026 1005 3088 juffum,
1027 3025 1075 3072 id
1095 3025 1152 3072 ad
1191 3038 1350 3073 omnes
1388 3038 1446 3070 ex
1468 3038 1601 3084 aequo
1640 3021 1886 3084 pertinere.

108 3088 220 3134 Hoc
242 3087 272 3133 fi
295 3086 431 3135 semel
455 3091 604 3153 (quod
628 3091 715 3138 tibi
736 3091 907 3138 necesse
930 3090 1036 3150 erit)
1061 3089 1313 3145 admiseris,
1345 3087 1491 3135 statim
1516 3085 1602 3144 tibi
1621 3085 1886 3148 objicietur,

107 3150 204 3200 Dei
223 3167 412 3216 quoque
426 3154 545 3215 jussu
569 3156 733 3203 Achab
753 3153 954 3203 occisum
979 3173 990 3202 ε
1025 3154 1268 3218 praemium
1289 3168 1476 3217 quoque
1503 3150 1724 3199 divinitus
1744 3149 1905 3222 interr

110 3215 272 3263 fectori
297 3222 337 3264 &
358 3218 624 3279 ‘promissum
646 3223 696 3270 &
718 3219 983 3284 praestitum.
1051 3218 1215 3283 Itaque
1234 3218 1314 3265 ubi
1336 3229 1385 3270 tu
1415 3232 1472 3264 eo
1493 3215 1710 3278 refugies,
1735 3230 1891 3261 omme

32 3337 39 3339 „
108 3279 196 3327 bus
217 3281 452 3344 Tyrannis
463 3282 570 3329 ideo
587 3285 862 3346 parendum,
881 3283 990 3347 quia
1007 3283 1136 3339 Deus
1158 3300 1240 3348 per
1262 3281 1538 3346 Prophetam
1555 3279 1728 3343 jusserit
1742 3294 1888 3343 popu·
1948 3302 1951 3303 ⁷

104 3345 208 3392 'lum
230 3345 360 3392 suum
386 3346 467 3394 uni
487 3347 712 3410 Tyranno
735 3366 893 3411 parere
928 3368 943 3405 ;
976 3347 1122 3396 statim
1145 3348 1232 3396 tibi
1253 3346 1506 3400 ominetur,
1523 3360 1682 3392 omnes
1703 3345 1892 3406 Tyran-

110 3424 194 3456 nos
223 3410 367 3457 etiam
390 3426 415 3456 a
436 3410 525 3458 suis
561 3411 714 3466 occidi
736 3414 921 3468 debere,
964 3413 1076 3477 quia
1101 3412 1264 3460 Achab
1279 3412 1398 3475 jussu
1417 3409 1578 3458 divino
1600 3425 1628 3456 a
1648 3409 1888 3480 copiarum
1911 3459 1913 3462 .

110 3471 289 3523 suarum
311 3475 529 3538 praescito
550 3476 603 3525 fit
618 3476 900 3525 interfeetus.
942 3477 1091 3542 Igitur
1112 3490 1158 3526 te
1179 3479 1406 3524 admoneo
1432 3486 1482 3522 ut
1503 3473 1676 3521 firmius
1697 3469 1890 3540 aliquod

43 3555 46 3570 ν
110 3541 513 3602 propugnaculum
537 3542 586 3588 T
587 3542 772 3606 yrannis
808 3558 836 3589 e
859 3542 1094 3605 Scriptura
1114 3551 1244 3605 pares
1268 3553 1394 3588 :aut
1413 3556 1467 3587 ea
1487 3536 1795 3600 impraesentia
1814 3550 1888 3581 re-

109 3600 221 3681 licta
241 3604 298 3650 ad
314 3597 699 3670 Philosophorum
722 3606 922 3658 scholam
937 3607 1207 3700 revertaris(
1258 3606 1328 3656 M.
1352 3605 1427 3654 De
1450 3603 1530 3652 isto
1551 3603 1740 3666 quidem
1758 3596 1890 3710 ἓξὲξ
