2010 3851
295 166 591 230 Linea
667 160 730 225 D
764 177 1597 226 ECIMUSSEPTIMUff.
1699 176 1834 239 517

11 293 21 305 -·
75 262 164 313 lica
185 276 361 313 exutus,
382 262 518 306 etiam
544 275 599 303 ne
623 259 833 304 molestus
855 251 1004 303 rerum
1029 255 1297 303 secretarum
1337 252 1502 299 arbiter
1524 255 1644 305 effer,
1682 253 1839 302 hieme

11 324 29 385 ἶῙ
76 327 316 390 asperrima
339 325 548 372 Peblium
569 321 773 369 detrusus
791 323 868 375 est,
893 320 1064 383 exiguo
1082 319 1350 372 admodum,
1375 329 1512 378 atquc
1530 317 1650 363 intra
1686 319 1841 381 priva-

19 406 32 434 s
76 406 227 439 torum
246 388 551 448 complurium
575 386 846 448 dignitatem
874 385 1095 431 comitatu
1118 383 1165 430 in
1188 382 1388 446 praedam
1411 381 1580 435 verine,
1600 398 1737 444 quam
1759 402 1848 430 au*

76 456 282 518 cupium.
315 453 491 500 Eisdem
519 454 680 497 diebus
706 465 829 497 tanta
846 449 913 496 vis
937 448 1053 495 nivis
1076 448 1101 495 ἐ
1119 449 1237 494 coelo
1259 446 1448 500 decidit,
1476 457 1524 491 ut
1545 444 1591 492 in
1615 447 1728 492 locis
1748 466 1845 496 non

16 533 26 560 ²:
77 519 326 567 admodum
349 515 559 579 copiosis,
586 522 625 561 Sc
650 530 867 578 praeterea
884 513 1125 566 latrocinio
1146 511 1314 558 infestis
1338 511 1478 557 homo
1501 510 1674 572 semper
1694 510 1743 556 in
1764 530 1846 563 au,

78 586 124 631 la
144 586 380 635 educatus,
402 588 439 627 ὃ(
465 582 605 627 νίξῖυί
646 577 893 626 liberaliori
916 579 1101 624 assuetus
1129 578 1190 622 ob
1209 593 1357 626 rerum
1382 575 1726 622 necessariarum
1744 593 1853 638 με,
1875 572 1882 582 ’

12 673 21 686 ·›
79 647 255 695 noriam
282 647 536 709 pericuium
562 645 736 699 adisset,
759 644 838 689 nili
858 643 980 689 casus
1010 643 1066 688 eo
1091 640 1397 688 Orcadensem
1418 639 1644 686 detulisset
1666 640 1854 703 Episco-

13 767 16 769 Α
78 712 208 775 pum.
250 713 295 758 Is
326 713 530 757 locorum
555 725 741 772 gnarus,
761 708 857 754 vini
881 705 1110 761 nonnihil,
1134 718 1270 769 atque
1292 705 1487 767 aliorum
1510 717 1853 752 commeatuum

11 777 21 827 5
79 778 126 823 in
151 775 278 822 suum
302 775 426 821 usum
450 777 677 820 attulerat.

11 829 19 863 ³¹
145 842 251 887 LV.
286 841 390 887 Nec
429 839 514 884 hac
537 840 712 884 ratione
737 848 913 882 tantum
939 835 1120 898 Regina
1154 834 1384 881 Davidem
1411 833 1435 881 ὲ
1459 834 1545 882 suae
1567 834 1855 882 obscuritatis

8 905 17 958 ‘-
76 905 264 953 latebris
289 905 558 967 producere,
580 908 622 950 ἃ
651 903 870 948 ostentare
893 903 1064 963 populo
1105 911 1322 946 contenta
1342 899 1477 946 aliam
1500 900 1621 946 viam
1653 916 1760 946 eum
1780 917 1859 947 or-

13 1003 17 1026 ;
83 970 225 1017 nandi
261 970 435 1015 honore
474 968 722 1014 domestico
756 966 815 1012 est
865 977 1142 1012 commenta.
1212 965 1331 1011 Cum
1366 965 1462 1023 jam
1507 978 1639 1011 antea
1673 964 1857 1028 Regina

87 1052 168 1097 per
191 1035 369 1096 aliquot
390 1034 558 1079 menses
581 1033 712 1078 solito
727 1034 877 1094 plures
890 1031 945 1076 ad
963 1029 1159 1077 mensam
1183 1028 1302 1075 suam
1322 1029 1577 1084 adhiberet,
1605 1043 1654 1077 ut
1672 1030 1719 1077 in
1738 1030 1863 1077 mul-

9 1097 15 1150 ζ
85 1099 448 1146 titudinesalrem
475 1099 602 1143 locus
625 1095 798 1143 Davidi
823 1097 971 1141 minus
991 1093 1240 1140 invidiosus
1255 1095 1360 1141 effet
1385 1113 1395 1141 :
1430 1098 1516 1143 bac
1538 1094 1861 1157 popularitatis

12 1178 14 1186 ¹
86 1164 233 1227 specie
252 1165 424 1209 ratacst
448 1163 563 1215 fore,
592 1174 638 1207 ut
658 1161 898 1207 insolentia
918 1160 1161 1222 speetaculi
1183 1159 1498 1206 convictorum
1543 1159 1859 1215 multitudine,

88 1235 128 1275 &
149 1227 765 1292 quotidiana=consuetudine
791 1225 1027 1288 paululum
1051 1226 1294 1277 levaretur,
1318 1230 1359 1271 δε
1384 1224 1598 1270 stomachi
1617 1224 1861 1271 hominum

90 1293 244 1340 sensim
266 1292 572 1346 assuescerent,
601 1304 649 1336 ut
670 1290 855 1353 quidvis
877 1290 972 1352 pati
1014 1290 1206 1352 possent.
1274 1289 1487 1334 Tandem
1513 1291 1569 1335 eo
1590 1303 1861 1351 perventum

90 1360 166 1413 est,
196 1371 243 1404 ut
262 1358 340 1403 ille
364 1373 465 1403 cum
490 1373 597 1409 uno,
623 1368 760 1417 atque
784 1355 924 1401 altero
948 1352 1244 1415 quotidianus
1259 1353 1492 1400 conviGtor
1505 1355 1626 1400 esset.
1694 1355 1765 1403 Ut
1779 1371 1864 1401 au-

91 1436 184 1470 tern
209 1423 299 1469 ioci
313 1421 517 1485 angustia
538 1419 646 1466 fasti
666 1419 864 1481 quadam
887 1430 944 1464 ex
967 1432 1093 1480 parte
1109 1418 1334 1465 minueret
1365 1417 1610 1474 invidiam,
1650 1436 1867 1467 nonnun-

3 1482 9 1531 Ῐ
90 1504 230 1550 quam
254 1488 302 1533 in
325 1488 493 1533 cellula
514 1486 698 1548 exigua,
723 1485 954 1531 interdum
979 1484 1100 1545 apud
1124 1482 1268 1546 ipsum
1294 1483 1526 1530 Davidem
1549 1485 1699 1547 epulae
1721 1502 1866 1548 appa·

58 1551 61 1554 ’
88 1555 322 1598 rabantur.
392 1552 479 1597 Sed
500 1551 596 1596 haec
618 1548 805 1596 invidiae
830 1548 1091 1604 minuendae
1113 1548 1316 1595 remedia
1336 1547 1577 1594 infamiam
1615 1551 1866 1612 augebam,

3 1627 6 1629 ’
38 1657 45 1662 ,
90 1617 362 1679 suspiciones
404 1616 605 1668 alebant,
647 1620 688 1660 δε
731 1612 908 1660 sinistris
927 1613 1209 1660 sermonibus
1244 1611 1479 1659 materiam
1500 1611 1869 1676 suppeditabant.

69 1680 289 1728 ‘Accessit
310 1682 368 1726 ad
391 1678 744 1740 hominumjam
782 1679 830 1725 in
851 1678 978 1740 pejus
1002 1678 1226 1740 proclives
1251 1678 1553 1742 cog.tati0nes
1577 1679 1870 1727 inflamman-

94 1747 191 1801 das,
213 1746 343 1808 quod
363 1743 650 1807 supelles‘cili,
675 1745 800 1790 cultu
820 1742 1042 1806 corporis,
1061 1759 1288 1804 equorum
1311 1748 1358 1793 ἀ
1382 1760 1568 1807 genere,
1609 1750 1652 1790 Sc
1676 1761 1869 1792 numero

93 1813 233 1873 longe
258 1813 436 1873 Regem
453 1808 706 1870 superabat.
777 1810 903 1871 Q‘e
915 1825 984 1855 res
1008 1809 1064 1855 εδ
1086 1807 1329 1855 videbatur
1349 1807 1603 1872 indignior,
1626 1810 1754 1872 quod
1773 1827 1870 1857 uon
1891 1836 1893 1839 .

87 1876 264 1922 ‚faciem
288 1878 358 1937 (i)
385 1875 666 1928 honestabat,
702 1873 776 1919 sed
801 1871 939 1918 facies
978 1873 1156 1918 cultum
1180 1873 1451 1920 destruebat.
1520 1874 1673 1937 Igitur
1690 1875 1874 1938 Regina

45 1974 50 1981 ‚
97 1957 203 1987 cum
228 1949 400 1986 naturae
423 1939 536 1985 vitia
550 1955 641 1985 non
677 1940 818 2001 posset
836 1937 1098 1990 emendare,
1122 1937 1315 1993 divitiis,
1340 1944 1387 1987 ὅ(
1412 1938 1664 1986 honoribus
1706 1956 1873 1987 cumu-

38 2031 42 2036 ·
97 2005 248 2053 landis
274 2008 344 2066 (2)
387 2004 434 2051 in
455 2003 717 2066 supremum
736 2002 946 2058 ordinem
969 2019 1074 2049 eum
1099 1994 1259 2049 nititur
1281 2004 1562 2066 protrahere,
1589 2018 1638 2050 ut
1662 2005 1876 2052 nascendi

101 2069 430 2123 humilitatem,
456 2073 497 2117 ὅ(
526 2069 729 2130 corporis
754 2067 867 2114 vitia
888 2068 1089 2114 fortuitae
1113 2068 1331 2115 claritatis
1353 2068 1548 2115 obtentu
1571 2081 1697 2132 tegat
1720 2088 1732 2116 ε
1764 2085 1875 2117 cum

101 2138 162 2182 ob
183 2134 288 2198 alia,
314 2147 409 2180 tum
435 2133 636 2179 maxime
677 2146 725 2179 nt
752 2133 827 2194 jus
845 2132 1049 2195 suffragii
1070 2131 1116 2177 in
1136 2147 1367 2180 conventu
1405 2134 1594 2194 publico
1627 2135 1803 2190 nacius,
1825 2133 1878 2181 id

26 2237 35 2240 -
101 2200 340 2247 consilium
375 2199 432 2246 ad
468 2198 663 2260 Reginae
686 2210 848 2244 nutum
872 2197 1185 2260 circumagere
1202 2201 1360 2260 posset.
1432 2200 1519 2245 Sed
1549 2215 1654 2246 cum
1671 2216 1751 2261 per
1771 2215 1880 2264 gra-

103 2267 189 2311 dus
212 2266 317 2311 esset
335 2263 693 2327 promovendus,
730 2279 786 2309 ne
815 2262 968 2324 inopS,
1004 2267 1044 2308 δε
1089 2264 1393 2317 mercenarius
1416 2263 1592 2311 senator
1629 2264 1879 2320 videretur,

103 2330 280 2393 primus
302 2328 348 2374 in
364 2344 526 2391 agrum
551 2327 840 2391 Edimburgo
858 2323 1061 2373 vicinum
1084 2326 1285 2390 impetus
1308 2330 1368 2375 est
1390 2329 1551 2376 fadtus.
1595 2329 1884 2378 Malvillium

105 2394 236 2440 Scoti
259 2407 437 2440 vocant.
509 2391 740 2439 Dominus
764 2392 879 2455 agri,
905 2397 944 2438 δι
967 2393 1039 2454 (3)
1060 2391 1240 2440 domini
1275 2393 1416 2447 socer,
1440 2394 1612 2456 aliique
1634 2394 1716 2457 qui
1739 2394 1885 2456 pluri-

43 2478 47 2482 ·
107 2476 236 2506 mum
260 2460 384 2521 apud
404 2474 510 2504 eum
534 2470 762 2519 poterant,
783 2457 918 2503 amici
941 2460 1268 2505 convocantur.
1336 2461 1459 2506 Cum
1499 2458 1691 2506 domino
1714 2461 1814 2523 agri
1832 2477 1884 2508 a-

36 2557 42 2584 3
105 2525 177 2588 git
198 2523 397 2587 Regina,
422 2535 472 2569 ut
494 2522 668 2584 praedio
690 2522 874 2568 cederet
899 2539 910 2568 ε
944 2537 1049 2567 cum
1071 2521 1242 2578 focem,
1269 2528 1317 2572 Sc
1342 2523 1520 2579 amicis,
1546 2537 1595 2570 ut
1622 2524 1665 2569 ·d
1690 2525 1883 2573 domino

41 2595 53 2631 Γ
107 2588 445 2652 persuaderent.
515 2587 605 2633 Sed
627 2602 732 2632 cum
776 2603 937 2648 parum
960 2602 1016 2632 ex
1037 2585 1260 2635 sententia
1286 2605 1361 2636 res
1393 2590 1677 2651 procederet,
1702 2590 1886 2653 Regina

108 2670 209 2701 eam
231 2652 455 2715 repulsam
478 2651 526 2697 in
548 2651 670 2697 suam
705 2651 1035 2698 contumeliam
1064 2650 1452 2716 interpretabatur
1475 2671 1487 2700 :
1520 2660 1564 2702 δε
1586 2654 1716 2716 quod
1736 2654 1887 2721 magis

59 2755 66 2768 ,
112 2731 209 2766 erat
229 2716 431 2772 exitiale,
462 2716 615 2763 David
637 2716 687 2763 id
711 2717 895 2763 moleste
916 2715 1038 2763 tulit.

148 2781 151 2783 ’
175 2783 307 2830 LVI.
340 2782 525 2844 Vulgus
545 2781 866 2845 (nequeenim
889 2781 1077 2828 obscure
1099 2783 1200 2830 haec
1220 2783 1533 2848 agitabantur)
1551 2784 1788 2847 praesentia
1807 2784 1890 2833 de-

113 2848 308 2913 plorare,
332 2846 490 2909 pejora
510 2844 592 2892 ind
611 2862 658 2892 es
679 2846 893 2901 ominari,
918 2847 946 2893 fi
969 2847 1022 2893 ad
1047 2849 1184 2911 egeni
1206 2849 1445 2896 nebulonis
1470 2848 1713 2896 libidinem
1737 2850 1892 2899 homi-

37 2929 47 2944 ·
110 2931 192 2961 nes
215 2911 405 2974 antiqua
438 2910 703 2966 nobilitate,
721 2917 760 2956 &
786 2911 908 2958 fama
931 2912 1118 2959 illustres
1144 2914 1369 2976 majorum
1391 2913 1570 2961 sedibus
1592 2915 1892 2964 extruderen-

114 2990 207 3024 tur.
274 2976 420 3023 Multi
453 2973 590 3021 etiam
631 2975 925 3023 esenioribus
956 2977 1181 3026 memoria
1210 2980 1498 3042 repetebant,
1536 2982 1587 3029 &
1609 2980 1892 3028 sermonibus

9 3101 15 3104 .
37 3077 39 3081 ,
65 3084 70 3090 ,
113 3042 407 3090 celebrabant
443 3039 493 3086 id
513 3053 713 3102 tempus,
738 3057 841 3088 cum
868 3042 1182 3098 Cocheranus‚
1225 3043 1370 3108 Regis
1389 3044 1529 3090 fratre
1552 3061 1632 3108 per
1666 3043 1893 3094 summum

41 3140 43 3142 -
111 3107 254 3154 scelus
294 3104 459 3159 occiso,
502 3104 528 3150 e
570 3108 740 3151 latomo
763 3107 934 3154 Comes
957 3107 1144 3154 Marriae
1176 3107 1321 3155 fastus
1344 3108 1456 3155 belli
1476 3108 1626 3156 civilis
1649 3125 1703 3156 ea
1722 3110 1897 3157 excita—

6 3187 14 3196 ·
105 3172 185 3226 Jvit
206 3171 436 3224 incendia,
476 3184 580 3232 quae
616 3170 762 3218 morte
785 3171 945 3235 Regis,
982 3178 1021 3218 δι
1041 3189 1159 3235 pene
1180 3172 1314 3237 regni
1334 3173 1522 3221 interitu
1545 3174 1648 3221 sunt
1667 3175 1894 3222 restinita.

114 3235 238 3284 Haec
255 3251 362 3282 cum
380 3236 533 3298 palam
555 3233 992 3299 fierent,<multoque
1013 3237 1146 3300 plura
1165 3236 1468 3291 clandestinus
1488 3254 1647 3288 rumor
1667 3242 1740 3302 (ut
1756 3239 1805 3286 in
1824 3256 1897 3287 re-

177 3365 238 3415 (1)
265 3366 413 3406 Vocem
448 3365 572 3402 cultus
605 3365 809 3404 addendam
855 3366 979 3406 censet
1086 3369 1151 3419 (2)
1171 3369 1234 3407 To
1246 3369 1362 3408 make
1375 3368 1459 3408 him
1471 3383 1492 3407 a
1506 3371 1585 3410 lord
1601 3371 1647 3409 of
1654 3370 1897 3421 parliament.

122 3418 225 3458 cras.
246 3419 312 3457 ssed
330 3421 452 3469 potins
469 3429 577 3455 voces
609 3431 653 3454 ea
685 3431 740 3456 res
766 3419 978 3459 subintelli-
1088 3423 1149 3473 (3)
1178 3424 1275 3461 Lord
1293 3423 1387 3462 Ross
1405 3424 1451 3462 of
1469 3424 1622 3463 Hacket
1638 3424 1713 3462 had
1734 3426 1893 3463 married

124 3475 267 3520 gendae‚
322 3473 350 3510 i.
388 3486 421 3509 e.
479 3473 600 3508 cultus
633 3473 722 3509 adeo
755 3473 977 3522 splendidus,
1032 3475 1100 3513 the
1118 3475 1204 3514 heir
1220 3478 1258 3515 of
1276 3477 1353 3516 this
1373 3478 1511 3526 barony
1529 3478 1574 3515 of
1587 3475 1757 3525 Melvill,
1783 3477 1897 3528 being

122 3526 357 3574 magnificus,
375 3523 620 3574 sumptuosus.
656 3524 783 3564 Facies
799 3525 980 3578 fignificat
1033 3529 1078 3569 of
1091 3529 1157 3570 the
1178 3529 1276 3572 same
1293 3531 1451 3571 firname
1468 3529 1510 3571 of
1524 3530 1695 3572 Melvill.

121 3579 236 3618 totius
254 3579 412 3628 corporis
427 3579 606 3619 formam·
1419 3585 1431 3593 ¹

1818 3638 1904 3688 bus
