<?xml version="1.0" encoding="UTF-8"?>
<!DOCTYPE html PUBLIC "-//W3C//DTD XHTML 1.0 Transitional//EN"
    "http://www.w3.org/TR/xhtml1/DTD/xhtml1-transitional.dtd">
<html xmlns="http://www.w3.org/1999/xhtml" xml:lang="en" lang="en">
 <head>
  <title>
</title>
<meta http-equiv="Content-Type" content="text/html;charset=utf-8" />
  <meta name='ocr-system' content='tesseract 3.04.00' />
  <meta name='ocr-capabilities' content='ocr_page ocr_carea ocr_par ocr_line ocrx_word'/>
</head>
<body>
  <div class='ocr_page' id='page_1' title='image "./rerumscoticarumh01buch_0049.png"; bbox 0 0 2107 3862; ppageno 0'>
   <div class='ocr_carea' id='block_1_1' title="bbox 611 149 1917 240">
    <p class='ocr_par' dir='ltr' id='par_1_1' title="bbox 611 149 1917 240">
     <span class='ocr_line' id='line_1_1' title="bbox 611 149 1917 240; baseline 0.005 -20"><span class='ocrx_word' id='word_1_1' title='bbox 611 152 946 220; x_wconf 77' lang='lat' dir='ltr'><strong>LIBER</strong></span> <span class='ocrx_word' id='word_1_2' title='bbox 1039 149 1447 221; x_wconf 51' lang='lat' dir='ltr'>PRxmua</span> <span class='ocrx_word' id='word_1_3' title='bbox 1838 181 1917 240; x_wconf 76' lang='lat'>31</span> 
     </span>
    </p>
   </div>
   <div class='ocr_carea' id='block_1_2' title="bbox 92 252 1929 2799">
    <p class='ocr_par' dir='ltr' id='par_1_2' title="bbox 112 252 1927 324">
     <span class='ocr_line' id='line_1_2' title="bbox 112 252 1927 324; baseline -0.002 -14"><span class='ocrx_word' id='word_1_4' title='bbox 112 261 329 310; x_wconf 67' lang='lat' dir='ltr'>›coviacae</span> <span class='ocrx_word' id='word_1_5' title='bbox 350 258 445 306; x_wconf 86' lang='lat' dir='ltr'>duo</span> <span class='ocrx_word' id='word_1_6' title='bbox 467 253 616 303; x_wconf 84' lang='lat' dir='ltr'>millia</span> <span class='ocrx_word' id='word_1_7' title='bbox 637 258 734 312; x_wconf 82' lang='lat' dir='ltr'>fita,</span> <span class='ocrx_word' id='word_1_8' title='bbox 757 254 856 319; x_wconf 86' lang='lat' dir='ltr'>ipsa</span> <span class='ocrx_word' id='word_1_9' title='bbox 871 254 946 301; x_wconf 83' lang='lat' dir='ltr'>sex</span> <span class='ocrx_word' id='word_1_10' title='bbox 968 252 1117 301; x_wconf 81' lang='lat' dir='ltr'>millia</span> <span class='ocrx_word' id='word_1_11' title='bbox 1136 254 1292 318; x_wconf 87' lang='lat' dir='ltr'>longa.</span> <span class='ocrx_word' id='word_1_12' title='bbox 1329 258 1400 319; x_wconf 72' lang='grc' dir='ltr'>(ι)</span> <span class='ocrx_word' id='word_1_13' title='bbox 1428 256 1505 303; x_wconf 92' lang='lat' dir='ltr'>Ab</span> <span class='ocrx_word' id='word_1_14' title='bbox 1525 255 1805 307; x_wconf 81' lang='lat' dir='ltr'>occidentali</span> <span class='ocrx_word' id='word_1_15' title='bbox 1824 276 1927 324; x_wconf 86' lang='lat' dir='ltr'>par-</span> 
     </span>
    </p>

    <p class='ocr_par' dir='ltr' id='par_1_3' title="bbox 124 318 1929 1103">
     <span class='ocr_line' id='line_1_3' title="bbox 134 318 1927 385; baseline -0.002 -9"><span class='ocrx_word' id='word_1_16' title='bbox 134 342 181 375; x_wconf 77' lang='lat' dir='ltr'>te</span> <span class='ocrx_word' id='word_1_17' title='bbox 206 326 420 374; x_wconf 87' lang='lat' dir='ltr'>Pomonae</span> <span class='ocrx_word' id='word_1_18' title='bbox 437 323 562 384; x_wconf 75' lang='lat' dir='ltr'>Jacet</span> <span class='ocrx_word' id='word_1_19' title='bbox 582 322 706 369; x_wconf 84' lang='lat' dir='ltr'>Rufa</span> <span class='ocrx_word' id='word_1_20' title='bbox 725 321 801 367; x_wconf 85' lang='lat' dir='ltr'>sex</span> <span class='ocrx_word' id='word_1_21' title='bbox 823 318 973 367; x_wconf 85' lang='lat' dir='ltr'>millia</span> <span class='ocrx_word' id='word_1_22' title='bbox 995 319 1152 384; x_wconf 84' lang='lat' dir='ltr'>longa.</span> <span class='ocrx_word' id='word_1_23' title='bbox 1205 321 1284 367; x_wconf 84' lang='lat' dir='ltr'>Ab</span> <span class='ocrx_word' id='word_1_24' title='bbox 1307 338 1360 368; x_wconf 84' lang='lat' dir='ltr'>ea</span> <span class='ocrx_word' id='word_1_25' title='bbox 1384 322 1573 385; x_wconf 87' lang='lat' dir='ltr'>propius</span> <span class='ocrx_word' id='word_1_26' title='bbox 1594 323 1821 372; x_wconf 82' lang='lat' dir='ltr'>orientem</span> <span class='ocrx_word' id='word_1_27' title='bbox 1846 325 1927 372; x_wconf 83' lang='lat' dir='ltr'>sita</span> 
     </span>
     <span class='ocr_line' id='line_1_4' title="bbox 131 383 1926 452; baseline -0.001 -14"><span class='ocrx_word' id='word_1_28' title='bbox 131 393 193 438; x_wconf 86' lang='lat' dir='ltr'>est</span> <span class='ocrx_word' id='word_1_29' title='bbox 210 387 380 452; x_wconf 85' lang='lat' dir='ltr'>Eglisa,</span> <span class='ocrx_word' id='word_1_30' title='bbox 402 387 482 433; x_wconf 84' lang='lat' dir='ltr'>ubi</span> <span class='ocrx_word' id='word_1_31' title='bbox 505 387 686 435; x_wconf 83' lang='lat' dir='ltr'>Divum</span> <span class='ocrx_word' id='word_1_32' title='bbox 707 388 938 450; x_wconf 85' lang='lat' dir='ltr'>Magnum</span> <span class='ocrx_word' id='word_1_33' title='bbox 956 383 1080 431; x_wconf 86' lang='lat' dir='ltr'>fama</span> <span class='ocrx_word' id='word_1_34' title='bbox 1101 385 1161 430; x_wconf 88' lang='lat' dir='ltr'>est</span> <span class='ocrx_word' id='word_1_35' title='bbox 1179 386 1264 432; x_wconf 84' lang='lat' dir='ltr'>effe</span> <span class='ocrx_word' id='word_1_36' title='bbox 1283 385 1530 448; x_wconf 88' lang='lat' dir='ltr'>sepultum.</span> <span class='ocrx_word' id='word_1_37' title='bbox 1601 387 1729 435; x_wconf 89' lang='lat' dir='ltr'>Hinc</span> <span class='ocrx_word' id='word_1_38' title='bbox 1747 390 1806 436; x_wconf 88' lang='lat' dir='ltr'>ad</span> <span class='ocrx_word' id='word_1_39' title='bbox 1827 397 1926 436; x_wconf 89' lang='lat' dir='ltr'>me-</span> 
     </span>
     <span class='ocr_line' id='line_1_5' title="bbox 132 450 1928 515; baseline 0 -13"><span class='ocrx_word' id='word_1_40' title='bbox 132 455 301 502; x_wconf 73' lang='lat' dir='ltr'>ridiem</span> <span class='ocrx_word' id='word_1_41' title='bbox 323 452 535 513; x_wconf 86' lang='lat' dir='ltr'>adjacent</span> <span class='ocrx_word' id='word_1_42' title='bbox 556 455 697 508; x_wconf 84' lang='lat' dir='ltr'>Vera,</span> <span class='ocrx_word' id='word_1_43' title='bbox 723 451 868 498; x_wconf 89' lang='lat' dir='ltr'>Gersa</span> <span class='ocrx_word' id='word_1_44' title='bbox 904 469 916 498; x_wconf 78' lang='lat' dir='ltr'><em>z</em></span> <span class='ocrx_word' id='word_1_45' title='bbox 962 465 1048 496; x_wconf 85' lang='lat' dir='ltr'>nec</span> <span class='ocrx_word' id='word_1_46' title='bbox 1082 450 1224 514; x_wconf 70' lang='lat' dir='ltr'>longe</span> <span class='ocrx_word' id='word_1_47' title='bbox 1254 451 1386 498; x_wconf 87' lang='lat' dir='ltr'>illinc</span> <span class='ocrx_word' id='word_1_48' title='bbox 1408 452 1584 506; x_wconf 87' lang='lat' dir='ltr'>Vestra,</span> <span class='ocrx_word' id='word_1_49' title='bbox 1611 451 1637 498; x_wconf 70' lang='grc' dir='ltr'>ὲ</span> <span class='ocrx_word' id='word_1_50' title='bbox 1660 468 1752 515; x_wconf 86' lang='lat' dir='ltr'>qua</span> <span class='ocrx_word' id='word_1_51' title='bbox 1774 455 1928 502; x_wconf 88' lang='lat' dir='ltr'>Heth-</span> 
     </span>
     <span class='ocr_line' id='line_1_6' title="bbox 129 515 1929 581; baseline 0.001 -15"><span class='ocrx_word' id='word_1_52' title='bbox 129 520 285 566; x_wconf 82' lang='lat' dir='ltr'>landia</span> <span class='ocrx_word' id='word_1_53' title='bbox 307 518 428 564; x_wconf 86' lang='lat' dir='ltr'>abest</span> <span class='ocrx_word' id='word_1_54' title='bbox 450 517 599 564; x_wconf 88' lang='lat' dir='ltr'>millia</span> <span class='ocrx_word' id='word_1_55' title='bbox 620 518 825 581; x_wconf 74' lang='lat' dir='ltr'>passuum</span> <span class='ocrx_word' id='word_1_56' title='bbox 852 520 927 563; x_wconf 88' lang='lat'>80.</span> <span class='ocrx_word' id='word_1_57' title='bbox 997 517 1123 578; x_wconf 86' lang='lat' dir='ltr'>Papa</span> <span class='ocrx_word' id='word_1_58' title='bbox 1168 519 1361 563; x_wconf 76' lang='lat' dir='ltr'>Stronza</span> <span class='ocrx_word' id='word_1_59' title='bbox 1401 515 1536 562; x_wconf 86' lang='lat' dir='ltr'>distat</span> <span class='ocrx_word' id='word_1_60' title='bbox 1557 517 1615 563; x_wconf 87' lang='lat' dir='ltr'>ab</span> <span class='ocrx_word' id='word_1_61' title='bbox 1640 520 1929 572; x_wconf 82' lang='lat' dir='ltr'>Hethlandia</span> 
     </span>
     <span class='ocr_line' id='line_1_7' title="bbox 131 578 1928 645; baseline 0.001 -15"><span class='ocrx_word' id='word_1_62' title='bbox 131 587 193 632; x_wconf 78' lang='lat'>80</span> <span class='ocrx_word' id='word_1_63' title='bbox 217 582 365 630; x_wconf 88' lang='lat' dir='ltr'>millia</span> <span class='ocrx_word' id='word_1_64' title='bbox 385 584 608 645; x_wconf 75' lang='lat' dir='ltr'>passuum.</span> <span class='ocrx_word' id='word_1_65' title='bbox 678 583 734 629; x_wconf 92' lang='lat' dir='ltr'>In</span> <span class='ocrx_word' id='word_1_66' title='bbox 757 583 845 628; x_wconf 92' lang='lat' dir='ltr'>hoc</span> <span class='ocrx_word' id='word_1_67' title='bbox 869 580 1026 627; x_wconf 89' lang='lat' dir='ltr'>medio</span> <span class='ocrx_word' id='word_1_68' title='bbox 1048 578 1143 626; x_wconf 89' lang='lat' dir='ltr'>fere</span> <span class='ocrx_word' id='word_1_69' title='bbox 1162 580 1291 627; x_wconf 87' lang='lat' dir='ltr'>cursu</span> <span class='ocrx_word' id='word_1_70' title='bbox 1307 581 1432 642; x_wconf 86' lang='lat' dir='ltr'>jacet</span> <span class='ocrx_word' id='word_1_71' title='bbox 1453 583 1584 636; x_wconf 83' lang='lat' dir='ltr'>Fara,</span> <span class='ocrx_word' id='word_1_72' title='bbox 1610 582 1701 628; x_wconf 91' lang='lat' dir='ltr'>hoc</span> <span class='ocrx_word' id='word_1_73' title='bbox 1723 585 1782 629; x_wconf 88' lang='lat' dir='ltr'>est</span> <span class='ocrx_word' id='word_1_74' title='bbox 1806 585 1928 633; x_wconf 84' lang='lat' dir='ltr'>bella</span> 
     </span>
     <span class='ocr_line' id='line_1_8' title="bbox 124 645 1928 711; baseline 0.002 -17"><span class='ocrx_word' id='word_1_75' title='bbox 124 647 292 704; x_wconf 83' lang='lat' dir='ltr'>insula,</span> <span class='ocrx_word' id='word_1_76' title='bbox 319 647 522 710; x_wconf 84' lang='lat' dir='ltr'>utrisque</span> <span class='ocrx_word' id='word_1_77' title='bbox 541 653 589 697; x_wconf 86' lang='lat'>&amp;</span> <span class='ocrx_word' id='word_1_78' title='bbox 616 646 825 693; x_wconf 87' lang='lat' dir='ltr'>Orcadib</span> <span class='ocrx_word' id='word_1_79' title='bbox 843 663 880 692; x_wconf 60' lang='lat' dir='ltr'>.,s</span> <span class='ocrx_word' id='word_1_80' title='bbox 904 650 951 695; x_wconf 73' lang='grc' dir='ltr'>δε</span> <span class='ocrx_word' id='word_1_81' title='bbox 967 645 1267 693; x_wconf 83' lang='lat' dir='ltr'>Hethlandiae</span> <span class='ocrx_word' id='word_1_82' title='bbox 1292 646 1552 709; x_wconf 82' lang='lat' dir='ltr'>conspicua.</span> <span class='ocrx_word' id='word_1_83' title='bbox 1578 647 1785 711; x_wconf 75' lang='lat' dir='ltr'>Assurgit</span> <span class='ocrx_word' id='word_1_84' title='bbox 1801 650 1928 698; x_wconf 86' lang='lat' dir='ltr'>enim</span> 
     </span>
     <span class='ocr_line' id='line_1_9' title="bbox 127 709 1928 777; baseline 0.001 -17"><span class='ocrx_word' id='word_1_85' title='bbox 127 713 177 759; x_wconf 79' lang='lat' dir='ltr'>iu</span> <span class='ocrx_word' id='word_1_86' title='bbox 200 714 290 760; x_wconf 88' lang='lat' dir='ltr'>tria</span> <span class='ocrx_word' id='word_1_87' title='bbox 310 712 520 760; x_wconf 80' lang='lat' dir='ltr'>altissima</span> <span class='ocrx_word' id='word_1_88' title='bbox 540 711 860 775; x_wconf 88' lang='lat' dir='ltr'>promontoria</span> <span class='ocrx_word' id='word_1_89' title='bbox 889 709 1083 774; x_wconf 81' lang='lat' dir='ltr'>rupibus</span> <span class='ocrx_word' id='word_1_90' title='bbox 1119 711 1305 758; x_wconf 76' lang='lat' dir='ltr'>excelsis</span> <span class='ocrx_word' id='word_1_91' title='bbox 1329 713 1597 774; x_wconf 62' lang='lat' dir='ltr'>praecineta,</span> <span class='ocrx_word' id='word_1_92' title='bbox 1631 715 1681 765; x_wconf 83' lang='lat'>&amp;</span> <span class='ocrx_word' id='word_1_93' title='bbox 1720 712 1928 777; x_wconf 89' lang='lat' dir='ltr'>undique</span> 
     </span>
     <span class='ocr_line' id='line_1_10' title="bbox 126 775 1927 840; baseline 0.001 -16"><span class='ocrx_word' id='word_1_94' title='bbox 126 777 367 832; x_wconf 84' lang='lat' dir='ltr'>inaccessa,</span> <span class='ocrx_word' id='word_1_95' title='bbox 394 777 476 824; x_wconf 75' lang='lat' dir='ltr'>nisi</span> <span class='ocrx_word' id='word_1_96' title='bbox 499 778 628 840; x_wconf 66' lang='lat' dir='ltr'>quod</span> <span class='ocrx_word' id='word_1_97' title='bbox 647 778 707 824; x_wconf 87' lang='lat' dir='ltr'>ad</span> <span class='ocrx_word' id='word_1_98' title='bbox 728 776 955 823; x_wconf 80' lang='lat' dir='ltr'>orientem</span> <span class='ocrx_word' id='word_1_99' title='bbox 980 776 1180 822; x_wconf 76' lang='lat' dir='ltr'>aestivum</span> <span class='ocrx_word' id='word_1_100' title='bbox 1207 777 1399 840; x_wconf 86' lang='lat' dir='ltr'>paulum</span> <span class='ocrx_word' id='word_1_101' title='bbox 1422 775 1508 822; x_wconf 87' lang='lat' dir='ltr'>sese</span> <span class='ocrx_word' id='word_1_102' title='bbox 1531 777 1780 825; x_wconf 80' lang='lat' dir='ltr'>demittens</span> <span class='ocrx_word' id='word_1_103' title='bbox 1805 779 1927 825; x_wconf 86' lang='lat' dir='ltr'>stati-</span> 
     </span>
     <span class='ocr_line' id='line_1_11' title="bbox 127 842 1923 906; baseline 0 -15"><span class='ocrx_word' id='word_1_104' title='bbox 127 858 268 891; x_wconf 87' lang='lat' dir='ltr'>onem</span> <span class='ocrx_word' id='word_1_105' title='bbox 308 856 456 891; x_wconf 86' lang='lat' dir='ltr'>tutam</span> <span class='ocrx_word' id='word_1_106' title='bbox 495 842 722 889; x_wconf 80' lang='lat' dir='ltr'>naviculis</span> <span class='ocrx_word' id='word_1_107' title='bbox 757 842 949 905; x_wconf 86' lang='lat' dir='ltr'>praebet.</span> <span class='ocrx_word' id='word_1_108' title='bbox 1017 842 1197 887; x_wconf 85' lang='lat' dir='ltr'>Incolas</span> <span class='ocrx_word' id='word_1_109' title='bbox 1233 842 1373 888; x_wconf 87' lang='lat' dir='ltr'>habet</span> <span class='ocrx_word' id='word_1_110' title='bbox 1410 842 1552 905; x_wconf 74' lang='lat' dir='ltr'>longe</span> <span class='ocrx_word' id='word_1_111' title='bbox 1584 843 1923 906; x_wconf 85' lang='lat' dir='ltr'>pauperrimos.</span> 
     </span>
     <span class='ocr_line' id='line_1_12' title="bbox 126 905 1926 971; baseline 0.001 -17"><span class='ocrx_word' id='word_1_112' title='bbox 126 906 375 955; x_wconf 79' lang='lat' dir='ltr'>Piscatores</span> <span class='ocrx_word' id='word_1_113' title='bbox 395 907 633 971; x_wconf 82' lang='lat' dir='ltr'>enim,qui</span> <span class='ocrx_word' id='word_1_114' title='bbox 651 923 709 954; x_wconf 82' lang='lat' dir='ltr'>ex</span> <span class='ocrx_word' id='word_1_115' title='bbox 731 906 919 970; x_wconf 77' lang='lat' dir='ltr'>Anglia‚</span> <span class='ocrx_word' id='word_1_116' title='bbox 936 905 1209 969; x_wconf 74' lang='lat' dir='ltr'>Hollandia,</span> <span class='ocrx_word' id='word_1_117' title='bbox 1223 907 1486 969; x_wconf 66' lang='lat' dir='ltr'>caeterisque</span> <span class='ocrx_word' id='word_1_118' title='bbox 1507 907 1781 971; x_wconf 77' lang='lat' dir='ltr'>propinquis</span> <span class='ocrx_word' id='word_1_119' title='bbox 1801 911 1926 955; x_wconf 74' lang='lat' dir='ltr'>Oce-</span> 
     </span>
     <span class='ocr_line' id='line_1_13' title="bbox 128 970 1928 1038; baseline 0.001 -19"><span class='ocrx_word' id='word_1_120' title='bbox 128 989 216 1021; x_wconf 89' lang='lat' dir='ltr'>ano</span> <span class='ocrx_word' id='word_1_121' title='bbox 238 972 527 1038; x_wconf 83' lang='lat' dir='ltr'>regionibus,</span> <span class='ocrx_word' id='word_1_122' title='bbox 550 989 656 1036; x_wconf 87' lang='lat' dir='ltr'>quae</span> <span class='ocrx_word' id='word_1_123' title='bbox 678 972 902 1036; x_wconf 73' lang='lat' dir='ltr'>piscatum</span> <span class='ocrx_word' id='word_1_124' title='bbox 925 971 974 1017; x_wconf 90' lang='lat' dir='ltr'>in</span> <span class='ocrx_word' id='word_1_125' title='bbox 995 970 1076 1018; x_wconf 86' lang='lat' dir='ltr'>illa</span> <span class='ocrx_word' id='word_1_126' title='bbox 1097 972 1241 1018; x_wconf 85' lang='lat' dir='ltr'>maria</span> <span class='ocrx_word' id='word_1_127' title='bbox 1262 971 1451 1036; x_wconf 87' lang='lat' dir='ltr'>fingulis</span> <span class='ocrx_word' id='word_1_128' title='bbox 1475 971 1606 1019; x_wconf 85' lang='lat' dir='ltr'>annis</span> <span class='ocrx_word' id='word_1_129' title='bbox 1627 974 1928 1036; x_wconf 64' lang='lat' dir='ltr'>praeternavi-</span> 
     </span>
     <span class='ocr_line' id='line_1_14' title="bbox 127 1036 1254 1103; baseline 0 -19"><span class='ocrx_word' id='word_1_130' title='bbox 127 1052 262 1103; x_wconf 76' lang='lat' dir='ltr'>gam,</span> <span class='ocrx_word' id='word_1_131' title='bbox 287 1038 444 1085; x_wconf 87' lang='lat' dir='ltr'>omnia</span> <span class='ocrx_word' id='word_1_132' title='bbox 464 1054 547 1100; x_wconf 90' lang='lat' dir='ltr'>pro</span> <span class='ocrx_word' id='word_1_133' title='bbox 571 1038 764 1085; x_wconf 89' lang='lat' dir='ltr'>arbitrio</span> <span class='ocrx_word' id='word_1_134' title='bbox 783 1036 984 1100; x_wconf 86' lang='lat' dir='ltr'>rapiunt,</span> <span class='ocrx_word' id='word_1_135' title='bbox 1013 1042 1055 1084; x_wconf 64' lang='grc' dir='ltr'>ὅτ</span> <span class='ocrx_word' id='word_1_136' title='bbox 1085 1036 1254 1084; x_wconf 74' lang='lat' dir='ltr'>ferunt.</span> 
     </span>
    </p>

    <p class='ocr_par' dir='ltr' id='par_1_4' title="bbox 92 1100 1927 2799">
     <span class='ocr_line' id='line_1_15' title="bbox 194 1100 1927 1168; baseline 0.001 -18"><span class='ocrx_word' id='word_1_137' title='bbox 194 1105 250 1150; x_wconf 88' lang='lat' dir='ltr'>L.</span> <span class='ocrx_word' id='word_1_138' title='bbox 286 1102 500 1150; x_wconf 86' lang='lat' dir='ltr'>Proxima</span> <span class='ocrx_word' id='word_1_139' title='bbox 540 1105 637 1165; x_wconf 91' lang='lat' dir='ltr'>post</span> <span class='ocrx_word' id='word_1_140' title='bbox 668 1104 800 1151; x_wconf 89' lang='lat' dir='ltr'>illam</span> <span class='ocrx_word' id='word_1_141' title='bbox 840 1103 902 1148; x_wconf 90' lang='lat' dir='ltr'>est</span> <span class='ocrx_word' id='word_1_142' title='bbox 923 1100 1070 1148; x_wconf 86' lang='lat' dir='ltr'>insula</span> <span class='ocrx_word' id='word_1_143' title='bbox 1092 1101 1512 1150; x_wconf 86' lang='lat' dir='ltr'>Hethlandicarum</span> <span class='ocrx_word' id='word_1_144' title='bbox 1536 1102 1756 1159; x_wconf 80' lang='lat' dir='ltr'>maxima,</span> <span class='ocrx_word' id='word_1_145' title='bbox 1783 1122 1927 1168; x_wconf 80' lang='lat' dir='ltr'>quam</span> 
     </span>
     <span class='ocr_line' id='line_1_16' title="bbox 126 1167 1925 1235; baseline 0.001 -20"><span class='ocrx_word' id='word_1_146' title='bbox 126 1167 191 1216; x_wconf 89' lang='lat' dir='ltr'>ob</span> <span class='ocrx_word' id='word_1_147' title='bbox 213 1184 315 1214; x_wconf 86' lang='lat' dir='ltr'>eam</span> <span class='ocrx_word' id='word_1_148' title='bbox 337 1167 518 1214; x_wconf 82' lang='lat' dir='ltr'>causam</span> <span class='ocrx_word' id='word_1_149' title='bbox 536 1167 699 1214; x_wconf 84' lang='lat' dir='ltr'>incolae</span> <span class='ocrx_word' id='word_1_150' title='bbox 717 1167 1050 1215; x_wconf 83' lang='lat' dir='ltr'>Continentem</span> <span class='ocrx_word' id='word_1_151' title='bbox 1075 1182 1193 1229; x_wconf 86' lang='lat' dir='ltr'>appe</span> <span class='ocrx_word' id='word_1_152' title='bbox 1215 1168 1327 1220; x_wconf 85' lang='lat' dir='ltr'>lant,</span> <span class='ocrx_word' id='word_1_153' title='bbox 1351 1167 1586 1231; x_wconf 77' lang='lat' dir='ltr'>sexaginta</span> <span class='ocrx_word' id='word_1_154' title='bbox 1608 1170 1755 1216; x_wconf 75' lang='lat' dir='ltr'>miliia</span> <span class='ocrx_word' id='word_1_155' title='bbox 1776 1172 1925 1235; x_wconf 48' lang='lat' dir='ltr'>passu*</span> 
     </span>
     <span class='ocr_line' id='line_1_17' title="bbox 130 1229 1926 1298; baseline 0.002 -18"><span class='ocrx_word' id='word_1_156' title='bbox 130 1249 208 1280; x_wconf 92' lang='lat' dir='ltr'>um</span> <span class='ocrx_word' id='word_1_157' title='bbox 228 1234 385 1297; x_wconf 86' lang='lat' dir='ltr'>longa,</span> <span class='ocrx_word' id='word_1_158' title='bbox 412 1234 505 1280; x_wconf 82' lang='lat' dir='ltr'>lata</span> <span class='ocrx_word' id='word_1_159' title='bbox 523 1232 695 1280; x_wconf 87' lang='lat' dir='ltr'>alicubi</span> <span class='ocrx_word' id='word_1_160' title='bbox 712 1231 926 1285; x_wconf 82' lang='lat' dir='ltr'>sedecim,</span> <span class='ocrx_word' id='word_1_161' title='bbox 952 1229 1000 1276; x_wconf 86' lang='lat' dir='ltr'>in</span> <span class='ocrx_word' id='word_1_162' title='bbox 1019 1232 1220 1294; x_wconf 79' lang='lat' dir='ltr'>plurima</span> <span class='ocrx_word' id='word_1_163' title='bbox 1232 1250 1374 1295; x_wconf 80' lang='lat' dir='ltr'>parva</span> <span class='ocrx_word' id='word_1_164' title='bbox 1397 1233 1438 1279; x_wconf 91' lang='lat' dir='ltr'>se</span> <span class='ocrx_word' id='word_1_165' title='bbox 1461 1235 1780 1296; x_wconf 79' lang='lat' dir='ltr'>promontoria</span> <span class='ocrx_word' id='word_1_166' title='bbox 1802 1235 1926 1298; x_wconf 70' lang='lat' dir='ltr'>spar-</span> 
     </span>
     <span class='ocr_line' id='line_1_18' title="bbox 128 1297 1924 1363; baseline 0.002 -18"><span class='ocrx_word' id='word_1_167' title='bbox 128 1315 260 1362; x_wconf 86' lang='lat' dir='ltr'>gens.</span> <span class='ocrx_word' id='word_1_168' title='bbox 331 1299 444 1346; x_wconf 91' lang='lat' dir='ltr'>Duo</span> <span class='ocrx_word' id='word_1_169' title='bbox 475 1300 657 1346; x_wconf 74' lang='lat' dir='ltr'>tantum</span> <span class='ocrx_word' id='word_1_170' title='bbox 692 1298 811 1353; x_wconf 88' lang='lat' dir='ltr'>sunt,</span> <span class='ocrx_word' id='word_1_171' title='bbox 850 1314 951 1360; x_wconf 72' lang='lat' dir='ltr'>que</span> <span class='ocrx_word' id='word_1_172' title='bbox 986 1297 1226 1344; x_wconf 88' lang='lat' dir='ltr'>nominare</span> <span class='ocrx_word' id='word_1_173' title='bbox 1250 1315 1341 1344; x_wconf 88' lang='lat' dir='ltr'>non</span> <span class='ocrx_word' id='word_1_174' title='bbox 1373 1299 1568 1363; x_wconf 84' lang='lat' dir='ltr'>pigeat:</span> <span class='ocrx_word' id='word_1_175' title='bbox 1604 1300 1797 1348; x_wconf 86' lang='lat' dir='ltr'>alterurn</span> <span class='ocrx_word' id='word_1_176' title='bbox 1822 1302 1924 1348; x_wconf 75' lang='lat' dir='ltr'>lon-</span> 
     </span>
     <span class='ocr_line' id='line_1_19' title="bbox 127 1361 1925 1428; baseline 0.002 -19"><span class='ocrx_word' id='word_1_177' title='bbox 127 1379 262 1428; x_wconf 85' lang='lat' dir='ltr'>gum,</span> <span class='ocrx_word' id='word_1_178' title='bbox 286 1362 360 1410; x_wconf 88' lang='lat' dir='ltr'>sed</span> <span class='ocrx_word' id='word_1_179' title='bbox 383 1364 623 1424; x_wconf 60' lang='lat' dir='ltr'>angustum</span> <span class='ocrx_word' id='word_1_180' title='bbox 648 1362 695 1409; x_wconf 87' lang='lat' dir='ltr'>in</span> <span class='ocrx_word' id='word_1_181' title='bbox 713 1361 1045 1425; x_wconf 81' lang='lat' dir='ltr'>septentriones</span> <span class='ocrx_word' id='word_1_182' title='bbox 1068 1363 1269 1410; x_wconf 82' lang='lat' dir='ltr'>excurrit</span> <span class='ocrx_word' id='word_1_183' title='bbox 1290 1381 1301 1410; x_wconf 73' lang='grc' dir='ltr'>ε</span> <span class='ocrx_word' id='word_1_184' title='bbox 1327 1364 1520 1410; x_wconf 85' lang='lat' dir='ltr'>alterum</span> <span class='ocrx_word' id='word_1_185' title='bbox 1541 1364 1678 1426; x_wconf 79' lang='lat' dir='ltr'>latius</span> <span class='ocrx_word' id='word_1_186' title='bbox 1701 1365 1749 1412; x_wconf 90' lang='lat' dir='ltr'>in</span> <span class='ocrx_word' id='word_1_187' title='bbox 1773 1366 1925 1414; x_wconf 83' lang='lat' dir='ltr'>orien-</span> 
     </span>
     <span class='ocr_line' id='line_1_20' title="bbox 130 1424 1925 1480; baseline 0.003 -6"><span class='ocrx_word' id='word_1_188' title='bbox 130 1440 227 1475; x_wconf 89' lang='lat' dir='ltr'>tem</span> <span class='ocrx_word' id='word_1_189' title='bbox 246 1424 507 1479; x_wconf 80' lang='lat' dir='ltr'>hibernum.</span> <span class='ocrx_word' id='word_1_190' title='bbox 578 1428 822 1475; x_wconf 82' lang='lat' dir='ltr'>Maritima</span> <span class='ocrx_word' id='word_1_191' title='bbox 844 1428 938 1474; x_wconf 71' lang='lat' dir='ltr'>fere</span> <span class='ocrx_word' id='word_1_192' title='bbox 962 1426 1244 1474; x_wconf 83' lang='lat' dir='ltr'>habitantur.</span> <span class='ocrx_word' id='word_1_193' title='bbox 1298 1430 1526 1476; x_wconf 68' lang='lat' dir='ltr'>Interiora</span> <span class='ocrx_word' id='word_1_194' title='bbox 1549 1431 1728 1478; x_wconf 84' lang='lat' dir='ltr'>nullum</span> <span class='ocrx_word' id='word_1_195' title='bbox 1753 1431 1925 1480; x_wconf 86' lang='lat' dir='ltr'>animal</span> 
     </span>
     <span class='ocr_line' id='line_1_21' title="bbox 128 1493 1925 1558; baseline 0.003 -19"><span class='ocrx_word' id='word_1_196' title='bbox 128 1510 185 1557; x_wconf 89' lang='lat' dir='ltr'>pr</span> <span class='ocrx_word' id='word_1_197' title='bbox 230 1507 296 1540; x_wconf 90' lang='lat' dir='ltr'>ter</span> <span class='ocrx_word' id='word_1_198' title='bbox 318 1495 526 1541; x_wconf 83' lang='lat' dir='ltr'>volucres</span> <span class='ocrx_word' id='word_1_199' title='bbox 551 1495 663 1541; x_wconf 74' lang='lat' dir='ltr'>adit,</span> <span class='ocrx_word' id='word_1_200' title='bbox 719 1493 1043 1557; x_wconf 80' lang='lat' dir='ltr'>Superioribus</span> <span class='ocrx_word' id='word_1_201' title='bbox 1067 1493 1195 1539; x_wconf 84' lang='lat' dir='ltr'>annis</span> <span class='ocrx_word' id='word_1_202' title='bbox 1219 1494 1383 1541; x_wconf 58' lang='lat' dir='ltr'>incole</span> <span class='ocrx_word' id='word_1_203' title='bbox 1404 1495 1540 1541; x_wconf 88' lang='lat' dir='ltr'>latius</span> <span class='ocrx_word' id='word_1_204' title='bbox 1564 1512 1706 1558; x_wconf 88' lang='lat' dir='ltr'>quam</span> <span class='ocrx_word' id='word_1_205' title='bbox 1729 1496 1925 1558; x_wconf 83' lang='lat' dir='ltr'>majores</span> 
     </span>
     <span class='ocr_line' id='line_1_22' title="bbox 130 1557 1925 1623; baseline 0.003 -18"><span class='ocrx_word' id='word_1_206' title='bbox 130 1575 290 1606; x_wconf 89' lang='lat' dir='ltr'>eorum</span> <span class='ocrx_word' id='word_1_207' title='bbox 316 1558 538 1615; x_wconf 75' lang='lat' dir='ltr'>solebant,</span> <span class='ocrx_word' id='word_1_208' title='bbox 563 1560 776 1606; x_wconf 85' lang='lat' dir='ltr'>excolere</span> <span class='ocrx_word' id='word_1_209' title='bbox 799 1570 1032 1605; x_wconf 86' lang='lat' dir='ltr'>tentarunt</span> <span class='ocrx_word' id='word_1_210' title='bbox 1053 1576 1063 1604; x_wconf 77' lang='lat' dir='ltr'><em>z</em></span> <span class='ocrx_word' id='word_1_211' title='bbox 1097 1557 1172 1605; x_wconf 89' lang='lat' dir='ltr'>sed</span> <span class='ocrx_word' id='word_1_212' title='bbox 1195 1559 1325 1606; x_wconf 87' lang='lat' dir='ltr'>nullo</span> <span class='ocrx_word' id='word_1_213' title='bbox 1350 1576 1494 1623; x_wconf 87' lang='lat' dir='ltr'>prope</span> <span class='ocrx_word' id='word_1_214' title='bbox 1516 1560 1726 1609; x_wconf 81' lang='lat' dir='ltr'>successu.</span> <span class='ocrx_word' id='word_1_215' title='bbox 1786 1563 1925 1611; x_wconf 90' lang='lat' dir='ltr'>Divi-</span> 
     </span>
     <span class='ocr_line' id='line_1_23' title="bbox 129 1623 1925 1687; baseline 0.003 -17"><span class='ocrx_word' id='word_1_216' title='bbox 129 1623 204 1670; x_wconf 82' lang='lat' dir='ltr'>tiae</span> <span class='ocrx_word' id='word_1_217' title='bbox 228 1625 292 1672; x_wconf 89' lang='lat' dir='ltr'>eis</span> <span class='ocrx_word' id='word_1_218' title='bbox 314 1631 415 1672; x_wconf 74' lang='lat' dir='ltr'>lunt</span> <span class='ocrx_word' id='word_1_219' title='bbox 436 1642 462 1672; x_wconf 89' lang='lat' dir='ltr'>a</span> <span class='ocrx_word' id='word_1_220' title='bbox 483 1625 616 1681; x_wconf 83' lang='lat' dir='ltr'>mari,</span> <span class='ocrx_word' id='word_1_221' title='bbox 641 1625 699 1671; x_wconf 85' lang='lat' dir='ltr'>ab</span> <span class='ocrx_word' id='word_1_222' title='bbox 721 1624 851 1671; x_wconf 86' lang='lat' dir='ltr'>omni</span> <span class='ocrx_word' id='word_1_223' title='bbox 876 1636 1002 1687; x_wconf 88' lang='lat' dir='ltr'>parte</span> <span class='ocrx_word' id='word_1_224' title='bbox 1025 1623 1200 1671; x_wconf 87' lang='lat' dir='ltr'>summa</span> <span class='ocrx_word' id='word_1_225' title='bbox 1239 1624 1446 1687; x_wconf 88' lang='lat' dir='ltr'>piscandi</span> <span class='ocrx_word' id='word_1_226' title='bbox 1469 1627 1802 1674; x_wconf 88' lang='lat' dir='ltr'>commoditate</span> <span class='ocrx_word' id='word_1_227' title='bbox 1839 1629 1925 1676; x_wconf 86' lang='lat' dir='ltr'>ob-</span> 
     </span>
     <span class='ocr_line' id='line_1_24' title="bbox 124 1688 1923 1751; baseline 0.002 -15"><span class='ocrx_word' id='word_1_228' title='bbox 124 1688 264 1751; x_wconf 60' lang='lat' dir='ltr'>jecia.</span> <span class='ocrx_word' id='word_1_229' title='bbox 339 1691 414 1735; x_wconf 82' lang='lat' dir='ltr'>Ab</span> <span class='ocrx_word' id='word_1_230' title='bbox 435 1707 489 1736; x_wconf 89' lang='lat' dir='ltr'>ea</span> <span class='ocrx_word' id='word_1_231' title='bbox 511 1694 566 1737; x_wconf 90' lang='lat' dir='ltr'>ad</span> <span class='ocrx_word' id='word_1_232' title='bbox 591 1692 754 1737; x_wconf 86' lang='lat' dir='ltr'>decem</span> <span class='ocrx_word' id='word_1_233' title='bbox 776 1688 906 1736; x_wconf 86' lang='lat' dir='ltr'>milia</span> <span class='ocrx_word' id='word_1_234' title='bbox 947 1688 1303 1751; x_wconf 86' lang='lat' dir='ltr'>septentrionem</span> <span class='ocrx_word' id='word_1_235' title='bbox 1325 1690 1476 1737; x_wconf 81' lang='lat' dir='ltr'>versus</span> <span class='ocrx_word' id='word_1_236' title='bbox 1501 1693 1561 1737; x_wconf 88' lang='lat' dir='ltr'>est</span> <span class='ocrx_word' id='word_1_237' title='bbox 1605 1692 1723 1739; x_wconf 88' lang='lat' dir='ltr'>Zeal</span> <span class='ocrx_word' id='word_1_238' title='bbox 1748 1693 1830 1739; x_wconf 88' lang='lat' dir='ltr'>fita</span> <span class='ocrx_word' id='word_1_239' title='bbox 1851 1694 1923 1740; x_wconf 87' lang='lat' dir='ltr'>su-</span> 
     </span>
     <span class='ocr_line' id='line_1_25' title="bbox 127 1754 1924 1820; baseline 0.003 -20"><span class='ocrx_word' id='word_1_240' title='bbox 127 1769 214 1817; x_wconf 80' lang='lat' dir='ltr'>pra</span> <span class='ocrx_word' id='word_1_241' title='bbox 233 1754 406 1818; x_wconf 88' lang='lat' dir='ltr'>viginti</span> <span class='ocrx_word' id='word_1_242' title='bbox 425 1755 572 1805; x_wconf 83' lang='lat' dir='ltr'>millia</span> <span class='ocrx_word' id='word_1_243' title='bbox 588 1756 746 1820; x_wconf 81' lang='lat' dir='ltr'>longa,</span> <span class='ocrx_word' id='word_1_244' title='bbox 771 1757 875 1801; x_wconf 70' lang='lat' dir='ltr'>oc&#39;to</span> <span class='ocrx_word' id='word_1_245' title='bbox 900 1755 1004 1808; x_wconf 76' lang='lat' dir='ltr'>lata,</span> <span class='ocrx_word' id='word_1_246' title='bbox 1023 1754 1138 1800; x_wconf 87' lang='lat' dir='ltr'>adeo</span> <span class='ocrx_word' id='word_1_247' title='bbox 1161 1754 1270 1809; x_wconf 85' lang='lat' dir='ltr'>fera,</span> <span class='ocrx_word' id='word_1_248' title='bbox 1300 1766 1349 1801; x_wconf 90' lang='lat' dir='ltr'>ut</span> <span class='ocrx_word' id='word_1_249' title='bbox 1372 1756 1551 1802; x_wconf 85' lang='lat' dir='ltr'>nullum</span> <span class='ocrx_word' id='word_1_250' title='bbox 1573 1757 1739 1804; x_wconf 84' lang='lat' dir='ltr'>animal</span> <span class='ocrx_word' id='word_1_251' title='bbox 1762 1758 1840 1805; x_wconf 80' lang='lat' dir='ltr'>nis]</span> <span class='ocrx_word' id='word_1_252' title='bbox 1866 1758 1924 1805; x_wconf 87' lang='lat' dir='ltr'>il-</span> 
     </span>
     <span class='ocr_line' id='line_1_26' title="bbox 129 1818 1927 1887; baseline 0.003 -21"><span class='ocrx_word' id='word_1_253' title='bbox 129 1819 195 1866; x_wconf 87' lang='lat' dir='ltr'>lic</span> <span class='ocrx_word' id='word_1_254' title='bbox 217 1833 392 1875; x_wconf 85' lang='lat' dir='ltr'>natum,</span> <span class='ocrx_word' id='word_1_255' title='bbox 418 1820 548 1869; x_wconf 89' lang='lat' dir='ltr'>ferat.</span> <span class='ocrx_word' id='word_1_256' title='bbox 618 1822 672 1868; x_wconf 91' lang='lat' dir='ltr'>In</span> <span class='ocrx_word' id='word_1_257' title='bbox 713 1822 798 1867; x_wconf 81' lang='lat' dir='ltr'>hac</span> <span class='ocrx_word' id='word_1_258' title='bbox 834 1819 1040 1867; x_wconf 87' lang='lat' dir='ltr'>habitare</span> <span class='ocrx_word' id='word_1_259' title='bbox 1080 1818 1251 1867; x_wconf 86' lang='lat' dir='ltr'>dicitur</span> <span class='ocrx_word' id='word_1_260' title='bbox 1274 1822 1525 1869; x_wconf 84' lang='lat' dir='ltr'>Bremenfis</span> <span class='ocrx_word' id='word_1_261' title='bbox 1561 1836 1804 1879; x_wconf 88' lang='lat' dir='ltr'>mercator,</span> <span class='ocrx_word' id='word_1_262' title='bbox 1843 1824 1927 1887; x_wconf 88' lang='lat' dir='ltr'>qui</span> 
     </span>
     <span class='ocr_line' id='line_1_27' title="bbox 131 1884 1920 1952; baseline 0.003 -22"><span class='ocrx_word' id='word_1_263' title='bbox 131 1899 291 1931; x_wconf 89' lang='lat' dir='ltr'>omnes</span> <span class='ocrx_word' id='word_1_264' title='bbox 312 1902 484 1932; x_wconf 87' lang='lat' dir='ltr'>merces</span> <span class='ocrx_word' id='word_1_265' title='bbox 508 1886 730 1941; x_wconf 83' lang='lat' dir='ltr'>exoticas,</span> <span class='ocrx_word' id='word_1_266' title='bbox 750 1901 941 1949; x_wconf 82' lang='lat' dir='ltr'>quarum</span> <span class='ocrx_word' id='word_1_267' title='bbox 962 1884 1060 1931; x_wconf 87' lang='lat' dir='ltr'>illic</span> <span class='ocrx_word' id='word_1_268' title='bbox 1081 1885 1180 1932; x_wconf 88' lang='lat' dir='ltr'>usus</span> <span class='ocrx_word' id='word_1_269' title='bbox 1200 1886 1385 1933; x_wconf 85' lang='lat' dir='ltr'>abunde</span> <span class='ocrx_word' id='word_1_270' title='bbox 1407 1886 1624 1934; x_wconf 84' lang='lat' dir='ltr'>omnibus</span> <span class='ocrx_word' id='word_1_271' title='bbox 1640 1888 1920 1952; x_wconf 87' lang='lat' dir='ltr'>suppeditet,</span> 
     </span>
     <span class='ocr_line' id='line_1_28' title="bbox 137 1950 1922 2013; baseline 0.003 -17"><span class='ocrx_word' id='word_1_272' title='bbox 137 1952 208 2011; x_wconf 88' lang='lat'>(2)</span> <span class='ocrx_word' id='word_1_273' title='bbox 235 1963 449 2013; x_wconf 88' lang='lat' dir='ltr'>apportet</span> <span class='ocrx_word' id='word_1_274' title='bbox 501 1953 628 1999; x_wconf 88' lang='lat' dir='ltr'>Inter</span> <span class='ocrx_word' id='word_1_275' title='bbox 648 1953 784 2006; x_wconf 89' lang='lat' dir='ltr'>hane,</span> <span class='ocrx_word' id='word_1_276' title='bbox 810 1956 847 1999; x_wconf 68' lang='lat' dir='ltr'>St</span> <span class='ocrx_word' id='word_1_277' title='bbox 877 1950 1210 1998; x_wconf 84' lang='lat' dir='ltr'>Continentem</span> <span class='ocrx_word' id='word_1_278' title='bbox 1228 1951 1387 2012; x_wconf 87' lang='lat' dir='ltr'>jacent</span> <span class='ocrx_word' id='word_1_279' title='bbox 1407 1952 1562 2000; x_wconf 84' lang='lat' dir='ltr'>insulae</span> <span class='ocrx_word' id='word_1_280' title='bbox 1586 1952 1785 2001; x_wconf 87' lang='lat' dir='ltr'>minores</span> <span class='ocrx_word' id='word_1_281' title='bbox 1809 1955 1922 2002; x_wconf 79' lang='lat' dir='ltr'>Lin-</span> 
     </span>
     <span class='ocr_line' id='line_1_29' title="bbox 92 2016 1924 2083; baseline 0.003 -23"><span class='ocrx_word' id='word_1_282' title='bbox 92 2028 99 2031; x_wconf 78' lang='grc'><em>“</em></span> <span class='ocrx_word' id='word_1_283' title='bbox 131 2030 208 2076; x_wconf 85' lang='lat' dir='ltr'>ga,</span> <span class='ocrx_word' id='word_1_284' title='bbox 224 2017 369 2071; x_wconf 89' lang='lat' dir='ltr'>Orna,</span> <span class='ocrx_word' id='word_1_285' title='bbox 386 2017 550 2081; x_wconf 84' lang='lat' dir='ltr'>ssigga,</span> <span class='ocrx_word' id='word_1_286' title='bbox 571 2016 834 2064; x_wconf 63' lang='lat' dir='ltr'>Sanetferri.</span> <span class='ocrx_word' id='word_1_287' title='bbox 886 2017 1025 2064; x_wconf 85' lang='lat' dir='ltr'>Ultra</span> <span class='ocrx_word' id='word_1_288' title='bbox 1044 2018 1162 2063; x_wconf 89' lang='lat' dir='ltr'>hanc</span> <span class='ocrx_word' id='word_1_289' title='bbox 1182 2017 1365 2063; x_wconf 88' lang='lat' dir='ltr'>circiter</span> <span class='ocrx_word' id='word_1_290' title='bbox 1383 2035 1552 2064; x_wconf 87' lang='lat' dir='ltr'>novem</span> <span class='ocrx_word' id='word_1_291' title='bbox 1577 2018 1725 2065; x_wconf 85' lang='lat' dir='ltr'>millia</span> <span class='ocrx_word' id='word_1_292' title='bbox 1747 2020 1804 2066; x_wconf 87' lang='lat' dir='ltr'>ad</span> <span class='ocrx_word' id='word_1_293' title='bbox 1825 2020 1924 2083; x_wconf 86' lang='lat' dir='ltr'>sep-</span> 
     </span>
     <span class='ocr_line' id='line_1_30' title="bbox 132 2080 1924 2147; baseline 0.005 -24"><span class='ocrx_word' id='word_1_294' title='bbox 132 2080 410 2127; x_wconf 88' lang='lat' dir='ltr'>tentrionem</span> <span class='ocrx_word' id='word_1_295' title='bbox 435 2082 558 2143; x_wconf 90' lang='lat' dir='ltr'>jacet</span> <span class='ocrx_word' id='word_1_296' title='bbox 588 2083 746 2137; x_wconf 85' lang='lat' dir='ltr'>Vusta,</span> <span class='ocrx_word' id='word_1_297' title='bbox 780 2081 913 2147; x_wconf 86' lang='lat' dir='ltr'>supra</span> <span class='ocrx_word' id='word_1_298' title='bbox 943 2081 1114 2146; x_wconf 82' lang='lat' dir='ltr'>viginti</span> <span class='ocrx_word' id='word_1_299' title='bbox 1146 2081 1294 2129; x_wconf 87' lang='lat' dir='ltr'>millia</span> <span class='ocrx_word' id='word_1_300' title='bbox 1323 2082 1372 2129; x_wconf 91' lang='lat' dir='ltr'>in</span> <span class='ocrx_word' id='word_1_301' title='bbox 1399 2083 1592 2147; x_wconf 86' lang='lat' dir='ltr'>longum</span> <span class='ocrx_word' id='word_1_302' title='bbox 1624 2088 1848 2147; x_wconf 59' lang='lat' dir='ltr'>porreffli,</span> <span class='ocrx_word' id='word_1_303' title='bbox 1875 2086 1924 2133; x_wconf 87' lang='lat' dir='ltr'>in</span> 
     </span>
     <span class='ocr_line' id='line_1_31' title="bbox 133 2143 1923 2213; baseline 0.005 -25"><span class='ocrx_word' id='word_1_304' title='bbox 133 2143 277 2190; x_wconf 76' lang='lat' dir='ltr'>latum</span> <span class='ocrx_word' id='word_1_305' title='bbox 302 2145 392 2191; x_wconf 82' lang='lat' dir='ltr'>sex.</span> <span class='ocrx_word' id='word_1_306' title='bbox 462 2148 618 2201; x_wconf 82' lang='lat' dir='ltr'>Plana,</span> <span class='ocrx_word' id='word_1_307' title='bbox 652 2151 703 2195; x_wconf 65' lang='grc' dir='ltr'>ὅτ</span> <span class='ocrx_word' id='word_1_308' title='bbox 726 2146 905 2209; x_wconf 59' lang='lat' dir='ltr'>aliolui</span> <span class='ocrx_word' id='word_1_309' title='bbox 929 2163 1020 2193; x_wconf 84' lang='lat' dir='ltr'>non</span> <span class='ocrx_word' id='word_1_310' title='bbox 1044 2146 1278 2194; x_wconf 83' lang='lat' dir='ltr'>inamoena</span> <span class='ocrx_word' id='word_1_311' title='bbox 1300 2148 1498 2210; x_wconf 62' lang='lat' dir='ltr'>aspeftu,</span> <span class='ocrx_word' id='word_1_312' title='bbox 1523 2149 1605 2195; x_wconf 82' lang='lat' dir='ltr'>nifi</span> <span class='ocrx_word' id='word_1_313' title='bbox 1629 2151 1756 2212; x_wconf 72' lang='lat' dir='ltr'>quod</span> <span class='ocrx_word' id='word_1_314' title='bbox 1780 2150 1923 2213; x_wconf 70' lang='lat' dir='ltr'>longe</span> 
     </span>
     <span class='ocr_line' id='line_1_32' title="bbox 133 2207 1922 2275; baseline 0.006 -23"><span class='ocrx_word' id='word_1_315' title='bbox 133 2207 364 2256; x_wconf 66' lang='lat' dir='ltr'>saeviffimo</span> <span class='ocrx_word' id='word_1_316' title='bbox 387 2209 502 2256; x_wconf 78' lang='lat' dir='ltr'>mari</span> <span class='ocrx_word' id='word_1_317' title='bbox 521 2211 764 2258; x_wconf 84' lang='lat' dir='ltr'>ambiatur.</span> <span class='ocrx_word' id='word_1_318' title='bbox 802 2213 929 2257; x_wconf 91' lang='lat' dir='ltr'>Inter</span> <span class='ocrx_word' id='word_1_319' title='bbox 950 2212 1085 2266; x_wconf 87' lang='lat' dir='ltr'>hane,</span> <span class='ocrx_word' id='word_1_320' title='bbox 1107 2215 1158 2262; x_wconf 65' lang='grc' dir='ltr'>ὃς</span> <span class='ocrx_word' id='word_1_321' title='bbox 1183 2213 1300 2258; x_wconf 83' lang='lat' dir='ltr'>Zeal</span> <span class='ocrx_word' id='word_1_322' title='bbox 1324 2213 1424 2258; x_wconf 84' lang='lat' dir='ltr'>sunt</span> <span class='ocrx_word' id='word_1_323' title='bbox 1441 2212 1690 2275; x_wconf 58' lang='lat' dir='ltr'>interjetsstae</span> <span class='ocrx_word' id='word_1_324' title='bbox 1713 2213 1822 2269; x_wconf 83' lang='lat' dir='ltr'>Via,</span> <span class='ocrx_word' id='word_1_325' title='bbox 1850 2217 1922 2263; x_wconf 91' lang='lat' dir='ltr'>U-</span> 
     </span>
     <span class='ocr_line' id='line_1_33' title="bbox 129 2274 1915 2339; baseline 0.005 -21"><span class='ocrx_word' id='word_1_326' title='bbox 129 2290 196 2325; x_wconf 84' lang='lat' dir='ltr'>ra,</span> <span class='ocrx_word' id='word_1_327' title='bbox 224 2274 390 2338; x_wconf 69' lang='lat' dir='ltr'>Linga</span> <span class='ocrx_word' id='word_1_328' title='bbox 440 2277 581 2322; x_wconf 84' lang='lat' dir='ltr'>Extra</span> <span class='ocrx_word' id='word_1_329' title='bbox 597 2293 698 2323; x_wconf 90' lang='lat' dir='ltr'>eam</span> <span class='ocrx_word' id='word_1_330' title='bbox 722 2276 781 2322; x_wconf 89' lang='lat' dir='ltr'>ad</span> <span class='ocrx_word' id='word_1_331' title='bbox 801 2275 1090 2323; x_wconf 84' lang='lat' dir='ltr'>occidentem</span> <span class='ocrx_word' id='word_1_332' title='bbox 1113 2276 1361 2339; x_wconf 86' lang='lat' dir='ltr'>respiciunt</span> <span class='ocrx_word' id='word_1_333' title='bbox 1383 2277 1565 2325; x_wconf 73' lang='lat' dir='ltr'>Skeniae</span> <span class='ocrx_word' id='word_1_334' title='bbox 1587 2280 1707 2334; x_wconf 71' lang='lat' dir='ltr'>duae,</span> <span class='ocrx_word' id='word_1_335' title='bbox 1734 2281 1876 2327; x_wconf 79' lang='lat' dir='ltr'>Burra</span> <span class='ocrx_word' id='word_1_336' title='bbox 1899 2299 1915 2328; x_wconf 78' lang='lat' dir='ltr'>t</span> 
     </span>
     <span class='ocr_line' id='line_1_34' title="bbox 131 2337 1922 2407; baseline 0.006 -24"><span class='ocrx_word' id='word_1_337' title='bbox 131 2337 191 2384; x_wconf 86' lang='lat' dir='ltr'>ad</span> <span class='ocrx_word' id='word_1_338' title='bbox 213 2340 439 2386; x_wconf 88' lang='lat' dir='ltr'>orientem</span> <span class='ocrx_word' id='word_1_339' title='bbox 464 2342 609 2395; x_wconf 72' lang='lat' dir='ltr'>Basta,</span> <span class='ocrx_word' id='word_1_340' title='bbox 640 2343 887 2404; x_wconf 85' lang='lat' dir='ltr'>Honnega,</span> <span class='ocrx_word' id='word_1_341' title='bbox 911 2341 1096 2388; x_wconf 85' lang='lat' dir='ltr'>Fotlara</span> <span class='ocrx_word' id='word_1_342' title='bbox 1117 2342 1289 2405; x_wconf 85' lang='lat' dir='ltr'>septem</span> <span class='ocrx_word' id='word_1_343' title='bbox 1325 2342 1473 2389; x_wconf 86' lang='lat' dir='ltr'>millia</span> <span class='ocrx_word' id='word_1_344' title='bbox 1496 2344 1654 2407; x_wconf 83' lang='lat' dir='ltr'>longa,</span> <span class='ocrx_word' id='word_1_345' title='bbox 1680 2345 1738 2391; x_wconf 88' lang='lat' dir='ltr'>ab</span> <span class='ocrx_word' id='word_1_346' title='bbox 1780 2346 1922 2394; x_wconf 85' lang='lat' dir='ltr'>Vusta</span> 
     </span>
     <span class='ocr_line' id='line_1_35' title="bbox 131 2401 1920 2471; baseline 0.006 -23"><span class='ocrx_word' id='word_1_347' title='bbox 131 2401 303 2465; x_wconf 83' lang='lat' dir='ltr'>septem</span> <span class='ocrx_word' id='word_1_348' title='bbox 327 2406 510 2461; x_wconf 81' lang='lat' dir='ltr'>distans,</span> <span class='ocrx_word' id='word_1_349' title='bbox 540 2410 644 2454; x_wconf 62' lang='lat' dir='ltr'>octo</span> <span class='ocrx_word' id='word_1_350' title='bbox 666 2425 691 2453; x_wconf 90' lang='lat' dir='ltr'>a</span> <span class='ocrx_word' id='word_1_351' title='bbox 715 2407 860 2453; x_wconf 90' lang='lat' dir='ltr'>Zeale</span> <span class='ocrx_word' id='word_1_352' title='bbox 895 2425 905 2452; x_wconf 76' lang='grc' dir='ltr'>ε</span> <span class='ocrx_word' id='word_1_353' title='bbox 940 2419 986 2453; x_wconf 90' lang='lat' dir='ltr'>et</span> <span class='ocrx_word' id='word_1_354' title='bbox 1008 2407 1189 2469; x_wconf 63' lang='lat' dir='ltr'>objecta</span> <span class='ocrx_word' id='word_1_355' title='bbox 1209 2407 1344 2461; x_wconf 83' lang='lat' dir='ltr'>freto,</span> <span class='ocrx_word' id='word_1_356' title='bbox 1378 2409 1505 2471; x_wconf 77' lang='lat' dir='ltr'>quod</span> <span class='ocrx_word' id='word_1_357' title='bbox 1528 2409 1719 2456; x_wconf 78' lang='lat' dir='ltr'>Vustam</span> <span class='ocrx_word' id='word_1_358' title='bbox 1745 2428 1772 2457; x_wconf 91' lang='lat' dir='ltr'>a</span> <span class='ocrx_word' id='word_1_359' title='bbox 1792 2411 1920 2459; x_wconf 82' lang='lat' dir='ltr'>Zea-</span> 
     </span>
     <span class='ocr_line' id='line_1_36' title="bbox 131 2467 1925 2536; baseline 0.007 -24"><span class='ocrx_word' id='word_1_360' title='bbox 131 2467 175 2513; x_wconf 82' lang='lat' dir='ltr'>le</span> <span class='ocrx_word' id='word_1_361' title='bbox 197 2467 381 2516; x_wconf 88' lang='lat' dir='ltr'>dividit.</span> <span class='ocrx_word' id='word_1_362' title='bbox 451 2471 615 2519; x_wconf 68' lang='lat' dir='ltr'>Multae</span> <span class='ocrx_word' id='word_1_363' title='bbox 653 2472 869 2534; x_wconf 87' lang='lat' dir='ltr'>deinceps</span> <span class='ocrx_word' id='word_1_364' title='bbox 891 2470 1047 2519; x_wconf 85' lang='lat' dir='ltr'>insulae</span> <span class='ocrx_word' id='word_1_365' title='bbox 1086 2471 1317 2536; x_wconf 76' lang='lat' dir='ltr'>ignobiles</span> <span class='ocrx_word' id='word_1_366' title='bbox 1340 2473 1689 2536; x_wconf 74' lang='lat' dir='ltr'>praetenduntur</span> <span class='ocrx_word' id='word_1_367' title='bbox 1709 2475 1925 2524; x_wconf 82' lang='lat' dir='ltr'>orientali</span> 
     </span>
     <span class='ocr_line' id='line_1_37' title="bbox 133 2533 1921 2598; baseline 0.006 -19"><span class='ocrx_word' id='word_1_368' title='bbox 133 2533 430 2582; x_wconf 89' lang='lat' dir='ltr'>Continentis</span> <span class='ocrx_word' id='word_1_369' title='bbox 452 2536 585 2583; x_wconf 87' lang='lat' dir='ltr'>lateri</span> <span class='ocrx_word' id='word_1_370' title='bbox 608 2538 780 2592; x_wconf 89' lang='lat' dir='ltr'>Mecla,</span> <span class='ocrx_word' id='word_1_371' title='bbox 807 2536 988 2584; x_wconf 82' lang='lat' dir='ltr'>Skeniae</span> <span class='ocrx_word' id='word_1_372' title='bbox 1010 2536 1253 2584; x_wconf 84' lang='lat' dir='ltr'>orientales</span> <span class='ocrx_word' id='word_1_373' title='bbox 1273 2551 1381 2592; x_wconf 85' lang='lat' dir='ltr'>tres,</span> <span class='ocrx_word' id='word_1_374' title='bbox 1419 2539 1638 2594; x_wconf 85' lang='lat' dir='ltr'>Chualsa‚</span> <span class='ocrx_word' id='word_1_375' title='bbox 1666 2541 1921 2598; x_wconf 71' lang='lat' dir='ltr'>Nost-uada,</span> 
     </span>
     <span class='ocr_line' id='line_1_38' title="bbox 131 2599 1923 2670; baseline 0.006 -26"><span class='ocrx_word' id='word_1_376' title='bbox 131 2599 280 2654; x_wconf 88' lang='lat' dir='ltr'>Brasa,</span> <span class='ocrx_word' id='word_1_377' title='bbox 309 2611 350 2648; x_wconf 66' lang='lat' dir='ltr'>§c</span> <span class='ocrx_word' id='word_1_378' title='bbox 376 2600 525 2648; x_wconf 77' lang='lat' dir='ltr'>Musa,</span> <span class='ocrx_word' id='word_1_379' title='bbox 562 2602 702 2649; x_wconf 84' lang='lat' dir='ltr'>Latus</span> <span class='ocrx_word' id='word_1_380' title='bbox 725 2602 1013 2649; x_wconf 87' lang='lat' dir='ltr'>occidentale</span> <span class='ocrx_word' id='word_1_381' title='bbox 1036 2602 1231 2670; x_wconf 82' lang='lat' dir='ltr'>cingunt</span> <span class='ocrx_word' id='word_1_382' title='bbox 1254 2601 1434 2651; x_wconf 80' lang='lat' dir='ltr'>Skeniae</span> <span class='ocrx_word' id='word_1_383' title='bbox 1456 2604 1784 2662; x_wconf 85' lang='lat' dir='ltr'>occidentales,</span> <span class='ocrx_word' id='word_1_384' title='bbox 1805 2608 1923 2653; x_wconf 81' lang='lat' dir='ltr'>Rot-</span> 
     </span>
     <span class='ocr_line' id='line_1_39' title="bbox 131 2664 1923 2731; baseline 0.006 -22"><span class='ocrx_word' id='word_1_385' title='bbox 131 2664 212 2719; x_wconf 79' lang='lat' dir='ltr'>tia,</span> <span class='ocrx_word' id='word_1_386' title='bbox 239 2667 362 2728; x_wconf 88' lang='lat' dir='ltr'>Papa</span> <span class='ocrx_word' id='word_1_387' title='bbox 382 2682 539 2729; x_wconf 86' lang='lat' dir='ltr'>parva,</span> <span class='ocrx_word' id='word_1_388' title='bbox 564 2668 811 2723; x_wconf 89' lang='lat' dir='ltr'>Vonneda,</span> <span class='ocrx_word' id='word_1_389' title='bbox 837 2669 961 2731; x_wconf 88' lang='lat' dir='ltr'>Papa</span> <span class='ocrx_word' id='word_1_390' title='bbox 982 2667 1145 2729; x_wconf 87' lang='lat' dir='ltr'>major,</span> <span class='ocrx_word' id='word_1_391' title='bbox 1170 2668 1324 2723; x_wconf 75' lang='lat' dir='ltr'>Valia,</span> <span class='ocrx_word' id='word_1_392' title='bbox 1351 2669 1584 2725; x_wconf 87' lang='lat' dir='ltr'>Trondra,</span> <span class='ocrx_word' id='word_1_393' title='bbox 1611 2672 1768 2726; x_wconf 83' lang='lat' dir='ltr'>Burra,</span> <span class='ocrx_word' id='word_1_394' title='bbox 1790 2673 1923 2719; x_wconf 81' lang='lat' dir='ltr'>Hau·-</span> 
     </span>
     <span class='ocr_line' id='line_1_40' title="bbox 130 2731 1885 2799; baseline 0.006 -25"><span class='ocrx_word' id='word_1_395' title='bbox 130 2744 181 2775; x_wconf 85' lang='lat' dir='ltr'>ra</span> <span class='ocrx_word' id='word_1_396' title='bbox 203 2731 364 2791; x_wconf 89' lang='lat' dir='ltr'>major,</span> <span class='ocrx_word' id='word_1_397' title='bbox 381 2733 544 2782; x_wconf 83' lang='lat' dir='ltr'>Haura</span> <span class='ocrx_word' id='word_1_398' title='bbox 559 2731 727 2789; x_wconf 88' lang='lat' dir='ltr'>minor,</span> <span class='ocrx_word' id='word_1_399' title='bbox 745 2740 795 2783; x_wconf 78' lang='lat'>&amp;</span> <span class='ocrx_word' id='word_1_400' title='bbox 815 2733 936 2780; x_wconf 83' lang='lat' dir='ltr'>inter</span> <span class='ocrx_word' id='word_1_401' title='bbox 953 2750 1026 2780; x_wconf 89' lang='lat' dir='ltr'>eas</span> <span class='ocrx_word' id='word_1_402' title='bbox 1047 2732 1241 2780; x_wconf 80' lang='lat' dir='ltr'>totidem</span> <span class='ocrx_word' id='word_1_403' title='bbox 1266 2733 1358 2781; x_wconf 89' lang='lat' dir='ltr'>fere</span> <span class='ocrx_word' id='word_1_404' title='bbox 1378 2735 1567 2782; x_wconf 79' lang='lat' dir='ltr'>Holmae</span> <span class='ocrx_word' id='word_1_405' title='bbox 1589 2736 1885 2799; x_wconf 85' lang='lat' dir='ltr'>intersparsae.</span> 
     </span>
    </p>
   </div>
   <div class='ocr_carea' id='block_1_3' title="bbox 130 2828 1008 2900">
    <p class='ocr_par' dir='ltr' id='par_1_5' title="bbox 130 2828 1008 2900">
     <span class='ocr_line' id='line_1_41' title="bbox 130 2828 1008 2900; baseline 0.006 -13"><span class='ocrx_word' id='word_1_406' title='bbox 130 2862 131 2865; x_wconf 74' lang='grc'>’</span> <span class='ocrx_word' id='word_1_407' title='bbox 185 2850 247 2900; x_wconf 80' lang='lat'>(1)</span> <span class='ocrx_word' id='word_1_408' title='bbox 276 2851 332 2888; x_wconf 84' lang='lat' dir='ltr'>Ex</span> <span class='ocrx_word' id='word_1_409' title='bbox 351 2851 438 2890; x_wconf 82' lang='lat' dir='ltr'>MS.</span> <span class='ocrx_word' id='word_1_410' title='bbox 480 2851 577 2890; x_wconf 84' lang='lat' dir='ltr'>Mox</span> <span class='ocrx_word' id='word_1_411' title='bbox 595 2855 637 2890; x_wconf 91' lang='lat' dir='ltr'>ad</span> <span class='ocrx_word' id='word_1_412' title='bbox 656 2828 890 2891; x_wconf 74' lang='lat' dir='ltr'>occidentem</span> <span class='ocrx_word' id='word_1_413' title='bbox 908 2842 1008 2891; x_wconf 23' lang='lat' dir='ltr'>duae⁷</span> 
     </span>
    </p>
   </div>
   <div class='ocr_carea' id='block_1_4' title="bbox 130 2852 1921 2957">
    <p class='ocr_par' dir='ltr' id='par_1_6' title="bbox 130 2852 1921 2957">
     <span class='ocr_line' id='line_1_42' title="bbox 1058 2852 1921 2906; baseline 0.007 -16"><span class='ocrx_word' id='word_1_414' title='bbox 1058 2853 1180 2890; x_wconf 82' lang='lat' dir='ltr'>multa</span> <span class='ocrx_word' id='word_1_415' title='bbox 1215 2866 1324 2903; x_wconf 81' lang='lat' dir='ltr'>parva</span> <span class='ocrx_word' id='word_1_416' title='bbox 1366 2853 1400 2891; x_wconf 78' lang='lat' dir='ltr'>se</span> <span class='ocrx_word' id='word_1_417' title='bbox 1451 2852 1618 2905; x_wconf 79' lang='lat' dir='ltr'>spargens</span> <span class='ocrx_word' id='word_1_418' title='bbox 1653 2858 1921 2906; x_wconf 69' lang='lat' dir='ltr'>promontoria.</span> 
     </span>
     <span class='ocr_line' id='line_1_43' title="bbox 130 2903 994 2957; baseline 0.003 -15"><span class='ocrx_word' id='word_1_419' title='bbox 130 2903 265 2942; x_wconf 83' lang='lat' dir='ltr'>insulae</span> <span class='ocrx_word' id='word_1_420' title='bbox 296 2919 431 2954; x_wconf 82' lang='lat' dir='ltr'>parvae,</span> <span class='ocrx_word' id='word_1_421' title='bbox 469 2906 598 2953; x_wconf 81' lang='lat' dir='ltr'>Gersa‚</span> <span class='ocrx_word' id='word_1_422' title='bbox 620 2908 751 2957; x_wconf 77' lang='lat' dir='ltr'>Vera5</span> <span class='ocrx_word' id='word_1_423' title='bbox 802 2910 837 2945; x_wconf 73' lang='grc' dir='ltr'>δε</span> <span class='ocrx_word' id='word_1_424' title='bbox 869 2907 994 2956; x_wconf 74' lang='lat' dir='ltr'>Eglisa</span> 
     </span>
    </p>
   </div>
   <div class='ocr_carea' id='block_1_5' title="bbox 1059 2908 1921 2962">
    <p class='ocr_par' dir='ltr' id='par_1_7' title="bbox 1059 2908 1921 2962">
     <span class='ocr_line' id='line_1_44' title="bbox 1059 2908 1921 2962; baseline 0.007 -18"><span class='ocrx_word' id='word_1_425' title='bbox 1059 2908 1176 2957; x_wconf 79' lang='lat' dir='ltr'>Supra</span> <span class='ocrx_word' id='word_1_426' title='bbox 1195 2909 1396 2946; x_wconf 75' lang='lat' dir='ltr'>Stronzam</span> <span class='ocrx_word' id='word_1_427' title='bbox 1411 2910 1454 2945; x_wconf 74' lang='lat' dir='ltr'>ad</span> <span class='ocrx_word' id='word_1_428' title='bbox 1474 2911 1698 2947; x_wconf 78' lang='lat' dir='ltr'>orientalem</span> <span class='ocrx_word' id='word_1_429' title='bbox 1715 2913 1827 2949; x_wconf 76' lang='lat' dir='ltr'>Ethae</span> <span class='ocrx_word' id='word_1_430' title='bbox 1843 2913 1921 2962; x_wconf 85' lang='lat' dir='ltr'>pla-</span> 
     </span>
    </p>
   </div>
   <div class='ocr_carea' id='block_1_6' title="bbox 130 2960 999 3705">
    <p class='ocr_par' dir='ltr' id='par_1_8' title="bbox 130 2960 999 3705">
     <span class='ocr_line' id='line_1_45' title="bbox 130 2960 992 3011; baseline 0.003 -17"><span class='ocrx_word' id='word_1_431' title='bbox 130 2966 288 3009; x_wconf 71' lang='lat' dir='ltr'>quatuor</span> <span class='ocrx_word' id='word_1_432' title='bbox 305 2960 430 2996; x_wconf 84' lang='lat' dir='ltr'>millia</span> <span class='ocrx_word' id='word_1_433' title='bbox 447 2960 572 3008; x_wconf 79' lang='lat' dir='ltr'>longa,</span> <span class='ocrx_word' id='word_1_434' title='bbox 598 2960 638 2997; x_wconf 90' lang='lat' dir='ltr'>in</span> <span class='ocrx_word' id='word_1_435' title='bbox 655 2975 727 3010; x_wconf 84' lang='lat' dir='ltr'>qua</span> <span class='ocrx_word' id='word_1_436' title='bbox 746 2961 905 3011; x_wconf 84' lang='lat' dir='ltr'>sepultus</span> <span class='ocrx_word' id='word_1_437' title='bbox 923 2961 992 2999; x_wconf 79' lang='lat' dir='ltr'>effe</span> 
     </span>
     <span class='ocr_line' id='line_1_46' title="bbox 131 3011 990 3061; baseline 0.006 -14"><span class='ocrx_word' id='word_1_438' title='bbox 131 3011 268 3048; x_wconf 78' lang='lat' dir='ltr'>dicitur</span> <span class='ocrx_word' id='word_1_439' title='bbox 285 3013 334 3049; x_wconf 92' lang='lat' dir='ltr'>D.</span> <span class='ocrx_word' id='word_1_440' title='bbox 357 3013 533 3061; x_wconf 79' lang='lat' dir='ltr'>Magnus.</span> <span class='ocrx_word' id='word_1_441' title='bbox 576 3015 660 3051; x_wconf 88' lang='lat' dir='ltr'>Post</span> <span class='ocrx_word' id='word_1_442' title='bbox 676 3017 773 3051; x_wconf 88' lang='lat' dir='ltr'>hanc</span> <span class='ocrx_word' id='word_1_443' title='bbox 791 3015 990 3052; x_wconf 79' lang='lat' dir='ltr'>continen-</span> 
     </span>
     <span class='ocr_line' id='line_1_47' title="bbox 131 3063 997 3117; baseline 0.006 -17"><span class='ocrx_word' id='word_1_444' title='bbox 131 3063 163 3100; x_wconf 77' lang='lat' dir='ltr'>ti</span> <span class='ocrx_word' id='word_1_445' title='bbox 183 3067 330 3114; x_wconf 84' lang='lat' dir='ltr'>propior</span> <span class='ocrx_word' id='word_1_446' title='bbox 358 3066 474 3113; x_wconf 86' lang='lat' dir='ltr'>Rusa,</span> <span class='ocrx_word' id='word_1_447' title='bbox 496 3068 607 3115; x_wconf 85' lang='lat' dir='ltr'>longa</span> <span class='ocrx_word' id='word_1_448' title='bbox 625 3077 784 3117; x_wconf 84' lang='lat' dir='ltr'>quatuor</span> <span class='ocrx_word' id='word_1_449' title='bbox 803 3070 940 3116; x_wconf 85' lang='lat' dir='ltr'>millia,</span> <span class='ocrx_word' id='word_1_450' title='bbox 961 3071 997 3105; x_wconf 77' lang='grc' dir='ltr'>δε</span> 
     </span>
     <span class='ocr_line' id='line_1_48' title="bbox 130 3118 998 3170; baseline 0.007 -16"><span class='ocrx_word' id='word_1_451' title='bbox 130 3118 208 3154; x_wconf 73' lang='lat' dir='ltr'>lata</span> <span class='ocrx_word' id='word_1_452' title='bbox 222 3120 360 3156; x_wconf 88' lang='lat' dir='ltr'>alicubi</span> <span class='ocrx_word' id='word_1_453' title='bbox 375 3122 462 3166; x_wconf 82' lang='lat' dir='ltr'>tria,</span> <span class='ocrx_word' id='word_1_454' title='bbox 481 3120 655 3170; x_wconf 88' lang='lat' dir='ltr'>frequens</span> <span class='ocrx_word' id='word_1_455' title='bbox 672 3123 889 3161; x_wconf 86' lang='lat' dir='ltr'>cultoribus.</span> <span class='ocrx_word' id='word_1_456' title='bbox 923 3122 998 3160; x_wconf 88' lang='lat' dir='ltr'>Ul-</span> 
     </span>
     <span class='ocr_line' id='line_1_49' title="bbox 130 3174 999 3228; baseline 0.008 -21"><span class='ocrx_word' id='word_1_457' title='bbox 130 3180 189 3208; x_wconf 84' lang='lat' dir='ltr'>tra</span> <span class='ocrx_word' id='word_1_458' title='bbox 207 3184 290 3209; x_wconf 87' lang='lat' dir='ltr'>eam</span> <span class='ocrx_word' id='word_1_459' title='bbox 319 3175 363 3210; x_wconf 90' lang='lat' dir='ltr'>ad</span> <span class='ocrx_word' id='word_1_460' title='bbox 396 3174 628 3211; x_wconf 86' lang='lat' dir='ltr'>occidentem</span> <span class='ocrx_word' id='word_1_461' title='bbox 649 3188 770 3225; x_wconf 69' lang='lat' dir='ltr'>«parva</span> <span class='ocrx_word' id='word_1_462' title='bbox 797 3176 919 3228; x_wconf 74' lang='lat' dir='ltr'>insula</span> <span class='ocrx_word' id='word_1_463' title='bbox 948 3176 999 3213; x_wconf 84' lang='lat' dir='ltr'>est</span> 
     </span>
     <span class='ocr_line' id='line_1_50' title="bbox 133 3223 994 3280; baseline 0.008 -20"><span class='ocrx_word' id='word_1_464' title='bbox 133 3223 267 3262; x_wconf 86' lang='lat' dir='ltr'>Broca.</span> <span class='ocrx_word' id='word_1_465' title='bbox 320 3227 436 3275; x_wconf 80' lang='lat' dir='ltr'>Supra</span> <span class='ocrx_word' id='word_1_466' title='bbox 453 3227 519 3264; x_wconf 85' lang='lat' dir='ltr'>has</span> <span class='ocrx_word' id='word_1_467' title='bbox 538 3231 581 3265; x_wconf 90' lang='lat' dir='ltr'>ad</span> <span class='ocrx_word' id='word_1_468' title='bbox 602 3230 878 3279; x_wconf 72' lang='lat' dir='ltr'>Septentriones</span> <span class='ocrx_word' id='word_1_469' title='bbox 892 3230 994 3280; x_wconf 79' lang='lat' dir='ltr'>jacet</span> 
     </span>
     <span class='ocr_line' id='line_1_51' title="bbox 132 3277 994 3333; baseline 0.008 -19"><span class='ocrx_word' id='word_1_470' title='bbox 132 3278 228 3315; x_wconf 84' lang='lat' dir='ltr'>alius</span> <span class='ocrx_word' id='word_1_471' title='bbox 247 3277 452 3317; x_wconf 75' lang='lat' dir='ltr'>insularum</span> <span class='ocrx_word' id='word_1_472' title='bbox 479 3282 656 3328; x_wconf 63' lang='lat' dir='ltr'>trastuse</span> <span class='ocrx_word' id='word_1_473' title='bbox 675 3285 809 3332; x_wconf 84' lang='lat' dir='ltr'>quibus</span> <span class='ocrx_word' id='word_1_474' title='bbox 826 3283 994 3333; x_wconf 83' lang='lat' dir='ltr'>proxime</span> 
     </span>
     <span class='ocr_line' id='line_1_52' title="bbox 131 3333 994 3386; baseline 0.008 -19"><span class='ocrx_word' id='word_1_475' title='bbox 131 3333 317 3368; x_wconf 82' lang='lat' dir='ltr'>orientem</span> <span class='ocrx_word' id='word_1_476' title='bbox 341 3333 451 3381; x_wconf 72' lang='lat' dir='ltr'>posita</span> <span class='ocrx_word' id='word_1_477' title='bbox 467 3335 518 3371; x_wconf 87' lang='lat' dir='ltr'>est</span> <span class='ocrx_word' id='word_1_478' title='bbox 535 3336 706 3384; x_wconf 80' lang='lat' dir='ltr'>Stronza,</span> <span class='ocrx_word' id='word_1_479' title='bbox 728 3338 883 3386; x_wconf 83' lang='lat' dir='ltr'>&amp;juxta</span> <span class='ocrx_word' id='word_1_480' title='bbox 909 3348 994 3373; x_wconf 83' lang='lat' dir='ltr'>eam</span> 
     </span>
     <span class='ocr_line' id='line_1_53' title="bbox 132 3386 994 3437; baseline 0.007 -16"><span class='ocrx_word' id='word_1_481' title='bbox 132 3386 267 3433; x_wconf 77' lang='lat' dir='ltr'>nga,</span> <span class='ocrx_word' id='word_1_482' title='bbox 288 3386 328 3423; x_wconf 88' lang='lat' dir='ltr'>in</span> <span class='ocrx_word' id='word_1_483' title='bbox 350 3387 506 3434; x_wconf 78' lang='lat' dir='ltr'>longum</span> <span class='ocrx_word' id='word_1_484' title='bbox 525 3388 702 3437; x_wconf 83' lang='lat' dir='ltr'>quinque,</span> <span class='ocrx_word' id='word_1_485' title='bbox 722 3390 762 3427; x_wconf 86' lang='lat' dir='ltr'>in</span> <span class='ocrx_word' id='word_1_486' title='bbox 782 3391 901 3427; x_wconf 87' lang='lat' dir='ltr'>latum</span> <span class='ocrx_word' id='word_1_487' title='bbox 921 3391 994 3426; x_wconf 88' lang='lat' dir='ltr'>duo</span> 
     </span>
     <span class='ocr_line' id='line_1_54' title="bbox 133 3438 992 3494; baseline 0.005 -19"><span class='ocrx_word' id='word_1_488' title='bbox 133 3438 259 3476; x_wconf 87' lang='lat' dir='ltr'>millia</span> <span class='ocrx_word' id='word_1_489' title='bbox 292 3439 461 3489; x_wconf 81' lang='lat' dir='ltr'>passuum</span> <span class='ocrx_word' id='word_1_490' title='bbox 491 3451 675 3489; x_wconf 85' lang='lat' dir='ltr'>protenta,</span> <span class='ocrx_word' id='word_1_491' title='bbox 713 3443 992 3494; x_wconf 71' lang='lat' dir='ltr'>compluresque</span> 
     </span>
     <span class='ocr_line' id='line_1_55' title="bbox 131 3491 992 3544; baseline 0.007 -16"><span class='ocrx_word' id='word_1_492' title='bbox 131 3491 301 3530; x_wconf 67' lang='lat' dir='ltr'>Holmae.</span> <span class='ocrx_word' id='word_1_493' title='bbox 367 3494 467 3530; x_wconf 81' lang='lat' dir='ltr'>Et&#39;na</span> <span class='ocrx_word' id='word_1_494' title='bbox 502 3493 536 3530; x_wconf 86' lang='lat' dir='ltr'>se</span> <span class='ocrx_word' id='word_1_495' title='bbox 574 3496 729 3544; x_wconf 79' lang='lat' dir='ltr'>porrigit</span> <span class='ocrx_word' id='word_1_496' title='bbox 762 3498 802 3534; x_wconf 80' lang='lat' dir='ltr'>in</span> <span class='ocrx_word' id='word_1_497' title='bbox 837 3496 992 3544; x_wconf 70' lang='lat' dir='ltr'>longum</span> 
     </span>
     <span class='ocr_line' id='line_1_56' title="bbox 133 3547 990 3599; baseline 0.006 -18"><span class='ocrx_word' id='word_1_498' title='bbox 133 3557 313 3595; x_wconf 79' lang='lat' dir='ltr'>quinque,</span> <span class='ocrx_word' id='word_1_499' title='bbox 346 3547 385 3583; x_wconf 85' lang='lat' dir='ltr'>in</span> <span class='ocrx_word' id='word_1_500' title='bbox 416 3548 535 3583; x_wconf 87' lang='lat' dir='ltr'>latum</span> <span class='ocrx_word' id='word_1_501' title='bbox 564 3550 637 3585; x_wconf 87' lang='lat' dir='ltr'>duo</span> <span class='ocrx_word' id='word_1_502' title='bbox 667 3551 790 3588; x_wconf 67' lang='lat' dir='ltr'>millia</span> <span class='ocrx_word' id='word_1_503' title='bbox 809 3550 990 3599; x_wconf 66' lang='lat' dir='ltr'>passuum,</span> 
     </span>
     <span class='ocr_line' id='line_1_57' title="bbox 134 3597 992 3650; baseline 0.006 -16"><span class='ocrx_word' id='word_1_504' title='bbox 134 3597 194 3634; x_wconf 87' lang='lat' dir='ltr'>cui</span> <span class='ocrx_word' id='word_1_505' title='bbox 214 3602 258 3636; x_wconf 85' lang='lat' dir='ltr'>ad</span> <span class='ocrx_word' id='word_1_506' title='bbox 275 3601 458 3637; x_wconf 85' lang='lat' dir='ltr'>orientem</span> <span class='ocrx_word' id='word_1_507' title='bbox 479 3602 621 3650; x_wconf 85' lang='lat' dir='ltr'>adjacet</span> <span class='ocrx_word' id='word_1_508' title='bbox 637 3602 742 3640; x_wconf 79' lang='lat' dir='ltr'>Fara.</span> <span class='ocrx_word' id='word_1_509' title='bbox 783 3605 891 3640; x_wconf 88' lang='lat' dir='ltr'>Ultra</span> <span class='ocrx_word' id='word_1_510' title='bbox 909 3615 992 3639; x_wconf 81' lang='lat' dir='ltr'>eam</span> 
     </span>
     <span class='ocr_line' id='line_1_58' title="bbox 136 3649 992 3705; baseline 0.009 -17"><span class='ocrx_word' id='word_1_511' title='bbox 136 3649 235 3690; x_wconf 86' lang='lat' dir='ltr'>inter</span> <span class='ocrx_word' id='word_1_512' title='bbox 268 3654 572 3705; x_wconf 84' lang='lat' dir='ltr'>Septentrionem</span> <span class='ocrx_word' id='word_1_513' title='bbox 607 3658 768 3696; x_wconf 76' lang='lat' dir='ltr'>excurrit</span> <span class='ocrx_word' id='word_1_514' title='bbox 785 3657 931 3704; x_wconf 81' lang='lat' dir='ltr'>Vestra,</span> <span class='ocrx_word' id='word_1_515' title='bbox 951 3657 992 3694; x_wconf 88' lang='lat' dir='ltr'>in</span> 
     </span>
    </p>
   </div>
   <div class='ocr_carea' id='block_1_7' title="bbox 1056 2960 1925 3599">
    <p class='ocr_par' dir='ltr' id='par_1_9' title="bbox 1056 2960 1925 3599">
     <span class='ocr_line' id='line_1_59' title="bbox 1059 2960 1924 3013; baseline 0.006 -16"><span class='ocrx_word' id='word_1_516' title='bbox 1059 2974 1144 3009; x_wconf 81' lang='lat' dir='ltr'>gam</span> <span class='ocrx_word' id='word_1_517' title='bbox 1174 2960 1208 2998; x_wconf 84' lang='lat' dir='ltr'>se</span> <span class='ocrx_word' id='word_1_518' title='bbox 1223 2963 1428 3012; x_wconf 76' lang='lat' dir='ltr'>exporrigit</span> <span class='ocrx_word' id='word_1_519' title='bbox 1446 2963 1484 2999; x_wconf 85' lang='lat' dir='ltr'>in</span> <span class='ocrx_word' id='word_1_520' title='bbox 1505 2964 1815 3013; x_wconf 81' lang='lat' dir='ltr'>Septentrionem·</span> <span class='ocrx_word' id='word_1_521' title='bbox 1829 2970 1924 3004; x_wconf 67' lang='lat' dir='ltr'>San-</span> 
     </span>
     <span class='ocr_line' id='line_1_60' title="bbox 1063 3016 1924 3068; baseline 0.007 -17"><span class='ocrx_word' id='word_1_522' title='bbox 1063 3017 1121 3060; x_wconf 82' lang='lat' dir='ltr'>da,</span> <span class='ocrx_word' id='word_1_523' title='bbox 1141 3020 1269 3052; x_wconf 83' lang='lat' dir='ltr'>decem</span> <span class='ocrx_word' id='word_1_524' title='bbox 1287 3016 1328 3053; x_wconf 88' lang='lat' dir='ltr'>in</span> <span class='ocrx_word' id='word_1_525' title='bbox 1348 3017 1504 3064; x_wconf 80' lang='lat' dir='ltr'>longum</span> <span class='ocrx_word' id='word_1_526' title='bbox 1534 3018 1672 3064; x_wconf 85' lang='lat' dir='ltr'>millia,</span> <span class='ocrx_word' id='word_1_527' title='bbox 1692 3029 1850 3068; x_wconf 67' lang='lat' dir='ltr'>quatuor</span> <span class='ocrx_word' id='word_1_528' title='bbox 1866 3021 1924 3058; x_wconf 85' lang='lat' dir='ltr'>la-</span> 
     </span>
     <span class='ocr_line' id='line_1_61' title="bbox 1062 3069 1924 3121; baseline 0.007 -16"><span class='ocrx_word' id='word_1_529' title='bbox 1062 3075 1115 3114; x_wconf 85' lang='lat' dir='ltr'>ta,</span> <span class='ocrx_word' id='word_1_530' title='bbox 1135 3069 1200 3106; x_wconf 87' lang='lat' dir='ltr'>ubi</span> <span class='ocrx_word' id='word_1_531' title='bbox 1219 3070 1407 3107; x_wconf 76' lang='lat' dir='ltr'>latiffima.</span> <span class='ocrx_word' id='word_1_532' title='bbox 1466 3072 1518 3108; x_wconf 84' lang='lat' dir='ltr'>Ea</span> <span class='ocrx_word' id='word_1_533' title='bbox 1538 3069 1642 3120; x_wconf 82' lang='lat' dir='ltr'>supra</span> <span class='ocrx_word' id='word_1_534' title='bbox 1663 3074 1825 3121; x_wconf 70' lang='lat' dir='ltr'>reliquas</span> <span class='ocrx_word' id='word_1_535' title='bbox 1842 3073 1924 3111; x_wconf 42' lang='lat' dir='ltr'>frua</span> 
     </span>
     <span class='ocr_line' id='line_1_62' title="bbox 1063 3120 1922 3172; baseline 0.007 -14"><span class='ocrx_word' id='word_1_536' title='bbox 1063 3134 1152 3170; x_wconf 86' lang='lat' dir='ltr'>gum</span> <span class='ocrx_word' id='word_1_537' title='bbox 1172 3122 1224 3159; x_wconf 87' lang='lat' dir='ltr'>est</span> <span class='ocrx_word' id='word_1_538' title='bbox 1240 3122 1390 3169; x_wconf 77' lang='lat' dir='ltr'>fertilis,</span> <span class='ocrx_word' id='word_1_539' title='bbox 1411 3120 1470 3160; x_wconf 83' lang='lat' dir='ltr'>sed</span> <span class='ocrx_word' id='word_1_540' title='bbox 1497 3124 1596 3172; x_wconf 88' lang='lat' dir='ltr'>ignis</span> <span class='ocrx_word' id='word_1_541' title='bbox 1626 3129 1783 3163; x_wconf 79' lang='lat' dir='ltr'>materia</span> <span class='ocrx_word' id='word_1_542' title='bbox 1816 3127 1922 3164; x_wconf 84' lang='lat' dir='ltr'>omni</span> 
     </span>
     <span class='ocr_line' id='line_1_63' title="bbox 1064 3176 1923 3229; baseline 0.006 -17"><span class='ocrx_word' id='word_1_543' title='bbox 1064 3176 1288 3214; x_wconf 81' lang='lat' dir='ltr'>destituitur.</span> <span class='ocrx_word' id='word_1_544' title='bbox 1320 3178 1450 3226; x_wconf 81' lang='lat' dir='ltr'>Itaque</span> <span class='ocrx_word' id='word_1_545' title='bbox 1469 3178 1573 3226; x_wconf 84' lang='lat' dir='ltr'>nigra</span> <span class='ocrx_word' id='word_1_546' title='bbox 1592 3187 1701 3225; x_wconf 89' lang='lat' dir='ltr'>terra,</span> <span class='ocrx_word' id='word_1_547' title='bbox 1720 3180 1826 3229; x_wconf 85' lang='lat' dir='ltr'>cujus</span> <span class='ocrx_word' id='word_1_548' title='bbox 1843 3182 1923 3229; x_wconf 88' lang='lat' dir='ltr'>gle-</span> 
     </span>
     <span class='ocr_line' id='line_1_64' title="bbox 1065 3229 1925 3285; baseline 0.008 -20"><span class='ocrx_word' id='word_1_549' title='bbox 1065 3229 1120 3266; x_wconf 85' lang='lat' dir='ltr'>bis</span> <span class='ocrx_word' id='word_1_550' title='bbox 1139 3231 1182 3278; x_wconf 82' lang='lat' dir='ltr'>ad</span> <span class='ocrx_word' id='word_1_551' title='bbox 1209 3230 1338 3278; x_wconf 73' lang='lat' dir='ltr'>ignem</span> <span class='ocrx_word' id='word_1_552' title='bbox 1355 3245 1467 3281; x_wconf 81' lang='lat' dir='ltr'>prope</span> <span class='ocrx_word' id='word_1_553' title='bbox 1489 3245 1618 3274; x_wconf 80' lang='lat' dir='ltr'>omnes</span> <span class='ocrx_word' id='word_1_554' title='bbox 1644 3232 1814 3271; x_wconf 81' lang='lat' dir='ltr'>nationes</span> <span class='ocrx_word' id='word_1_555' title='bbox 1843 3233 1925 3285; x_wconf 86' lang='lat' dir='ltr'>sep-</span> 
     </span>
     <span class='ocr_line' id='line_1_65' title="bbox 1056 3282 1924 3336; baseline 0.008 -18"><span class='ocrx_word' id='word_1_556' title='bbox 1056 3282 1301 3320; x_wconf 78' lang='lat' dir='ltr'>tentrionales</span> <span class='ocrx_word' id='word_1_557' title='bbox 1315 3293 1720 3331; x_wconf 78' lang='lat' dir='ltr'>utuntur‚commeatus</span> <span class='ocrx_word' id='word_1_558' title='bbox 1732 3296 1924 3336; x_wconf 80' lang='lat' dir='ltr'>permuta·</span> 
     </span>
     <span class='ocr_line' id='line_1_66' title="bbox 1057 3335 1924 3381; baseline 0.009 -9"><span class='ocrx_word' id='word_1_559' title='bbox 1057 3335 1162 3373; x_wconf 77' lang='lat' dir='ltr'>tione</span> <span class='ocrx_word' id='word_1_560' title='bbox 1180 3349 1201 3373; x_wconf 88' lang='lat' dir='ltr'>a</span> <span class='ocrx_word' id='word_1_561' title='bbox 1220 3337 1352 3381; x_wconf 87' lang='lat' dir='ltr'>vicinis</span> <span class='ocrx_word' id='word_1_562' title='bbox 1383 3338 1543 3376; x_wconf 73' lang='lat' dir='ltr'>Ethanis</span> <span class='ocrx_word' id='word_1_563' title='bbox 1562 3349 1787 3377; x_wconf 74' lang='lat' dir='ltr'>mercantur.</span> <span class='ocrx_word' id='word_1_564' title='bbox 1846 3343 1924 3380; x_wconf 74' lang='lat' dir='ltr'>Ul·-</span> 
     </span>
     <span class='ocr_line' id='line_1_67' title="bbox 1057 3391 1920 3443; baseline 0.007 -18"><span class='ocrx_word' id='word_1_565' title='bbox 1057 3397 1117 3425; x_wconf 86' lang='lat' dir='ltr'>tra</span> <span class='ocrx_word' id='word_1_566' title='bbox 1153 3391 1316 3428; x_wconf 85' lang='lat' dir='ltr'>Sandam</span> <span class='ocrx_word' id='word_1_567' title='bbox 1348 3392 1399 3428; x_wconf 84' lang='lat' dir='ltr'>est</span> <span class='ocrx_word' id='word_1_568' title='bbox 1433 3405 1545 3441; x_wconf 87' lang='lat' dir='ltr'>quam</span> <span class='ocrx_word' id='word_1_569' title='bbox 1578 3394 1920 3443; x_wconf 77' lang='lat' dir='ltr'>septentrionalem</span> 
     </span>
     <span class='ocr_line' id='line_1_68' title="bbox 1058 3443 1923 3497; baseline 0.009 -19"><span class='ocrx_word' id='word_1_570' title='bbox 1058 3443 1263 3480; x_wconf 70' lang='lat' dir='ltr'>Rau-alsam</span> <span class='ocrx_word' id='word_1_571' title='bbox 1282 3446 1425 3491; x_wconf 86' lang='lat' dir='ltr'>dicunt,</span> <span class='ocrx_word' id='word_1_572' title='bbox 1454 3446 1530 3482; x_wconf 77' lang='lat' dir='ltr'>lata</span> <span class='ocrx_word' id='word_1_573' title='bbox 1550 3458 1590 3483; x_wconf 87' lang='lat' dir='ltr'>ac</span> <span class='ocrx_word' id='word_1_574' title='bbox 1610 3448 1720 3494; x_wconf 75' lang='lat' dir='ltr'>longa</span> <span class='ocrx_word' id='word_1_575' title='bbox 1738 3449 1811 3497; x_wconf 74' lang='lat' dir='ltr'>duo</span> <span class='ocrx_word' id='word_1_576' title='bbox 1831 3449 1923 3486; x_wconf 81' lang='lat' dir='ltr'>mil-</span> 
     </span>
     <span class='ocr_line' id='line_1_69' title="bbox 1058 3492 1920 3548; baseline 0.007 -16"><span class='ocrx_word' id='word_1_577' title='bbox 1058 3492 1123 3533; x_wconf 84' lang='lat' dir='ltr'>lia.</span> <span class='ocrx_word' id='word_1_578' title='bbox 1167 3498 1220 3533; x_wconf 83' lang='lat' dir='ltr'>Ea</span> <span class='ocrx_word' id='word_1_579' title='bbox 1238 3511 1312 3534; x_wconf 83' lang='lat' dir='ltr'>non</span> <span class='ocrx_word' id='word_1_580' title='bbox 1332 3499 1456 3535; x_wconf 84' lang='lat' dir='ltr'>aditur</span> <span class='ocrx_word' id='word_1_581' title='bbox 1472 3498 1540 3536; x_wconf 81' lang='lat' dir='ltr'>nisi</span> <span class='ocrx_word' id='word_1_582' title='bbox 1560 3500 1686 3537; x_wconf 85' lang='lat' dir='ltr'>adulta</span> <span class='ocrx_word' id='word_1_583' title='bbox 1704 3502 1841 3548; x_wconf 83' lang='lat' dir='ltr'>aestate,</span> <span class='ocrx_word' id='word_1_584' title='bbox 1862 3502 1920 3545; x_wconf 81' lang='lat' dir='ltr'>id·</span> 
     </span>
     <span class='ocr_line' id='line_1_70' title="bbox 1058 3551 1685 3599; baseline 0.008 -14"><span class='ocrx_word' id='word_1_585' title='bbox 1058 3562 1137 3598; x_wconf 75' lang='lat' dir='ltr'>que.</span> <span class='ocrx_word' id='word_1_586' title='bbox 1148 3551 1354 3599; x_wconf 77' lang='lat' dir='ltr'>tranquillo</span> <span class='ocrx_word' id='word_1_587' title='bbox 1373 3551 1482 3590; x_wconf 80' lang='lat' dir='ltr'>mari.</span> <span class='ocrx_word' id='word_1_588' title='bbox 1683 3551 1685 3553; x_wconf 69' lang='grc'><strong>’</strong></span> 
     </span>
    </p>
   </div>
   <div class='ocr_carea' id='block_1_8' title="bbox 1113 3601 1926 3762">
    <p class='ocr_par' dir='ltr' id='par_1_10' title="bbox 1113 3601 1926 3762">
     <span class='ocr_line' id='line_1_71' title="bbox 1113 3601 1772 3658; baseline -0.009 -7"><span class='ocrx_word' id='word_1_589' title='bbox 1113 3601 1176 3653; x_wconf 77' lang='lat'>(²)</span> <span class='ocrx_word' id='word_1_590' title='bbox 1204 3604 1252 3647; x_wconf 68' lang='lat'>111</span> <span class='ocrx_word' id='word_1_591' title='bbox 1269 3606 1350 3647; x_wconf 68' lang='lat' dir='ltr'>cod,</span> <span class='ocrx_word' id='word_1_592' title='bbox 1370 3606 1458 3645; x_wconf 82' lang='lat' dir='ltr'>MS.</span> <span class='ocrx_word' id='word_1_593' title='bbox 1479 3606 1577 3646; x_wconf 77' lang='lat' dir='ltr'>deest</span> <span class='ocrx_word' id='word_1_594' title='bbox 1589 3614 1772 3658; x_wconf 76' lang='lat' dir='ltr'>apportet.</span> 
     </span>
     <span class='ocr_line' id='line_1_72' title="bbox 1429 3684 1926 3762; baseline -0.016 0"><span class='ocrx_word' id='word_1_595' title='bbox 1429 3684 1434 3694; x_wconf 16' lang='grc' dir='ltr'><strong>Χ</strong></span> <span class='ocrx_word' id='word_1_596' title='bbox 1696 3712 1778 3760; x_wconf 87' lang='lat' dir='ltr'>LI.</span> <span class='ocrx_word' id='word_1_597' title='bbox 1811 3712 1926 3762; x_wconf 72' lang='lat' dir='ltr'>vic-</span> 
     </span>
    </p>
   </div>
  </div>
 </body>
</html>
