1992 3801
138 139 272 224 588
457 139 829 205 RERUM
913 136 1605 210 Sco’rrc‘ARuM

138 238 224 285 bus
244 253 336 285 uno
359 245 564 299 tempore
583 248 746 300 praeter
764 235 1129 308 expe-&tationem
1147 236 1434 309 cadentibus,
1454 236 1611 284 omnia
1627 253 1784 305 eorum
1801 256 1913 290 con,-

110 308 115 314 ’
139 302 239 350 filia
259 302 439 348 turbata
460 302 599 348 fuere.
659 301 747 346 Sed
772 300 968 346 maxime
988 311 1151 362 praeter
1172 300 1439 361 opinionem
1458 300 1628 347 accidit
1649 298 1918 364 repentinus
1975 359 1979 363 ἱ

141 364 334 430 Anglici
356 365 577 412 exercitus
600 350 653 411 ad
664 376 838 411 ventus.
911 364 983 411 Ad
1006 379 1145 427 quem
1170 366 1489 411 remorandum
1513 366 1607 427 dup
1612 366 1747 413 licem
1778 369 1912 416 mise-

143 443 247 478 rant
269 447 316 478 m
339 431 557 494 Angliam
584 428 882 491 legationem.
948 428 1156 474 Alteram
1182 429 1238 474 ad
1263 428 1497 479 Thomarn
1523 431 1734 476 Suffexiae
1754 432 1916 479 Comi-

143 506 258 548 tem,
281 511 436 559 quaep
408 503 664 557 precaretur
683 493 911 547 inducias,
930 493 1077 539 donec
1111 508 1192 564 per
1213 492 1377 540 literas
1388 510 1537 541 rerum
1560 495 1737 542 suarum
1758 496 1929 546 statum.
1947 515 1949 518 ¹

148 558 341 623 Reginae
362 559 619 621 Anglorum
638 556 909 604 indicarent.
950 558 1082 602 Alter
1099 573 1223 603 enlm
1241 557 1427 620 legatus
1439 559 1589 605 literas
1612 560 1669 606 ad
1693 560 1934 623 Reginam,

145 605 337 678 ferebat,
359 640 459 685 quae
483 622 629 668 multa
652 638 735 683 pro
757 621 958 684 ipsorum
982 621 1126 675 causa,
1151 622 1297 672 multa
1320 622 1537 670 adversus
1542 623 1736 687 Regiam
1761 625 1923 671 factio-

147 705 256 736 nem
279 687 592 734 continebant.
660 687 716 732 ln
737 685 896 749 primis
922 686 1016 732 suas
1044 687 1160 733 vires
1178 685 1310 747 supra
1332 702 1488 736 verum
1509 689 1737 752 augendo,
1764 692 1930 738 contra

146 752 329 799 hostiles
353 751 575 798 elevando
603 766 745 813 prope
781 750 953 797 bellum
990 750 1156 813 Anglis
1180 750 1486 798 minabantur.
1554 753 1848 801 Maetellanus
1872 771 1922 801 e-

149 817 246 864 nim
286 815 459 862 caeteris
482 813 777 891 persuaserat,
813 815 1048 888 Reginam
1079 813 1319 864 foeminam
1351 829 1511 862 natura
1533 816 1742 864 timidam
1768 818 1925 869 omnia

150 882 284 953 prius
296 881 532 930 fafituram,
558 896 701 951 quam
724 880 780 925 ad
799 895 925 925 arma
947 879 1209 925 veniretur:
1245 878 1434 956 quippe
1443 880 1612 932 Gallis,
1634 885 1682 929 ὃ(
1705 882 1933 944 Hispanis

152 944 339 994 multis
349 945 405 989 de
428 943 566 989 caufis
607 961 649 989 er
670 944 873 997 infensis,
908 943 1129 1005 rebusque
1163 941 1292 988 domi
1315 944 1519 989 nondum
1542 943 1725 1005 quietis.
1793 948 1928 993 Pete

153 1011 265 1055 bant
288 1006 409 1054 enim
433 1007 643 1061 rebelles,
687 1022 735 1054 ut
758 1009 941 1079 Regina
963 1007 1118 1069 Angla
1151 1007 1289 1052 velut
1299 1006 1468 1054 arbitra
1489 1006 1727 1070 superioris
1750 1008 1928 1058 biennii

152 1075 260 1121 scita
297 1072 396 1133 (etfi
421 1071 556 1118 multi
580 1069 780 1134 ipsorum
801 1088 864 1118 eis
907 1071 1046 1118 subsc·-
1047 1071 1274 1133 ·ipserant)
1298 1074 1648 1119 retrac'tarentur
1682 1090 1695 1120 ε
1733 1089 1784 1122 ac
1807 1075 1941 1127 velut=

154 1154 278 1185 novo
300 1135 434 1182 initio
458 1136 655 1199 sumpto,
682 1153 850 1183 novum
876 1136 1109 1183 decretum
1135 1135 1373 1181 communi
1399 1135 1606 1185 omnium
1631 1138 1820 1184 consilio
1849 1139 1928 1185 fie-

156 1214 240 1249 ret
309 1203 368 1247 Et
392 1211 441 1247 ut
463 1200 551 1246 suae
574 1201 784 1248 &titionis
808 1201 1068 1247 firmitatem
1095 1201 1240 1262 magis
1263 1201 1554 1274 ostentarent,
1578 1217 1819 1264 procerum
1844 1202 1928 1251 suae

157 1266 300 1330 partis
320 1263 508 1312 nomina
526 1265 669 1314 literis
691 1266 748 1312 ad
768 1281 867 1311 eam
892 1265 1025 1313 miffis
1046 1265 1328 1312 indiderunt.
1375 1265 1464 1317 In
1452 1266 1526 1320 1is,
1554 1281 1602 1313 ut
1624 1266 1938 1316 multitudinis
1971 1267 1974 1271 ’

157 1331 354 1394 speciem
377 1343 615 1392 augerent,
637 1331 808 1378 multos
826 1330 1037 1384 adversae,
1058 1330 1210 1392 plures
1235 1330 1438 1376 neutrius
1461 1330 1670 1378 fafiionis
1691 1331 1934 1394 adscripse-

156 1408 297 1443 rant:
334 1393 422 1441 rati
443 1407 629 1467 propter
650 1395 867 1442 itinerum
890 1394 1249 1458 longitudinem,
1273 1401 1311 1440 δε
1335 1411 1511 1449 eorum,
1539 1412 1642 1458 quae
1667 1397 1826 1459 procul
1851 1415 1932 1460 ge-

157 1473 321 1508 runtur
346 1459 704 1521 ignorationem,
744 1465 784 1507 δε
822 1459 951 1522 quod
974 1460 1116 1505 literae
1147 1459 1204 1506 ad
1228 1458 1453 1523 Reginam
1478 1460 1654 1522 scriptae
1680 1461 1742 1507 ad
1765 1477 1936 1523 pauco

159 1542 261 1572 rum
287 1522 610 1571 conscientiam
644 1537 774 1572 erant
813 1535 1119 1588 perventurae,
1159 1540 1260 1571 eam
1299 1525 1506 1572 fraudem
1530 1523 1759 1572 difficilius
1783 1525 1955 1591 detegi

194 1591 297 1636 osse.

158 1606 189 1652 p
228 1654 365 1701 XIII.
398 1652 582 1701 Accidit
600 1653 761 1700 eodem
788 1665 994 1716 tempore
1019 1671 1106 1709 res,
1132 1652 1276 1716 utipfi
1296 1652 1422 1700 existi
1427 1655 1612 1702 mabant
1633 1651 1938 1717 perbpportu-
1990 1647 1992 1649 ¹

163 1734 244 1791 na,
265 1734 368 1781 quae
392 1721 440 1766 &
466 1719 645 1781 Anglos
669 1718 842 1765 faceret
862 1717 1107 1781 segniores,
1152 1723 1191 1764 δι
1216 1720 1456 1764 Scotorum
1479 1721 1621 1783 vulgo
1644 1719 1951 1772 formidinem,

164 1782 410 1844 injiceret:
446 1799 612 1845 nempe
635 1783 858 1829 adventus
898 1783 1096 1830 hominis
1137 1781 1286 1838 Galli,
1338 1782 1526 1830 humilis
1563 1783 1749 1845 quidem
1774 1785 1935 1832 sortis:

169 1862 222 1894 ut
243 1846 325 1910 qui
347 1843 535 1893 Larisaci
559 1847 758 1894 minister
777 1847 1045 1895 domesticus
1069 1846 1246 1910 patroni
1272 1848 1418 1910 gratia
1438 1848 1485 1894 in
1509 1849 1657 1894 aulam
1681 1848 1937 1910 irrepserat

169 1912 215 1959 Is
240 1912 405 1958 multas
440 1912 603 1958 eodem
627 1913 845 1974 exemplo
867 1912 1075 1974 epistolas
1098 1929 1124 1959 a
1144 1913 1275 1974 Rege
1299 1911 1542 1958 Gallorum
1574 1913 1803 1967 attulerat,
1844 1929 1937 1960 non

167 1977 227 2023 ad
250 1975 480 2038 principes
503 1978 643 2023 modo
665 1975 875 2023 fafi'tionis
898 1975 1108 2038 Reginae,
1135 1976 1211 2027 sed
1235 1977 1292 2023 ad
1315 1976 1483 2024 multos
1507 1993 1692 2040 quoque
1725 1978 1803 2040 qui
1830 1995 1943 2024 neu-

169 2040 231 2092 tri
256 2040 441 2087 factioni
462 2040 504 2085 se
529 2041 812 2088 addixerant.
883 2049 918 2070 ‘⁶
943 2041 1120 2088 Gratiae
1142 2042 1352 2104 ingentes
1375 2040 1560 2104 singulis
1577 2054 1792 2105 aguntur,
1812 2044 1939 2104 qubd

166 2106 385 2159 hactenus
420 2121 447 2150 a
469 2106 650 2169 Regina
672 2107 898 2155 stetissent.
968 2107 1145 2153 Orabat
1170 2108 1288 2161 Rex,
1334 2119 1384 2151 ut
1421 2106 1470 2152 in
1507 2105 1664 2152 eadem
1690 2107 1941 2153 constantia

169 2169 521 2232 perseverarent.
591 2172 649 2221 Se
671 2171 842 2217 auxilia
877 2169 1017 2218 etiam
1041 2171 1227 2233 majora,
1264 2187 1401 2234 quam
1425 2171 1672 2233 rogabatur
1707 2180 1819 2216 cum‘
1852 2172 1953 2233 pri--⁴

171 2251 303 2282 mum
327 2235 571 2285 commode
593 2237 752 2297 posset,
797 2234 1086 2288 miffurumvss’
1150 2235 1368 2287 Addebat
1387 2234 1527 2286 etiam
1566 2235 1623 2283 de
1656 2234 1735 2281 suo
1758 2235 1950 2292 tabella-

173 2301 268 2349 rius
301 2307 335 2327 “
355 2299 511 2345 omnia
532 2299 579 2346 in
605 2299 774 2347 Galliis
791 2301 886 2361 jam
924 2301 1009 2346 effe
1044 2313 1221 2363 pacata.
1293 2301 1366 2360 (ι)
1391 2300 1640 2362 Gasparem
1667 2298 1945 2358 Collinium,

175 2363 380 2425 aliosque
401 2365 592 2411 rebelles
614 2365 669 2411 eo
702 2367 900 2419 coaCtos,
927 2376 975 2411 ut
993 2365 1033 2411 se
1065 2363 1224 2411 Gallia
1240 2364 1499 2418 discessuros
1523 2363 1861 2424 pollicer-entur,
1888 2382 1945 2414 ne

175 2428 641 2491 quietem-publicam
676 2445 834 2475 eorum
871 2429 1106 2491 praesentia
1126 2429 1451 2490 interpellaret.
1519 2429 1622 2478 Nec
1645 2428 1685 2475 se
1718 2427 1957 2484 dubitare„

175 2494 291 2554 quin
315 2505 418 2539 ante
441 2493 571 2539 suum
591 2492 807 2547 reditum,
842 2494 994 2550 miles,
1023 2493 1104 2558 qui
1126 2493 1322 2543 subsidio
1360 2493 1633 2547 mitteretur,
1669 2492 1956 2556 conscriptus.

176 2559 349 2606 foret.'’-

244 2623 379 2669 XIV.
412 2621 750 2677 Prudentiores,
787 2621 865 2668 etsi
893 2622 995 2669 haec
1027 2639 1195 2686 magna
1225 2639 1283 2671 ex
1304 2634 1433 2684 parte
1466 2638 1582 2669 vana
1615 2623 1700 2669 effe
1730 2620 1958 2677 sciebant,¹

177 2698 332 2736 tamen
356 2687 412 2732 iis
433 2687 692 2734 rumoribus
714 2686 849 2733 facile
867 2687 1051 2749 plebem
1075 2687 1173 2735 falli
1196 2687 1501 2750 patiebantur.
1558 2686 1709 2760 Igitur
1729 2701 1831 2733 cum
1853 2686 1950 2732 ani-

181 2751 249 2799 mi
282 2752 530 2798 multorum
554 2769 636 2815 per
657 2752 756 2798 haec
778 2752 916 2799 essent
948 2751 1103 2805 eretffti,
1126 2769 1224 2798 eam
1251 2751 1464 2798 laeticiam
1502 2749 1668 2798 minuit
1689 2752 1947 2814 legatorum

180 2833 240 2862 ex
266 2815 438 2879 Anglia
458 2816 592 2862 rebus
607 2815 791 2862 :infectis
814 2816 1003 2865 reditus.
1070 2817 1240 2882 Neque
1257 2815 1380 2862 enim
1403 2817 1648 2863 Suffexio
1627 2834 1652 2866 e
1676 2831 1722 2863 re
1742 2815 1944 2878 Anglica

179 2881 424 2926 videbatur
442 2880 690 2929 exercitum
716 2897 798 2942 per
818 2879 1024 2927 inducias
1043 2878 1244 2927 ociosum
1263 2880 1400 2935 alere,
1420 2897 1505 2927 nec
1524 2881 1756 2944 integrum
1777 2879 1961 2927 bellum

180 2944 396 2991 omittere
419 2944 555 2992 nullis
576 2944 920 2994 conditionibus
942 2945 1000 2991 ab
1022 2945 1145 2990 hoste
1165 2943 1347 2991 oblatis.
1401 2946 1461 2991 Et
1483 2945 1626 2992 literis
1647 2945 1706 2994 ad
1723 2942 1952 3007 Reginam

183 3008 360 3071 scriptis
396 3011 522 3070 (nam
546 3009 595 3055 id
616 3009 711 3070 ipsa
728 3008 928 3069 jusserat,
965 3026 1021 3055 ne
1043 3007 1299 3070 expefimtio
1321 3008 1668 3072 responsorum
1655 3025 1704 3054 1n
1737 3023 1875 3057 mora
1885 3020 1959 3056 re·

183 3068 266 3118 bus
289 3073 500 3135 gerendis
523 3074 647 3131 effet)
669 3073 902 3146 resignatis
926 3073 1046 3122 fraus
1062 3073 1196 3120 facile
1219 3027 1417 3123 detectap
1409 3074 1506 3121 est:
1527 3073 1702 3138 quippe
1725 3076 1875 3123 cum&
1895 3071 1957 3123 li-

184 3149 294 3182 terae
317 3137 454 3183 effent
486 3137 746 3191 vaniffimae,
779 3136 1037 3211 §afflationis
1060 3139 1228 3203 plenae,
1262 3142 1300 3184 δε
1324 3137 1442 3185 nihil
1465 3154 1620 3184 earum
1645 3152 1816 3192 rerum,
1855 3151 1961 3209 quae

138 3223 141 3227 ·
164 3198 235 3249 ⁴in
257 3199 411 3247 Scotia
425 3213 686 3263 agerentur,
709 3200 857 3264 Angli
877 3203 1185 3265 ignorarent.
1210 3202 1374 3265 Legati
1392 3219 1537 3265 prope
1559 3200 1773 3250 convitiis
1793 3193 1956 3247 abacti.

184 3265 413 3327 Exempla
432 3265 702 3311 literarum
688 3282 736 3311 m
762 3266 961 3313 Scotiam
986 3266 1044 3313 ad
1065 3264 1261 3329 Regiam
1285 3266 1533 3313 factionem
1551 3264 1755 3313 remissa.
1779 3263 1882 3312 Ea
1868 3263 1961 3326 igi·

185 3340 261 3375 tur
281 3328 355 3391 spe
376 3327 557 3389 dejecti,
581 3331 631 3377 ὃς
653 3330 854 3376 adventu
876 3330 1024 3377 subito
1044 3331 1270 3401 exercitus
1293 3330 1555 3395 Anglorum
1578 3331 1637 3377 ad
1668 3328 1864 3376 finitima
1885 3330 1958 3372 lo-

182 3408 240 3439 ca
260 3392 482 3448 deterriti,
518 3395 567 3442 ὃς
590 3387 772 3439 auxiliis
807 3393 1010 3449 suorum,
1041 3393 1123 3458 qui
1145 3395 1334 3442 domum
1358 3395 1418 3443 ad
1450 3394 1528 3445 sua
1549 3394 1741 3473 tuenda·
1753 3391 1961 3440 abierant

169 3553 171 3557 .
233 3520 302 3573 (1)
321 3521 512 3561 Monfieur
521 3520 720 3562 Chatillon
730 3521 841 3562 chief
851 3524 897 3562 os
900 3522 965 3563 the
976 3522 1221 3576 protestants
1210 3537 1249 3563 m
1269 3524 1298 3562 F
1299 3536 1424 3568 rance

1848 3623 1952 3673 des-
