2025 3831
521 152 851 220 Lrssen
942 154 1439 222 DEc1mus.
1536 150 1539 153 ’
1735 137 1913 248 '293⁴

102 259 199 322 post
214 258 406 306 reditum
422 253 578 316 paucis
588 254 716 301 annis
729 271 795 301 res
807 255 1196 303 turbulentiffimae
1205 253 1253 301 in
1263 254 1483 301 summam
1495 257 1880 323 tranquillitatem
1920 298 1930 299 ff

6 323 11 339 ¹
48 362 55 369 ,
103 331 412 370 commutatae.
478 319 550 364 Ac
571 318 716 365 rursus
753 320 900 366 subita
920 336 1070 367 rerum
1093 318 1470 375 commutatione,
1496 320 1571 366 cui
1596 323 1738 370 hostes
1761 324 1876 372 foris

97 398 406 449 pepercerant,
432 381 798 446 propinquorum
820 383 980 432 fraude
1023 384 1361 432 circumventus
1389 382 1437 430 in
1470 384 1614 431 aetatis
1636 386 1809 450 vigore,
1832 394 1878 437 ὅσ

95 450 225 513 regni
244 449 440 511 legibus,
462 451 503 494 &
519 448 720 495 moribus
732 448 1033 495 constituendi
1051 447 1207 496 medio
1224 447 1370 495 cursu.
1397 448 1616 510 Corporis
1639 466 1874 511 praeterea,

96 520 138 560 δι
160 514 299 558 animi
322 512 509 558 virtutes
530 511 730 559 extincta
750 529 857 575 erga
879 526 1110 560 mortuum
1132 512 1324 566 invidia,
1360 511 1478 559 veris
1508 513 1718 561 laudibus
1741 532 1875 565 orna·

94 577 273 622 bantur.
342 577 466 622 Nam
490 576 601 623 licet
621 578 786 623 statura
807 576 944 623 fuerit
986 576 1106 623 infra
1116 577 1299 638 justam,
1322 592 1515 639 corpore
1538 588 1691 624 tamen
1712 594 1807 627 erat
1824 598 1876 629 a·

86 641 181 687 deo
203 641 400 695 robusto,
419 646 458 686 &
474 640 621 694 firmo,
647 654 697 687 ut
719 642 916 702 aequales
939 657 1097 688 omnes
1118 643 1164 687 in
1180 641 1308 687 omni
1329 658 1496 704 genere
1519 641 1873 701 exercitationis,

95 703 176 750 ubi
197 704 314 751 vires
338 711 378 750 δε
402 704 584 766 agilitas
604 705 791 768 spectari
813 705 941 760 solet,
965 706 1099 752 facile
1121 705 1362 768 superaret.
1433 706 1478 752 T
1482 719 1587 753 anta
1607 706 1784 771 ingenii
1801 725 1877 756 ce-

95 768 264 823 leritaS,
296 774 336 816 δε
366 768 500 832 vigor
514 770 562 815 in
577 787 632 816 eo
654 769 781 815 fuiffe
803 768 1046 825 dicitur‚ut
1066 770 1241 816 nullam
1255 769 1443 816 homine
1460 769 1666 834 ingenuo
1685 771 1875 836 dignam

95 845 239 880 artem
262 833 559 898 ignoraverit.
610 833 827 881 Carmina
857 834 1038 888 Latina,
1077 848 1126 881 ut
1159 834 1276 880 illud
1299 847 1395 881 erat
1416 834 1647 891 saeculum,
1671 837 1802 883 rudia
1820 854 1878 885 ex

93 909 300 961 tempore
323 899 560 947 fundebat.
596 900 796 963 Anglico
819 899 1010 962 quidem
1033 898 1234 946 sermone
1259 912 1471 961 poemata
1491 899 1550 946 ab
1574 916 1628 946 eo
1650 901 1878 965 conscrip-

95 973 142 1008 ta
162 965 382 1009 nonnulla
398 964 547 1014 adhuc
561 977 743 1010 extant:
779 963 827 1009 in
849 964 1015 1026 quibus
1039 963 1215 1028 ingenii
1236 963 1490 1027 praestantia
1508 965 1674 1019 elucet,
1698 967 1879 1028 expoli-

97 1026 189 1073 tior
210 1028 417 1075 doCtrina
438 1027 616 1075 fortasse
640 1027 913 1090 requiratur.
980 1031 1035 1075 In
1054 1028 1232 1084 musicis
1268 1027 1484 1075 curiofius
1505 1043 1600 1076 erat
1620 1029 1877 1086 instrufius,

93 1090 235 1153 quam
259 1094 438 1154 Regem
475 1094 549 1139 vel
583 1094 756 1147 deceat,
779 1093 853 1139 vel
877 1093 1104 1156 expediat.
1174 1093 1370 1139 Nullum
1392 1093 1516 1139 enim
1534 1109 1756 1159 organum
1780 1108 1877 1144 erat

93 1155 151 1201 ad
176 1156 393 1218 psallendi
436 1157 563 1203 usum
586 1170 916 1218 comparatum,
942 1173 1035 1219 quo
1073 1174 1164 1204 non
1195 1157 1275 1203 ille
1293 1170 1387 1203 tam
1405 1156 1514 1204 scite
1537 1159 1875 1216 modulabatur,

95 1231 143 1265 ut
164 1236 270 1267 curn
295 1221 478 1268 summis
501 1222 624 1268 illius
649 1221 790 1267 aetatis
831 1220 1050 1284 magistris
1073 1221 1382 1268 contenderet.
1451 1223 1541 1269 Sed
1583 1223 1683 1270 haec
1700 1224 1879 1274 fortasse

92 1285 342 1333 studiorum
367 1287 498 1333 flores
520 1287 687 1340 verim,
711 1284 850 1348 quam
883 1285 1052 1332 fruEtus
1090 1286 1314 1349 quispiam
1337 1285 1610 1334 existimabit
1631 1306 1643 1335 :
1679 1305 1878 1353 quaeque

95 1349 240 1397 vitam
265 1351 410 1412 magis
436 1364 615 1405 ornent,
640 1348 777 1414 quam
803 1350 1039 1404 instruant,
1081 1357 1120 1397 δε
1139 1354 1197 1397 ad
1220 1367 1288 1398 res
1328 1352 1550 1414 gerendas
1590 1355 1875 1402 confirment.

95 1413 402 1479 Philosophiae
420 1431 524 1461 cum
544 1416 651 1462 alias
677 1427 842 1477 partes,
862 1422 962 1461 tum
984 1431 1101 1469 eam,
1125 1432 1230 1478 quae
1251 1415 1310 1461 de
1335 1415 1554 1471 moribus,
1576 1422 1616 1464 &
1640 1418 1880 1481 republica

65 1530 68 1532 ,
93 1482 295 1541 regenda
328 1481 408 1536 est,
448 1480 696 1543 diligenter
733 1478 971 1543 didicerat.
1039 1480 1247 1527 Virtutes
1289 1491 1411 1526 certe
1428 1481 1587 1528 civiles
1608 1490 1876 1546 quantam-Ee

92 1544 237 1605 quam
257 1545 306 1591 in
324 1562 379 1592 eo
422 1557 609 1591 maturae
635 1543 821 1597 fuerint,
843 1545 1026 1590 testatur
1043 1545 1155 1591 ordo
1173 1561 1322 1591 rerum
1343 1545 1400 1590 ab
1413 1561 1468 1591 eo
1488 1547 1731 1609 gestarum,
1756 1549 1876 1595 &le-

97 1625 177 1670 ges
197 1609 315 1663 latae‚
341 1610 508 1673 quibus
523 1625 614 1656 non
633 1608 711 1655 suo
727 1620 904 1656 tantum
923 1609 1104 1665 saeculo,
1121 1609 1195 1656 sed
1211 1609 1462 1674 posteritati
1480 1610 1616 1658 etiam
1629 1612 1877 1660 vehemen-

93 1685 160 1719 ter
184 1675 370 1735 profuit.
811 1674 815 1675 ⁷
1034 1724 1037 1729 ,

160 1738 334 1786 LVIII.
352 1741 480 1787 Mors
495 1755 602 1786 vero
617 1738 713 1799 ejus
731 1739 996 1796 declaravit,
1014 1739 1127 1787 nihil
1145 1738 1325 1803 justicia
1336 1741 1421 1788 effe
1442 1740 1877 1804 popularius.-Nam

93 1803 164 1864 (ι)
190 1805 270 1867 qui
300 1804 408 1851 vivo
429 1805 680 1852 detrectare
699 1803 819 1851 soliti
847 1818 991 1860 erant,
1016 1819 1249 1853 mortuum
1287 1805 1627 1869 flagrantiflimo
1647 1807 1871 1856 desiderio

93 1867 194 1914 sunt
217 1869 460 1929 prosecuti.
530 1871 743 1916 Proceres
764 1871 889 1920 enim
906 1870 1083 1929 nuncio
1105 1869 1241 1917 caedis
1260 1882 1452 1934 accepto
1474 1887 1530 1916 ex
1567 1871 1782 1919 omnibus
1804 1890 1875 1920 re-

91 1931 308 1996 gionibus
331 1935 490 1997 sponte
511 1949 823 1983 convenerunt
849 1955 860 1983 :
892 1951 945 1982 ac
963 1936 1169 1982 nondum
1192 1934 1439 1998 quaestione
1477 1935 1676 1992 decreta,
1704 1936 1756 1983 in
1773 1953 1874 1985 orn-

92 2008 172 2044 n'es
194 2011 344 2060 partes
366 2001 486 2046 ultro
506 1998 767 2054 emiserunt,
791 2001 873 2065 qui
892 2000 1164 2063 percussores
1184 2001 1642 2062 comprehenderent,
1667 2005 1715 2051 &
1737 2000 1785 2048 in
1798 2003 1876 2064 jus

90 2062 327 2109 ducerent.
395 2064 725 2127 Compluribus
762 2064 924 2129 captis,
966 2065 1195 2128 principes
1218 2081 1357 2120 nove,
1396 2071 1440 2114 cs:
1465 2066 1687 2128 exquisito
1708 2082 1877 2129 genere

94 2125 305 2189 supplicii
330 2129 478 2175 affecti
503 2150 514 2176 ι
553 2128 719 2191 reliqui
748 2130 916 2192 laqueo
950 2129 1213 2193 strangulati
1250 2129 1365 2176 sunt.
1433 2129 1666 2193 Principes
1688 2129 1735 2177 in
1759 2131 1893 2185 faci-,

93 2207 204 2237 nore
227 2190 542 2240 consciscendo
565 2194 921 2240 numerabantur
934 2195 1151 2242 Valterus
1171 2194 1372 2241 Atholiae
1388 2194 1576 2250 ComeS,
1592 2198 1641 2244 ὃς
1657 2211 1797 2258 nepos
1816 2212 1874 2244 ex

62 2276 73 2279 ·
91 2254 189 2303 filio
212 2257 459 2313 Robertus‚
480 2264 520 2305 δι
539 2273 699 2305 eorum
722 2259 1010 2322 propinquus
1026 2259 1255 2306 Robertus
1281 2259 1501 2306 Gramus.
1569 2260 1749 2307 Valteri
1768 2260 1874 2324 sup-

30 2338 37 2357 .-
74 2320 283 2380 ,plicium
325 2322 454 2386 (quia
476 2322 613 2369 totius
633 2321 847 2370 facinoris
869 2324 1163 2386 perpetrandi
1187 2325 1343 2370 auctor
1360 2326 1475 2383 erat)
1500 2324 1549 2371 in
1572 2324 1784 2372 triduum
1800 2326 1871 2373 di-
1921 2354 1925 2355 ν

88 2381 235 2432 visum
255 2385 357 2433 fuit.
412 2387 567 2434 Primo
590 2387 664 2434 die
686 2387 917 2442 vehiculo,
932 2388 981 2435 in
1004 2405 1097 2450 quo
1117 2387 1313 2437 Ciconia
1333 2390 1482 2436 erecta
1503 2402 1614 2444 erat,
1635 2388 1873 2452 impositus

89 2447 275 2497 funibus
298 2467 379 2514 per
401 2453 625 2499 trochleas
640 2452 892 2499 transmissis
913 2452 962 2499 in
986 2456 1130 2501 altum
1145 2454 1458 2510 attollebatur,
1483 2471 1535 2502 ac
1548 2453 1697 2501 subito
1712 2454 1874 2504 iisdem

25 2537 27 2539 ·
79 2512 278 2561 funibus
300 2516 486 2562 remiflis
530 2517 877 2573 demittebatur,
903 2518 1050 2565 donec
1091 2536 1210 2582 pene
1251 2531 1417 2566 terram
1458 2519 1721 2584 attingeret,
1764 2536 1872 2568 cum

89 2578 347 2641 gravissimo
366 2598 447 2644 per
467 2597 626 2629 omnes
649 2582 854 2645 corporis
875 2598 1123 2647 compages
1145 2584 1304 2631 dolore
1331 2602 1342 2630 :
1376 2584 1543 2632 deinde
1561 2585 1609 2631 in
1630 2585 1871 2633 Columel-

89 2643 182 2689 lam
203 2644 342 2699 elato,
369 2659 417 2693 ut
434 2647 651 2694 omnibus
673 2647 780 2695 effet
802 2647 1092 2711 conspicuus,
1122 2648 1267 2697 ferrea
1287 2665 1458 2697 corona
1480 2650 1678 2700 candens
1718 2650 1874 2713 impo-

92 2706 172 2754 fita
192 2710 270 2763 est,
312 2725 418 2757 curn
441 2711 531 2758 hoc
552 2712 730 2776 elogio,
761 2724 810 2759 ut
840 2713 1127 2776 proditorum
1150 2713 1362 2762 omnium
1403 2716 1507 2762 Rex
1545 2715 1870 2778 appellaretur.

90 2771 244 2833 Hujus
265 2772 481 2837 supplicii
501 2776 679 2824 causam
702 2775 830 2823 fuiffe
847 2777 1018 2832 ferunt,
1036 2779 1168 2841 ‚quod
1189 2780 1405 2833 Valterus
1423 2780 1671 2842 aliquando
1692 2795 1750 2825 ex
1774 2795 1850 2827 ma
1864 2808 1878 2824 .

88 2835 232 2883 leficis
256 2839 524 2886 mulieribus
551 2845 664 2904 (quo
687 2858 856 2906 genere
889 2842 1063 2905 semper
1085 2843 1278 2891 Atholia
1297 2858 1394 2892 erat
1422 2843 1628 2903 infamis)
1669 2859 1875 2908 accaepe-

87 2912 176 2954 rat,
200 2900 243 2948 se
281 2902 331 2950 in
354 2905 553 2951 maxima
576 2904 842 2966 celebritate
862 2907 1043 2972 Regem
1069 2922 1341 2956 coronatum
1363 2908 1421 2955 iri
1444 2927 1457 2956 :
1489 2908 1636 2970 idque
1655 2907 1873 2957 vaticini-

90 2979 170 3010 um
188 2962 253 3011 ita
273 2967 348 3014 vel
366 2967 629 3032 impletum,
653 2974 726 3018 vel
743 2971 918 3019 elusum
940 2973 1001 3019 est
1026 2989 1038 3019 :
1071 2988 1124 3020 ac
1153 2986 1276 3020 certe
1298 2974 1410 3021 tales
1428 2972 1750 3037 praediffiones
1782 2973 1875 3022 fre-

88 3040 284 3090 quenter
296 3029 555 3092 hujusmodi
576 3034 824 3083 sortiuntur
844 3048 1052 3084 eventus.
1120 3038 1340 3085 Postridie
1362 3039 1494 3102 super
1510 3049 1680 3086 cratem
1709 3037 1876 3103 alliga·

87 3103 185 3146 tus,
222 3097 264 3144 δε
301 3094 359 3142 ad
376 3098 566 3146 caudam
600 3099 711 3163 equi
728 3116 810 3164 per
828 3101 984 3149 vicum
1015 3101 1269 3151 maximum
1288 3102 1566 3167 Edimburgi
1604 3104 1770 3150 trac‘tus
1793 3104 1873 3151 est.

90 3155 261 3205 Tertio
284 3157 359 3206 die
377 3158 507 3222 super
533 3162 746 3212 'tabulam
769 3177 958 3213 extento
995 3167 1043 3213 in
1065 3166 1169 3214 loco
1183 3168 1430 3231 conspicuo
1465 3166 1874 3227 viventilintestina

92 3220 309 3276 detracta,
331 3226 372 3269 &
394 3223 442 3270 in
465 3224 798 3290 igneminjec‘ta
818 3229 915 3293 ipso
936 3230 1164 3295 spectante
1185 3244 1386 3280 cremata
1406 3231 1524 3280 sunt.
1569 3232 1774 3279 Demum
1793 3247 1874 3278 cor

91 3284 295 3357 evulsum
317 3285 365 3332 in
384 3285 566 3335 cosdem
578 3290 717 3357 ignes
735 3292 958 3355 injicitur.
1028 3296 1186 3360 Caput
1206 3296 1473 3360 praesectum
1487 3296 1537 3344 in
1558 3296 1874 3360 spectatissimo

91 3347 215 3395 urb1s
236 3349 342 3397 loco
355 3363 494 3398 conto
516 3355 746 3402 confixum
765 3358 823 3404 ad
843 3357 1153 3423 spectaculum
1175 3360 1461 3425 proponitur.
1487 3362 1669 3425 Corpus
1691 3360 1739 3406 in
1758 3374 1874 3420 qua·

89 3421 194 3475 tuor
212 3427 362 3477 partes
387 3414 582 3465 divisum
605 3419 663 3466 ad
703 3419 834 3468 urbes
875 3425 1011 3491 regni
1032 3425 1327 3477 nobiliffimas
1343 3426 1393 3477 in
1411 3425 1525 3477 locis
1539 3424 1874 3476 celebrioribus

123 3525 132 3536 ’
146 3527 221 3594 (1)
237 3543 309 3588 See.
323 3543 391 3589 the
401 3554 489 3591 note
504 3559 556 3593 on
571 3547 640 3594 lib.
665 3560 728 3596 ra.
746 3562 824 3603 cap,
847 3528 935 3607 ¹4(
1006 3531 1011 3536 ¹

1788 3660 1879 3716 sus·
