2025 3831
366 157 1509 230 LtssER‘DUoDssctmtJS.
1692 178 1831 244 349

78 270 282 318 eriorum
306 274 562 321 temporum
595 255 770 302 ratione
807 254 1049 301 omittebat
1074 271 1086 301 :
1116 255 1185 314 (1)
1213 252 1456 300 nobilitate
1495 252 1619 299 enim
1646 254 1834 310 diffisus,

52 289 212 382 {mnia
236 345 314 392 per
334 322 631 371 domesticum
653 319 888 366 consilium
911 319 1203 381 transigebat.
1269 319 1484 364 Proceres
1504 334 1604 362 eam
1628 318 1833 382 indigni·

56 411 194 448 tatem
221 379 319 444 non,
333 386 616 434 tolerandam
640 383 812 431 diutius
837 383 940 437 rati,
974 383 1021 429 in
1046 384 1268 445 ternplum
1298 382 1368 442 (2)
1411 382 1588 443 oppido
1612 383 1669 426 de
1701 383 1839 430 tertia

55 459 218 517 vigilia
252 456 476 501 coierunt.
546 448 761 497 Concilio
781 448 874 509 jam
912 448 1014 494 satis
1050 446 1278 509 frequenti
1317 446 1388 507 (3⁷)
1432 444 1706 492 Arcibaldus
1730 448 1834 494 Du·

55 511 232 590 gIEffius
255 516 465 580 Angufiae
491 515 658 562 Comes
684 511 987 559 conveniendi
1006 512 1185 557 causam
1208 511 1272 556 ita
1293 510 1533 572 explicasse
1555 509 1740 556 dicitur.

121 571 271 639 XLII.
307 591 338 611 ‘⁶
374 581 483 626 Non
509 580 702 626 arbitror
722 577 908 631 necess'e,
929 575 1016 621 viri
1038 574 1284 626 clarissimi,
1299 589 1348 621 ut
1366 575 1527 621 statum
1554 589 1704 619 rerum
1726 575 1837 621 Sco-

55 650 247 698 ticarum
271 645 480 709 pluribus
504 644 731 691 declarem
768 659 779 687 :
813 641 979 703 partim
999 639 1121 686 enim
1149 640 1230 701 ipsi
1256 638 1540 692 meministis,
1566 638 1732 700 partim
1757 656 1839 685 an-

59 700 104 763 te
127 712 284 760 oculos
306 709 489 756 videtis.
544 706 780 768 Principes
806 703 1062 752 nobilitatis
1086 704 1131 749 in
1152 703 1343 749 exilium
1368 703 1481 764 pulfi
1501 716 1579 748 aut
1601 702 1696 764 pati
1716 702 1840 750 into-

58 769 263 829 leranda,
283 786 360 822 aut
394 771 577 820 nefaria
613 770 759 818 facere
797 782 1042 831 coguntur.
1110 770 1208 814 Vos
1233 779 1402 820 autem,
1429 766 1476 812 in
1499 768 1667 831 quibus
1701 783 1843 815 omne

58 833 189 893 reoni
207 842 268 887 est
290 838 430 887 robur
453 838 543 883 fine
561 837 711 899 capite
735 834 902 887 reliStx,
921 833 1050 884 velut
1086 833 1214 878 navis
1239 833 1328 879 fine
1352 831 1657 895 gubernatore
1687 833 1841 879 omni-

58 883 143 954 bue's
162 906 358 952 fortunae
379 901 608 964 procellis,
630 907 670 947 Sc
691 913 783 945 tem
790 897 1033 960 peliatibus
1056 896 1155 943 estis
1179 896 1366 957 objeffi.
1433 898 1562 961 Ager
1579 897 1726 943 noster
1749 896 1843 943 uri-

57 985 148 1024 tur,
174 970 368 1016 fortunae
389 965 670 1028 diripiuntur
689 982 698 1009 :
718 962 931 1026 agricolae
947 975 1025 1008 aut
1041 960 1245 1008 caedibus
1264 960 1484 1016 exhausti,
1510 975 1588 1007 aut
1607 960 1716 1024 quia
1738 962 1843 1009 nul-

60 1037 157 1084 lum
182 1034 228 1080 in
248 1044 318 1079 tot
341 1030 470 1077 malis
490 1030 614 1076 aliud
631 1027 912 1091 pro-spiciunt
930 1027 1304 1079 allevamentum,
1327 1025 1527 1073 hostibus
1550 1025 1714 1073 dediti.
1741 1028 1845 1073 Rex

57 1115 184 1153 ver0,
211 1100 281 1160 (4)
305 1096 335 1142 fi
359 1111 553 1158 compos
583 1094 705 1147 estet,
731 1095 875 1139 homo
897 1098 935 1138 Sc
961 1090 1104 1138 animi
1144 1091 1370 1154 gmerofi,
1395 1096 1434 1136 &
1453 1107 1563 1137 rarae
1585 1091 1846 1153 prudentiae

62 1163 195 1211 malis
219 1160 404 1208 venenis
438 1173 748 1222 expugnatuS,
783 1173 874 1202 non
899 1156 956 1202 ad
992 1171 1231 1218 procerum
1271 1170 1462 1209 coetum,
1487 1155 1561 1203 sed
1582 1157 1654 1202 ad
1693 1157 1847 1203 nfimae

60 1229 189 1276 sortis
213 1226 421 1272 homines
445 1225 501 1271 de
522 1240 649 1285 pace,
675 1222 733 1267 de
753 1221 895 1274 bello,
915 1220 972 1266 de
990 1220 1129 1266 salute
1154 1219 1339 1280 publica
1358 1219 1510 1266 refert.
1578 1221 1657 1268 1111
1678 1221 1850 1270 ariolos

63 1292 325 1343 consulunt,
368 1295 410 1338 δε,
436 1289 747 1336 maleficorum
774 1284 981 1346 responla
1003 1284 1059 1329 ad
1082 1283 1289 1330 animum
1313 1301 1504 1346 aegrum,
1538 1290 1579 1331 &
1603 1285 1752 1347 pravis
1774 1286 1848 1332 su-

44 1392 48 1393 ν
67 1355 410 1421 perstitionibus
433 1365 619 1415 captum
643 1349 866 1398 adhibent
887 1367 899 1395 :
924 1353 972 1398 ἐς
995 1349 1053 1396 de
1076 1349 1275 1394 nostrum
1298 1347 1507 1395 omniurn
1529 1349 1851 1399 incolumitate

65 1423 250 1468 decreta
271 1418 362 1466 istis
384 1416 647 1471 auctoribus
670 1415 802 1468 fiunt,
826 1412 925 1477 qui,
947 1412 1076 1475 quod
1093 1411 1308 1459 omnibus
1333 1412 1437 1472 jure
1454 1414 1497 1460 se
1521 1413 1685 1460 invisos
1708 1415 1849 1463 intel-

65 1485 237 1549 ligunt,
271 1500 430 1530 omnes
464 1483 696 1528 oderunt:
751 1494 836 1526 nec
871 1479 1058 1524 vestram
1094 1477 1410 1525 auctoritatem
1450 1477 1741 1535 imminuere,
1775 1479 1851 1528 sed.

67 1548 297 1598 universos
321 1547 534 1594 omnibus
559 1545 730 1592 artibus
753 1542 1024 1605 extinguere
1057 1542 1360 1589 contendunt.
1429 1544 1600 1590 Partim
1615 1544 1711 1604 jam
1735 1547 1852 1592 vest·-

66 1631 168 1669 rum
193 1625 357 1666 morte,
381 1611 553 1674 partim¹
567 1608 707 1656 exilio
730 1607 998 1654 sustulerunt
1019 1626 1030 1654 :
1064 1623 1231 1670 neque,
1262 1620 1311 1654 ut
1329 1607 1542 1654 homines
1560 1608 1668 1655 novi
1688 1608 1852 1665 solent,

66 1677 293 1744 gradatim
319 1676 378 1723 ad
399 1675 574 1722 summa
597 1673 805 1720 nituntur
829 1688 841 1717 :
866 1672 942 1719 sed
960 1672 1008 1718 in
1031 1672 1186 1734 Regio
1209 1672 1425 1734 sanguine
1448 1671 1726 1734 tyrocinium
1748 1690 1855 1720 cru-

69 1742 289 1796 delitatiS,
314 1743 364 1790 δε
386 1739 588 1788 avaritiae
605 1749 821 1784 exercent
848 1754 859 1787 :
878 1738 1073 1784 alterum
1109 1738 1134 1784 ὲ
1157 1737 1298 1799 Regis
1330 1735 1545 1784 fratribus
1567 1737 1856 1786 trucidarunt

71 1802 407 1862 immaniffime,
448 1805 642 1852 alterum
678 1801 837 1866 patriae
861 1815 987 1850 metu
1027 1801 1185 1850 mortis
1215 1802 1530 1849 abstulerunt:
1568 1804 1619 1851 Sc
1652 1803 1856 1851 hostibus

72 1871 231 1921 nostris
253 1872 419 1917 ducem
442 1870 685 1917 dederunt.
733 1866 830 1913 Illis
849 1867 944 1928 jam
971 1868 995 1914 ἐ
1019 1867 1174 1913 medio
1196 1865 1403 1921 sublatis,
1424 1867 1614 1929 reliquae
1637 1869 1856 1916 nobilita-

73 1927 109 1984 ti
130 1936 394 1989 imminent,
421 1939 468 1984 ὅς
505 1933 595 1981 suae
629 1930 903 1979 humilitatis
936 1931 1105 1978 conscii
1127 1931 1246 1978 nihil
1269 1931 1491 1986 eminens,
1528 1945 1606 1978 aut
1628 1932 1856 1981 excelsum

49 1996 291 2064 'superesse
313 2001 491 2046 volunt.
563 1997 843 2061 Qicunque
863 1997 1034 2043 habent
1056 2011 1135 2043 aut
1153 1995 1339 2046 divitias
1359 1997 1417 2042 ad
1435 2013 1595 2044 eorum
1617 1997 1858 2045 avaritiam

73 2065 370 2128 explendam,
395 2075 473 2110 aut
496 2062 749 2125 potentiam
773 2061 831 2107 ad
850 2061 1051 2109 audaciae
1075 2061 1387 2116 refistendum,
1409 2061 1533 2107 hunc
1551 2079 1635 2124 pro
1657 2062 1781 2109 hoste
1804 2065 1860 2109 fi-

75 2130 125 2176 bi
149 2140 391 2176 numerant
413 2147 423 2175 :
459 2133 499 2174 &
526 2144 606 2173 nos
625 2127 801 2173 interea
818 2127 957 2172 castra
975 2126 1188 2172 adversus
1207 2127 1387 2188 Anglos
1406 2126 1644 2181 habemus,
1671 2139 1721 2173 ut
1741 2127 1859 2175 hosti

78 2194 268 2257 publico
285 2192 533 2243 resistamus
555 2209 566 2238 :
599 2204 817 2253 tanquam
844 2191 962 2236 ullus
981 2191 1033 2238 fit
1055 2189 1190 2237 hostis
1212 2190 1453 2252 capitalior
1469 2207 1543 2244 e0,
1566 2191 1647 2254 qui
1670 2207 1754 2239 nec
1775 2192 1860 2240 bo·-

12 2288 17 2291 -
77 2258 148 2306 nis
171 2257 323 2304 vestris
346 2256 667 2318 cupiditatem,
689 2270 773 2302 nec
796 2255 1013 2317 sanguine
1034 2255 1353 2302 crudeli-tatem
1373 2256 1559 2318 explere
1581 2258 1741 2318 potest.

146 2323 322 2369 XLIH.
371 2331 406 2351 “⁷
430 2322 500 2372 Ut
533 2334 688 2371 autem
710 2319 998 2382 intelligatis,
1022 2317 1163 2381 quam
1182 2319 1281 2366 haec
1304 2320 1437 2382 pestis
1456 2320 1664 2368 intestina
1682 2320 1859 2378 saevior,

43 2420 48 2429 .
80 2386 221 2450 quam
244 2387 325 2433 illa
357 2398 542 2432 externa
578 2386 647 2440 fit,
672 2384 832 2448 fingite
854 2385 1063 2448 Anglum
1090 2385 1238 2447 (quod
1260 2385 1388 2431 Deus
1411 2387 1604 2445 avertat)
1641 2385 1864 2435 νὶἃοτεῐη

18 2504 21 2505 ⁷
79 2464 285 2503 veteru-m
309 2450 580 2500 offensarum
606 2466 877 2503 memorem,
900 2452 951 2498 ὃς
973 2448 1195 2498 felicitate
1217 2448 1428 2512 praesenti
1449 2450 1637 2498 elatum.
1707 2453 1863 2516 Qem

83 2518 268 2563 tandem
287 2516 498 2577 odiorum
523 2515 703 2568 suorum
739 2515 894 2568 finem,
920 2527 999 2560 aut
1018 2514 1146 2577 quod
1168 2513 1636 2576 praemiumvicloriae
1658 2516 1819 2565 statuet
1841 2522 1860 2565 ἓ

60 2578 282 2644 ’Βεέἰΐηε
302 2579 482 2630 inimici
515 2593 728 2633 mortem,
764 2596 821 2627 an
844 2579 1067 2625 vestram?
1104 2595 1193 2642 ego
1231 2579 1356 2626 certe
1394 2594 1608 2628 neutrum
1636 2580 1865 2630 existimo.

85 2645 198 2702 Non
222 2644 349 2691 enim
372 2645 428 2692 de
453 2644 568 2699 vita,
590 2644 664 2690 sed
686 2644 852 2707 gloria,
878 2649 918 2689 &-
952 2643 1150 2704 imperio
1171 2644 1306 2690 nobis
1328 2645 1389 2695 est
1411 2657 1639 2691 certamen
1667 2664 1678 2693 ;
1712 2651 1754 2693 &
1782 2663 1866 2710 ge-

87 2710 272 2765 nerosus
291 2709 490 2761 animus,
511 2722 560 2756 ut
582 2708 789 2757 adversus
808 2708 1058 2759 resistentes
1077 2707 1324 2757 vehemens
1342 2710 1419 2764 est,
1443 2716 1483 2757 &
1507 2711 1779 2767 concitatu5‚
1802 2712 1869 2761 ita

141 2837 206 2888 (1)
233 2839 445 2876 Nobilitate
463 2839 615 2877 diffisus.
645 2837 740 2876 Caes.
751 2839 847 2876 ·Be1.
863 2837 954 2877 Civ.
1007 2847 1047 2876 to
1064 2837 1166 2879 their
1179 2840 1498 2879 commonwealth
1520 2840 1564 2889 by
1583 2840 1650 2878 the
1662 2848 1752 2888 cats,
1771 2842 1868 2881 deli-

50 2907 55 2910 ·
94 2905 132 2932 1.
157 2905 218 2930 12.
247 2892 399 2930 Diffisus
417 2893 601 2943 muncipii
623 2894 832 2934 voluntate.
903 2922 908 2930 ,
1009 2892 1178 2940 berating
1197 2908 1296 2943 upon
1321 2896 1386 2932 the
1407 2903 1556 2940 matter,
1589 2895 1706 2932 found
1737 2895 1813 2933 this
1829 2905 1870 2934 to

92 2955 95 2960 ·
146 2944 210 3046 ἕρ.)
239 2945 327 2982 MS.
349 2945 500 2998 Oppidi.
1009 2945 1053 2982 be
1072 2945 1134 2983 the
1156 2947 1230 2984 best
1248 2949 1410 2997 remedy,
1432 2948 1477 2996 by
1494 2948 1651 2985 maniest
1665 2957 1764 2987 votes
1783 2949 1869 2988 that

173 2998 214 3048 3)
243 2999 389 3045 George
404 2998 465 3035 son
484 3006 522 3037 to
536 2999 715 3039 William
729 2999 803 3036 earl
820 2998 865 3036 of
874 3000 954 3036 Du-
1008 3007 1049 3036 to
1066 3012 1173 3048 every
1192 3002 1283 3038 cat's
1302 3002 1401 3038 neck
1413 3014 1434 3038 a
1449 3002 1520 3038 bell
1542 3001 1668 3038 should
1689 3002 1731 3039 be
1748 3002 1870 3052 hung,

95 3051 188 3101 glass
211 3051 274 3100 (by
303 3050 492 3098 Margaret
526 3055 683 3090 Stewart
714 3052 876 3090 heretrix
919 3051 964 3089 of
1014 3051 1189 3102 whereby
1208 3055 1296 3102 they
1314 3054 1439 3102 might
1471 3054 1513 3091 be
1534 3055 1732 3092 advertised
1752 3055 1797 3093 of
1811 3056 1873 3094 his

95 3102 248 3152 Angus)
270 3117 344 3141 was
362 3104 437 3140 first
467 3104 512 3142 of
530 3105 612 3142 that
642 3105 798 3146 firname
820 3107 897 3143 earl
919 3105 964 3142 of
1012 3107 1208 3156 approach,
1228 3109 1299 3145 and
1318 3107 1354 3145 so
1372 3107 1510 3157 escape.
1558 3108 1577 3145 I
1595 3119 1715 3156 grant,
1734 3108 1807 3147 said
1825 3122 1874 3147 an

97 3162 233 3206 Augus
252 3172 264 3206 3
295 3169 332 3194 2.
354 3157 530 3195 William
550 3157 610 3195 his
628 3157 719 3207 son.;
752 3172 788 3209 3.
809 3161 958 3207 George
1013 3160 1077 3200 old
1091 3169 1160 3206 rat,
1180 3161 1264 3198 that
1283 3175 1379 3198 were
1408 3162 1496 3206 best,
1515 3160 1553 3198 if
1566 3162 1596 3198 it
1624 3163 1734 3198 could
1752 3162 1796 3200 be
1814 3162 1872 3200 ef-

97 3209 158 3250 his
189 3211 247 3248 son
269 3224 280 3257 3
310 3221 349 3258 4·
382 3208 458 3246 th‘is
478 3210 670 3258 Archbald
708 3212 783 3250 first
809 3213 855 3250 of
875 3213 959 3250 that

100 3272 226 3310 name,
246 3263 425 3300 sirnamed
441 3262 499 3300 for
516 3263 743 3310 distinction,
764 3266 958 3304 Archbald

101 3315 382 3362 Bell-the-Cat,
404 3329 502 3365 upon
534 3315 611 3353 this
645 3318 809 3356 occasion
830 3334 840 3356 ε
859 3319 959 3357 The

99 3370 262 3419 nobility
280 3369 367 3406 thus
396 3368 593 3407 assembled
621 3369 659 3406 in
675 3371 960 3419 Lawder-kirk,

104 3425 177 3469 ‚and
195 3422 405 3470 consulting
430 3421 518 3459 how
536 3430 575 3459 to
601 3422 690 3460 curb
706 3423 772 3461 the
799 3426 961 3475 perverse

106 3473 282 3521 cpurtiers
310 3475 397 3513 who
425 3475 627 3523 misguided
657 3474 722 3512 the
751 3477 859 3526 king,
890 3493 962 3517 one

110 3524 254 3565 Ihowed
274 3528 338 3565 the
351 3528 533 3577 difficulty
545 3528 590 3565 of
601 3527 666 3565 the
680 3539 817 3577 matter,
831 3531 963 3581 bythis

112 3580 259 3627 parable
277 3594 287 3619 τ
320 3581 383 3619 the
403 3590 474 3618 rats
493 3584 562 3618 and
581 3581 679 3618 mice
703 3595 802 3631 upon
833 3596 853 3620 a
868 3585 965 3623 'time

108 3632 221 3698 hging
239 3634 314 3676 sore
332 3634 478 3691 grieved
495 3643 534 3678 at
550 3634 616 3677 the
635 3644 736 3688 great
750 3636 986 3693 harmldone·

1012 3213 1162 3262 fected5
1185 3214 1349 3253 butwho
1364 3215 1454 3252 shall
1475 3227 1598 3252 Βειι
1622 3228 1716 3252 Tua
1737 3216 1874 3253 cA‘r?

1012 3266 1297 3307 EarlArchbald
1311 3267 1466 3316 hearing
1477 3267 1543 3304 the
1558 3269 1706 3317 parable
1717 3268 1876 3305 answer-

1013 3321 1057 3356 ed
1095 3319 1207 3370 sadly,
1228 3322 1246 3357 I
1276 3334 1428 3358 sflAtr.
1464 3334 1587 3358 Βειι
1627 3335 1722 3358 THE
1756 3333 1874 3367 cA’r,

1014 3374 1194 3422 meaning
1221 3373 1409 3420 Cochran,
1429 3373 1496 3411 the
1514 3383 1615 3422 great
1635 3377 1705 3411 and
1724 3374 1878 3411 terrible

1015 3426 1181 3474 minion,
1200 3427 1330 3467 which
1348 3428 1398 3467 he
1415 3429 1476 3466 did
1494 3429 1729 3476 accordingly
1747 3436 1784 3464 at
1799 3426 1879 3465 thia

1014 3489 1124 3519 time·

1072 3533 1136 3584 (4)
1166 3535 1214 3572 M
1227 3535 1265 3573 S.
1297 3534 1338 3572 Si
1357 3535 1410 3573 sui
1429 3547 1578 3585 compos
1598 3548 1608 3574 ς
1639 3534 1705 3573 but
1720 3531 1776 3572 sui
1793 3545 1881 3584 may

1021 3589 1065 3628 be
1080 3588 1309 3646 elliptically-
1321 3590 1552 3644 understood·

1781 3706 1893 3759 pre.
