1992 3801
109 109 240 197 406
414 109 771 177 RERUM
871 108 1551 178 Scomcrnum

111 210 240 255 suum
270 205 433 254 distans
456 208 605 255 adhuc
625 207 832 272 praefidio
854 206 1038 254 Ioannis
1054 223 1199 270 nuper
1218 207 1443 271 Proregis,
1475 208 1598 272 quod
1621 208 1756 273 ipsius
1784 228 1870 274 pa.-

112 272 321 318 trimonii
342 288 444 335 pars
466 274 587 328 esset,
612 272 863 319 tenebatur.
929 270 1003 317 Ibi
1021 287 1101 332 per
1135 271 1311 335 aliquot
1344 273 1439 320 dies
1460 273 1693 321 obsidione
1712 275 1872 330 frustra

111 347 301 391 tentata,
324 351 426 383 cum
450 336 695 384 exobseffis
715 348 867 388 nemo,
888 351 943 380 ex
957 334 1265 386 obsidentibus
1288 336 1465 399 aliquot
1483 336 1598 396 caefi,
1616 340 1866 395 vulnerati,
1930 388 1932 390 .

110 414 163 457 ac
183 399 333 463 ignito
362 401 549 464 pulvere
572 401 708 447 afflati
727 401 881 454 essent,
919 416 967 446 re
1008 399 1176 447 insecta
1197 400 1427 447 discessum
1448 402 1526 449 est.
1592 403 1717 449 Inter
1736 405 1867 450 rede-

109 465 282 525 undum
305 467 376 526 (1)
402 464 556 513 David
579 463 886 519 Falconarius,
911 464 992 526 qui
1015 479 1118 510 cum
1142 463 1296 526 pedite
1315 465 1593 512 mercenario
1615 467 1673 513 ad
1694 468 1870 514 machi-

109 544 190 589 nas
206 529 500 591 reportandas
522 543 618 575 erat
638 528 835 581 reliCffls,
860 528 917 574 ab
938 527 1172 589 equitibus
1191 529 1492 592 Duglassianis
1511 531 1568 576 ad
1588 533 1869 593 carpendum

106 607 365 640 extremum
387 609 573 657 agmen,
596 597 645 643 δε
669 604 914 640 moratores
938 592 1231 653 excipiendos
1256 592 1388 639 miffis
1410 592 1694 641 interficitur.
1749 598 1870 658 Qae

107 673 178 704 res
196 657 525 705 adolescentem
550 659 725 721 Regem'
750 657 868 703 ultro
887 656 1110 714 insensum
1137 658 1249 704 adeo
1273 657 1540 714 commovit,
1577 672 1627 705 ut
1649 676 1728 722 per
1754 660 1873 706 iram

107 721 460 783 {anfiejuraren
503 722 545 769 se
580 722 685 768 vivo
707 721 886 768 nullum
912 720 1157 784 Duglaffiis
1188 721 1513 784 postliminium
1545 722 1642 771 fore
1668 742 1680 769 2
1713 739 1766 770 ac
1788 725 1879 770 sta-

107 786 211 848 tim,
237 799 286 832 ut
307 786 640 848 Edimburgum
664 785 807 836 venit,
839 799 890 832 ut
911 802 987 832 eos
1010 786 1172 832 arCtius
1196 798 1441 847 premeret,
1468 786 1618 833 statuit
1642 789 1699 835 de
1722 790 1869 835 confi-

109 848 163 898 lii
184 851 405 897 sententia
425 851 482 896 ad
503 849 878 913 Coldingamiam
913 866 1096 896 manum
1137 849 1348 895 affiduarn
1372 851 1535 912 magis,
1579 868 1718 913 quam
1741 867 1873 916 mag-

110 932 214 961 nam
234 914 464 961 continere
492 932 503 960 ε
533 929 636 976 quae
655 914 875 977 agricolas
899 931 924 960 a
945 912 1322 977 populationibus
1347 926 1562 960 tueretur.
1630 915 1685 961 Id
1706 933 1879 963 munus„

112 982 185 1041 (z)
210 978 474 1025 Bothuelius
497 977 781 1031 auCloritate,
815 981 865 1027 ὃς
890 977 1054 1040 opibus
1079 977 1319 1024 Lothianae
1344 978 1476 1024 facile
1509 977 1720 1042 princeps
1752 981 1807 1026 ad
1833 980 1878 1027 se

110 1044 168 1090 ab
186 1046 314 1105 Rege
335 1042 536 1089 delatum
557 1042 778 1089 recusavit
799 1055 813 1087 ε
846 1042 935 1088 five
957 1042 1353 1103 Duglaflianorum
1376 1043 1650 1104 potentiam,
1683 1042 1757 1091 cui
1779 1056 1880 1092 tota

111 1109 285 1170 reliqua
309 1105 463 1153 Scotia
484 1123 630 1168 nuper
650 1106 892 1153 videbatur
911 1105 1075 1168 impar,
1104 1117 1326 1160 metuenS,
1360 1107 1449 1152 five
1472 1107 1718 1154 clariffimae
1741 1108 1877 1155 fand-

111 1171 184 1220 liae
207 1172 393 1218 interitu
417 1171 745 1218 adolescentem
771 1186 938 1225 acrem,
961 1176 999 1216 &
1016 1168 1174 1233 suopte
1189 1169 1380 1233 ingenio
1395 1171 1532 1233 paulo
1553 1173 1876 1221 violentiorem

109 1236 258 1283 imbui
294 1235 698 1296 adterudelitatem
733 1235 895 1283 nollet.
966 1236 1088 1284 Cum
1123 1236 1223 1281 Rex
1247 1234 1567 1291 Hamiltoniis,
1601 1248 1650 1282 ut
1682 1236 1881 1285 hostium⁸

110 1300 268 1348 amicis
291 1316 380 1346 non
401 1298 501 1346 satis
525 1300 699 1355 fideret,
719 1303 767 1350 δ’(
786 1299 848 1346 ob
869 1300 1039 1346 caedem
1062 1298 1244 1345 Ioannis
1269 1298 1439 1345 Stuarti
1460 1299 1702 1346 Leviniani
1720 1300 1785 1348 eis
1806 1300 1878 1348 in-

112 1364 265 1413 fensus
288 1366 409 1418 esset,
434 1380 517 1410 nec
538 1364 585 1411 in
605 1364 696 1410 alio
719 1380 949 1428 quoquam
987 1362 1238 1410 nobilitatis
1261 1362 1424 1409 vieinae
1455 1363 1555 1410 satis
1578 1364 1883 1420 auGoritatis,

112 1441 192 1476 aut
213 1428 379 1475 virium
402 1430 524 1484 esset,
565 1429 750 1475 tandem
774 1430 830 1475 εὸ
866 1428 1100 1474 decursum
1142 1429 1220 1482 est,
1242 1439 1292 1474 ut
1313 1428 1384 1493 (3)
1411 1428 1633 1475 Calenum
1654 1430 1878 1477 Cambel·

109 1497 209 1542 lum
244 1495 290 1540 in
317 1490 488 1541 ultimis
522 1491 711 1556 quidem
733 1491 863 1556 regni
885 1492 974 1537 oris
997 1492 1298 1546 habitantem,
1320 1492 1393 1538 sed
1416 1493 1659 1556 prudentia
1685 1495 1885 1550 clarum,

112 1565 153 1613 ἅτ
173 1559 413 1621 perspeClae
435 1557 482 1604 in
506 1557 629 1604 bello
658 1556 857 1611 virtutiS,
883 1562 922 1603 δι
945 1556 1006 1604 ob
1023 1556 1238 1618 justitiam
1282 1556 1425 1619 vulgo
1449 1573 1601 1603 carum
1641 1559 1741 1604 Rex
1774 1574 1895 1605 cum„

117 1624 316 1686 imperio
337 1621 545 1669 adversus
567 1621 761 1684 rebelles
782 1620 997 1669 mitteret.
1047 1621 1343 1684 Duglaffiani‚
1382 1620 1702 1677 Hamiltoniisr,
1724 1626 1772 1672 ὅτ,
1796 1638 1896 1670 cae-.
1944 1646 1949 1650 ·

109 1689 220 1735 teris
255 1685 412 1733 amicis
437 1684 752 1733 deficientibus
775 1686 828 1732 ad
862 1685 1054 1731 summas
1078 1685 1302 1748 angustias
1326 1685 1493 1731 redaCti
1532 1701 1557 1731 a
1597 1687 1790 1741 Caleno,
1829 1690 1884 1737 δε

112 1752 325 1864 georgio
354 1748 504 1820 gentis
526 1750 716 1798 Humiae
738 1749 946 1814 principe
964 1763 1193 1814 coguntur
1214 1751 1263 1797 in
1299 1750 1522 1813 Angliam
1559 1750 1795 1800 exulatum
1833 1767 1895 1798 a-.
1961 1746 1992 1808 J

148 1833 228 1864 tre.
846 1862 849 1863 γ
933 1838 938 1842 ·
1116 1840 1121 1844 ·

178 1880 454 1928 XXXVIII.
487 1879 606 1926 Misfi
630 1877 778 1944 mense
795 1878 1008 1926 ‘octobri
1030 1878 1088 1925 ab
1120 1877 1277 1941 Anglo
1305 1878 1403 1925 duo¹
1435 1877 1611 1941 equites
1644 1876 1776 1932 clari,
1801 1878 1896 1940 qui,

116 1962 378 2009 quanquam
400 1940 745 2007 utroq'ue²'Rege
768 1959 927 2006 pacem
952 1944 1245 1990 vehementer
1259 1941 1489 2006 cupiente,
1510 1943 1589 1990 vix
1607 1942 1702 2004 ejus
1721 1943 1885 1989 ineun-
1977 1994 1979 1997 ,

118 2015 190 2057 ‹1ae
214 2009 435 2057 rationem
460 2007 743 2056 comminisci
765 2019 1028 2070 potuerunt.
1097 2007 1328 2054 Henricus
1370 2006 1493 2053 enim
1532 2023 1637 2057 cum
1679 2005 1900 2059 adversus„

120 2070 340 2123 Carolum
377 2073 601 2121 Caesarem
641 2072 811 2119 bellum
836 2084 1030 2136 pararet,
1073 2071 1227 2118 omnia
1252 2088 1276 2117 a
1299 2084 1428 2134 tergo
1451 2075 1611 2134 pacata
1632 2071 1888 2134 relinquere

117 2141 334 2187 volebat:
369 2151 508 2201 atque
529 2139 690 2185 eadem
723 2153 862 2200 opera
901 2135 1145 2200 Duglassiis
1163 2135 1358 2182 reditum
1375 2135 1431 2181 ad
1454 2136 1553 2182 suos
1575 2152 1747 2199 parare.
1814 2136 1900 2181 Ia·.

119 2205 260 2261 cobus
284 2204 611 2250 Tentallonem
636 2217 783 2248 arcem
809 2201 1120 2263 maximopere
1144 2199 1359 2262 cupiebat
1381 2199 1583 2262 recipere
1606 2218 1618 2247 ι
1641 2199 1716 2246 sed
1739 2216 1764 2245 a
1785 2199 1904 2253 Duffi

123 2269 285 2333 glaffiis
305 2267 588 2321 restituendis
623 2266 898 2312 abhorrebat
920 2265 1134 2310 animus.‘
1183 2263 1333 2328 Igitur
1365 2281 1470 2311 cum
1493 2264 1554 2311 ob
1574 2264 1692 2311 hanc
1709 2264 1887 2310 causam

120 2336 219 2383 dies
240 2333 416 2394 aliquot
433 2332 538 2378 esset
555 2331 871 2393 disceptatum,
892 2345 1040 2392 neque
1062 2345 1152 2391 pax
1175 2342 1326 2376 tamen
1344 2328 1504 2382 coiret,
1529 2329 1710 2376 tandem
1730 2329 1786 2375 eo
1810 2329 1904 2375 dea

122 2410 308 2445 ventum
330 2398 407 2450 est,
430 2409 478 2442 ut
500 2395 697 2442 induciae
721 2395 766 2441 in
789 2394 1159 2457 quinquennium
1183 2393 1357 2441 fierent.
1392 2393 1468 2441 Ab
1490 2392 1737 2456 Duglafliis
1759 2393 1899 2440 Ten-,

124 2464 295 2509 tallone
329 2477 430 2507 arce
463 2460 646 2514 tradita,
671 2461 770 2505 Rex
792 2463 871 2505 luo
908 2459 1165 2523 syngrapho
1202 2456 1394 2503 seorsum
1438 2457 1495 2503 de
1520 2457 1693 2504 caeteris
1731 2472 1903 2506 eorum.

123 2525 355 2590 postulatis
370 2527 566 2571 caveret.
604 2526 724 2569 Arce
746 2523 920 2577 dedita,
943 2535 1107 2568 caetera
1124 2529 1276 2569 tamen
1298 2518 1389 2568 non
1413 2519 1579 2567 sincere
1593 2520 1898 2577 servatasunt,.
1985 2563 1988 2568 .

123 2587 203 2638 nisi
228 2590 354 2653 quod
378 2588 642 2636 Alexandro
655 2587 924 2634 Drumanio
963 2588 1033 2649 (4)
1059 2578 1252 2633 Roberti
1269 2584 1475 2633 Britanni
1505 2586 1652 2648 gratia
1673 2585 1907 2643 redeundi,
1975 2626 1978 2627 ⁷

123 2657 229 2704 data
250 2657 311 2702 est
330 2654 478 2702 venia.
545 2653 669 2703 Nam
693 2651 995 2715 superioribus
1019 2651 1245 2698 menfibus
1267 2665 1375 2699 cum
1399 2651 1469 2719 (5¹)
1495 2649 1689 2698 Iacobus
1712 2650 1892 2710 Colvil-
1985 2664 1992 2674 t

181 2810 247 2858 (ι)
272 2811 501 2859 commonly
531 2810 647 2848 called
669 2808 831 2860 Captain
853 2809 984 2847 Falco·
1039 2807 1089 2859 of
1101 2806 1185 2845 that
1201 2806 1358 2846 firname
1379 2818 1394 2842 θ
1417 2805 1468 2843 he
1499 2817 1572 2843 was
1601 2805 1839 2856 comptroller
1857 2813 1897 2843 to
1938 2841 1947 2854 x,

128 2878 210 2910 ner,
230 2864 319 2901 born
338 2865 450 2901 about
467 2862 793 2901 Borrowstonness.
1041 2855 1136 2911 king
1153 2861 1280 2912 James
1298 2858 1364 2896 the
1384 2873 1417 2910 5.
1438 2859 1487 2896 he
1505 2858 1577 2896 had
1595 2867 1671 2896 two
1699 2858 1795 2905 sons,
1824 2872 1905 2898 one.
1948 2857 1950 2859 ’

185 2917 250 2967 (2)
294 2917 449 2953 Patrick
475 2915 657 2965 Hepburn
689 2915 790 2954 third
837 2915 912 2952 earl
947 2914 994 2952 οἱ
1043 2914 1088 2952 of
1111 2915 1238 2951 whom
1257 2912 1306 2949 he
1326 2912 1484 2949 married
1502 2925 1551 2949 on
1568 2910 1632 2949 the
1664 2911 1826 2950 heretrix
1855 2910 1902 2950 of

129 2971 334 3014 Bothweu,
351 2970 413 3007 son
426 2979 465 3006 to
482 2969 708 3009 Adamssain
726 2978 764 3006 at
777 2969 954 3006 Flowdon
974 2983 991 3017 ᾗ
1045 2965 1288 3013 Barnbugall‚
1313 2964 1379 3002 the
1396 2965 1505 3002 other
1525 2977 1625 3015 upon
1642 2964 1707 3002 the
1731 2964 1896 3002 heretrix

130 3023 177 3060 os
204 3023 286 3059 him
306 3022 418 3059 much
449 3023 480 3059 is
509 3022 656 3071 spoken‘
678 3021 864 3060 hereafrer
889 3033 900 3058 ε
939 3020 989 3058 he
1042 3020 1088 3057 of
1100 3017 1258 3068 Roffyth
1275 3017 1315 3055 in
1329 3018 1412 3055 Fife
1430 3032 1443 3067 ς
1471 3017 1538 3055 the
1553 3030 1624 3055 one
1636 3014 1816 3066 assuming
1832 3016 1906 3055 the:
1959 3031 1963 3034 ⁴

129 3089 204 3115 was
219 3075 390 3120 admit-al,
407 3077 476 3112 and
495 3075 624 3112 theriff
635 3076 680 3112 of
687 3076 783 3121 East,
798 3075 901 3111 West
919 3075 989 3111 and
1043 3078 1154 3110 name
1170 3071 1215 3109 of
1228 3072 1401 3117 stewart,
1431 3070 1497 3108 the
1515 3069 1624 3109 other
1641 3070 1685 3108 of
1698 3070 1910 3120 Moubray„
1925 3070 1933 3073 “

134 3129 275 3167 middle
291 3128 514 3174 Loufflians,
534 3128 659 3165 baillie
678 3128 724 3165 of
738 3127 990 3172 Lawderdale‚
1085 3124 1160 3177 ⁴(5)
1189 3124 1249 3161 Sir
1276 3125 1404 3176 James
1438 3123 1581 3162 Colvill
1608 3123 1654 3163 of
1685 3122 1896 3168 ochiltree,

132 3186 202 3220 ἃς.
231 3181 280 3220 he
308 3181 338 3218 is
357 3180 561 3219 misnamed
577 3182 703 3233 James
730 3182 797 3219 lib.
831 3192 895 3232 15.
911 3192 990 3229 cap.
1046 3177 1175 3216 which
1202 3177 1252 3214 he
1269 3177 1466 3214 erccambed
1486 3175 1578 3214 ‘sith
1597 3177 1723 3229 James
1740 3175 1906 3214 Hamil·-

139 3248 213 3282 η.Ἰ
1046 3239 1110 3269 ton
1127 3230 1195 3269 the
1213 3230 1366 3277 bastard,
1402 3229 1460 3268 for
1476 3230 1601 3267 Easter
1617 3226 1795 3275 ¹Weems,
1814 3240 1905 3278 pre-r

189 3288 251 3340 (3‘)
279 3286 393 3325 Colin
412 3288 487 3324 ear-1
506 3286 551 3324 of
558 3287 711 3337 Argyle.
853 3315 857 3319 ,
1048 3284 1204 3320 decessor
1220 3291 1257 3320 to
1275 3283 1341 3321 the
1359 3282 1597 3328 lordColvill
1615 3295 1626 3320 ε
1663 3281 1714 3329 he
1731 3294 1805 3319 was
1822 3279 1897 3318 first
1940 3325 1953 3337 ⁹

188 3336 380 3391 (4)‘This
392 3341 536 3377 Robert
551 3339 703 3386 Bartan,
720 3338 782 3376 son
798 3347 836 3377 to
849 3338 995 3377 Robert
1048 3336 1209 3374 director
1237 3337 1283 3374 of
1307 3335 1374 3374 the
1403 3335 1652 3384 chancellary‚
1696 3331 1905 3372 thereaster.

139 3397 297 3441 Bar-tan,
312 3393 381 3431 the
394 3393 448 3431 sea
463 3393 606 3443 captain
621 3391 837 3434 mentioned
855 3391 996 3438 before,⁴
1049 3390 1289 3439 comptroller
1305 3390 1377 3428 and
1405 3401 1475 3431 one
1499 3388 1549 3432 of,
1563 3388 1628 3428 the
1655 3387 1730 3427 first
1745 3386 1840 3425 lords
1854 3382 1904 3421 of

137 3448 428 3495 atknowledged
463 3445 523 3483 his
558 3453 639 3483 true
677 3445 834 3483 firname
869 3452 910 3493 to
951 3443 996 3484 be
1049 3442 1196 3492 {effions

139 3502 392 3548 Drummond,
409 3500 478 3538 and
496 3498 680 3538 therefore
690 3497 740 3537 he
751 3497 925 3537 favoured
942 3497 995 3535 all

1794 3587 1904 3659 ling
1960 3598 1963 3599 ’
