1992 3801
169 194 307 258 300
502 173 866 241 RERUM
955 173 1645 245 ScoTICARUM

171 287 266 330 vet,
286 286 391 338 quae
407 275 633 322 rectorum
657 273 924 328 ambitione,
945 276 992 322 δί
1016 273 1268 336 cupiditate
1289 277 1404 324 adeo
1424 277 1737 334 invaluerunt,
1762 289 1814 327 ut
1834 281 1945 335 mal.

154 340 231 387 *lis
255 340 463 394 omniun,
489 339 570 386 nisi
590 339 804 403 princeps
819 338 910 401 ipse
931 339 1124 401 capefi‘at
1140 338 1403 402 imperium,
1426 342 1509 388 fisti
1528 342 1740 390 remediis
1762 343 1941 407 possint.

175 405 234 452 Id
273 417 323 450 ut
355 405 468 451 citra
490 404 763 466 periculum,
804 419 857 449 ac
889 402 1092 448 laborem
1128 403 1266 450 etiam
1303 406 1585 460 conficiatur,
1618 406 1661 452 se
1682 407 1941 469 providisse.

175 469 401 533 Magnam
425 468 545 516 enim
571 469 617 514 in
641 466 905 530 propinquo
926 483 1109 513 manum
1134 468 1219 514 effe
1238 469 1465 531 equiturn,
1502 471 1584 533 qui
1605 487 1708 517 eum
1733 487 1942 533 quocun-

178 550 268 596 que
293 548 370 580 aut
390 534 547 587 vellet,
568 546 645 579 aut
667 548 783 594 opus
802 532 924 584 estet,
947 531 1292 579 comitarentur.
1349 534 1466 582 Haec
1489 537 1592 582 cum
1611 537 1743 582 vultu
1765 538 1868 583 Rex
1884 538 1940 585 fi-

174 613 232 645 ve
253 600 383 661 quod
406 599 468 644 ita
490 597 687 646 sentiret,
715 596 803 643 five
826 608 874 642 ut
895 595 1107 642 timorem
1143 595 1452 652 dissimularet,
1489 599 1742 662 approbare
1762 600 1943 648 videre-

174 674 267 718 tur,
290 662 433 708 fraeno
455 674 635 724 arrepto
655 660 967 708 Cancellarius
989 678 1095 707 eum
1117 661 1284 709 ducere
1305 662 1458 726 pergit
1475 665 1531 709 ad
1556 663 1673 710 suos.
1715 665 1810 728 Qi
1833 661 1968 716 cum?

172 727 305 789 Rege
331 732 518 787 erant&
541 726 693 789 pauci,
730 730 772 773 ὅ.
801 724 997 772 inermes
1025 725 1235 773 adversus
1259 727 1429 789 plures,
1461 730 1509 778 δε
1543 739 1742 775 armatos
1762 730 1820 776 ad
1842 729 1939 779 vim
1980 756 1983 760 «

168 791 370 854 impares
394 803 513 837 retro
536 791 681 837 moesti
704 789 890 836 abeunt.
956 791 1058 837 Rex
1075 801 1272 852 quatuor
1293 790 1476 855 stipatus
1499 805 1775 840 armatorum
1796 793 1941 842 milli-

171 854 256 904 bus
279 855 458 919 ingenti
478 854 648 901 laeticia
666 854 797 917 vulgi
818 853 1094 917 Edimburgi
1116 854 1359 917 excipitur.

237 922 346 968 ΧΠ.
381 922 549 967 Prorex
571 919 673 964 haec
696 919 762 964 uti
783 920 882 965 acta
898 931 1042 972 erant,
1067 918 1144 964 ubi
1164 919 1405 982 comperit,
1426 920 1579 966 animo
1602 920 1686 975 ira,
1703 927 1740 969 δι
1761 924 1940 986 pudore

169 985 358 1032 confuso
383 984 627 1030 Sterlinum
652 982 867 1035 reversus,
892 981 1007 1043 quid
1028 982 1254 1045 optimum
1277 983 1394 1029 tactu
1417 984 1469 1029 fit
1489 985 1723 1045 expendit.
1777 989 1940 1051 Ange-

169 1049 249 1096 bat
269 1048 468 1113 ingentis
491 1047 633 1094 animi
655 1045 822 1102 virum,
849 1046 890 1091 se
913 1045 988 1091 sua
1006 1046 1290 1109 negligentia
1311 1047 1376 1094 ita
1398 1048 1634 1109 pueriliter
1655 1048 1784 1096 fuiss'e
1805 1052 1936 1099 delu-

165 1114 263 1162 sum
293 1132 303 1160 :
340 1113 521 1159 interim
547 1111 725 1158 suorum
749 1112 907 1157 fraude
930 1109 1339 1172 factumxcredere:
1373 1112 1454 1158 diu
1487 1113 1687 1161 incertus
1727 1114 1802 1160 cui
1824 1116 1938 1164 fide-

165 1192 253 1233 ret,
297 1194 434 1240 quem
460 1178 657 1230 timeret,
695 1176 888 1238 pudore,
914 1175 1172 1238 suspitione,
1213 1177 1262 1226 ὃς
1286 1176 1353 1222 ira
1384 1176 1503 1224 inter
1537 1177 1579 1224 se
1613 1179 1891 1227 certantibus
1918 1198 1932 1228 ε

164 1244 352 1289 tandem
371 1241 528 1288 animo
552 1240 740 1304 paulum
780 1239 932 1287 sedato
955 1239 1157 1304 cogitare
1180 1239 1331 1287 secum
1355 1241 1567 1304 occaepit‚
1591 1244 1717 1305 qued
1740 1245 1935 1306 praesen-
1959 1245 1964 1253 ‘

163 1307 287 1354 tibus
307 1308 438 1353 malis
462 1304 689 1353 inveniret
706 1307 976 1351 remedium.
1046 1305 1156 1352 Suas
1175 1304 1296 1352 enirn
1320 1305 1438 1354 vires
1461 1307 1668 1353 adversus
1692 1307 1935 1356 Cancella-

162 1371 282 1419 rium
322 1371 559 1418 hominem
588 1369 720 1431 juxta
752 1370 940 1416 confilio
963 1369 1154 1424 bonum,
1196 1386 1248 1416 ac
1286 1387 1426 1417 manu
1459 1372 1686 1418 strenuum
1720 1390 1732 1419 :
1768 1372 1937 1435 populi

160 1449 380 1499 praeterea
404 1435 578 1490 favore,
614 1439 659 1483 &
687 1433 836 1497 Regia
857 1433 1123 1480 auetoritate
1145 1434 1386 1481 subnixum
1419 1452 1581 1499 parum
1612 1436 1760 1483 firmas
1783 1438 1936 1485 existi-

159 1500 331 1548 mabat.
413 1500 642 1564 Reginam
677 1498 726 1544 in
749 1498 950 1545 custodia
985 1499 1158 1545 duriter
1178 1499 1400 1554 habitam,
1435 1499 1499 1547 ita
1520 1501 1790 1556 offenderat,
1814 1517 1863 1547 ut
1881 1520 1931 1548 e-

156 1565 233 1626 jus
256 1567 490 1628 placandae
514 1565 590 1610 vix
612 1563 829 1625 ullaspeS,
854 1563 901 1609 in
925 1564 1103 1625 placata
1123 1563 1320 1624 praesidii
1344 1581 1500 1627 parum
1527 1567 1648 1612 effer.
1694 1566 1940 1629 Duglaffm

160 1629 330 1676 virium
353 1630 472 1685 satis,
497 1627 673 1675 confilii
712 1643 889 1691 parum,
919 1639 1098 1674 :etatem
1123 1641 1342 1683 teneram,
1367 1629 1600 1677 infirmum
1623 1631 1845 1684 animum,
1864 1632 1931 1677 as-

158 1693 488 1741 sentationibus
511 1694 647 1740 etiam
667 1706 931 1753 corruptum
955 1691 1106 1738 alieno
1127 1693 1377 1757 circumagi
1398 1694 1586 1742 arbitrio
1605 1713 1617 1742 ε
1641 1698 1686 1744 8(
1713 1707 1760 1741 ut
1778 1694 1825 1741 in
1844 1697 1932 1741 hu-

146 1758 358 1821 jusmodi
397 1759 578 1805 fortuna
616 1758 700 1803 effe
734 1757 864 1811 solet,
888 1756 1121 1820 peflimum
1147 1773 1361 1820 querique
1383 1759 1635 1820 plurimum
1660 1760 1783 1822 apud
1821 1777 1930 1808 eum

155 1824 298 1887 posse,
322 1824 370 1871 in
389 1840 442 1870 ea
462 1824 596 1870 etiam
614 1820 856 1868 hominum
880 1820 1140 1868 colluvione
1160 1839 1250 1868 non
1275 1823 1358 1869 effe
1378 1823 1464 1869 suae
1487 1824 1723 1887 dignitatis
1747 1824 1936 1871 versari.

157 1888 520 1943 cancell-axium,
560 1887 640 1933 etfi
661 1885 814 1933 alieno
853 1887 958 1932 effet
978 1902 1087 1949 erga
1117 1885 1158 1932 se
1183 1886 1354 1940 animo,
1390 1888 1626 1935 hominem
1667 1902 1820 1935 tamen
1842 1890 1929 1936 esse

155 1954 437 2016 prudentem¹
458 1970 469 1999 z
503 1951 601 2014 ejus
625 1956 663 1997 δε
689 1949 828 2005 aetati,
854 1955 893 1998 δι
917 1949 1107 2015 ingenio
1129 1950 1271 1998 tutius
1294 1954 1377 1998 esse
1400 1953 1526 1999 credi
1560 1971 1571 1999 :
1602 1970 1750 2016 neque
1782 1966 1929 2001 tantas

154 2035 261 2064 cum
284 2035 341 2066 eo
359 2017 509 2072 causas
536 2016 834 2062 offensionum
867 2016 968 2069 effe,
1006 2027 1055 2061 ut
1083 2032 1175 2061 non
1199 2015 1426 2063 veteribus
1457 2016 1618 2064 officiis
1642 2018 1925 2080 superentur.

152 2082 411 2130 Maximam
436 2096 589 2128 autem
619 2081 676 2126 ad
697 2079 1118 2126 reconciliationem
1141 2080 1309 2126 habere
1331 2082 1424 2127 vim
1448 2082 1755 2144 periculorum
1771 2082 1935 2129 simili*

151 2149 383 2203 tudinem,
408 2153 446 2193 δι
471 2146 729 2192 animorum
762 2144 810 2190 in
847 2144 1036 2207 publica
1056 2144 1195 2191 salute
1229 2147 1400 2192 tuenda
1421 2146 1756 2193 consensionem
1785 2162 1797 2194 ε
1831 2164 1958 2208 ejus‘

150 2216 372 2275 praet‘erea
386 2208 678 2258 inimicitiam
697 2208 781 2256 fibi
803 2207 1076 2270 potiffimum
1099 2209 1184 2255 effe
1205 2208 1560 2265 formidandam,
1577 2210 1603 2256 ὲ
1620 2228 1732 2274 qu0,
1756 2210 1785 2258 fi
1803 2214 1859 2259 ad
1879 2227 1934 2257 a·-

150 2277 234 2323 lias
259 2278 478 2324 faeliones
499 2275 541 2322 se
561 2274 800 2337 adjungat,
819 2272 913 2336 ipse
932 2273 981 2321 in
1002 2273 1210 2320 ordinem
1228 2275 1354 2338 cogi,
1372 2275 1446 2322 vel
1463 2274 1509 2322 in
1534 2276 1721 2323 exilium
1744 2290 1928 2339 protru-

147 2339 204 2389 di
218 2343 379 2405 poffet.

217 2408 353 2454 Xlll.
390 2406 509 2453 Haec
529 2420 611 2468 per
631 2402 808 2468 aliquot
830 2402 925 2450 dies
960 2418 1066 2452 cum
1086 2401 1262 2452 intimis
1285 2403 1554 2459 amicorum,
1580 2410 1621 2452 &
1642 2403 1749 2451 viris
1770 2403 1922 2461 bonis,

151 2477 192 2518 ἃ
219 2471 417 2533 publicae
451 2469 605 2516 salutis
628 2468 890 2515 amantibus
911 2469 1016 2515 cum
1040 2467 1212 2531 agitata
1232 2470 1386 2523 effent,
1412 2469 1676 2516 Alexander
1699 2470 1758 2516 de
1779 2470 1926 2517 confi·-

146 2534 215 2582 lio
238 2552 393 2583 eorum
419 2551 525 2582 cum
547 2531 764 2580 familiari
785 2531 1006 2579 comitatu
1032 2531 1371 2597 Edimburgum
1406 2534 1719 2597 proficiscitur.
1786 2535 1924 2582 Forte

145 2612 248 2647 tum
271 2600 459 2647 aderant
484 2599 553 2662 (1)
581 2597 877 2652 Abredoniae‚
904 2603 945 2644 δε
982 2596 1205 2644 Moraviae
1228 2597 1459 2661 Episcopi,
1500 2598 1727 2653 homines,
1769 2612 1818 2646 ut
1840 2598 1922 2646 illa

141 2664 354 2713 ferebant
371 2677 593 2727 tempora,
630 2662 859 2717 doetrina,
891 2666 932 2708 δι
953 2659 1122 2709 virtute
1142 2661 1341 2726 praediti.
1383 2663 1448 2710 Iis
1467 2661 1790 2726 interpretibus
1812 2664 1936 2711 Pro-t

145 2746 243 2785 rex,
267 2732 312 2781 8(
339 2727 652 2778 Cancellarius
675 2727 737 2773 usi
751 2726 797 2773 in
820 2725 1164 2790 aedemAEgidio
1184 2727 1350 2774 sacram
1370 2743 1473 2774 cum
1492 2727 1649 2788 paucis
1667 2728 1920 2776 amicorum

146 2809 419 2841 convenere.
486 2792 616 2840 Prior
635 2793 804 2841 Prorex
822 2790 961 2837 verba
985 2789 1111 2838 facit.
1145 2791 1302 2847 Nihil,
1317 2791 1489 2854 inquit,
1512 2791 1559 2838 in
1583 2791 1820 2854 praesentia
1841 2809 1922 2840 ne·
1968 2822 1972 2826 -

143 2859 475 2913 cessearbitror,
520 2869 569 2904 ut
601 2868 679 2903 aut
711 2855 921 2920 longiore
940 2853 1164 2910 oratione,
1194 2871 1298 2920 quae
1319 2856 1533 2903 omnibus
1555 2858 1659 2918 plus
1689 2856 1791 2903 satis
1814 2870 1934 2907 nota.
1961 2854 1967 2862 '¹

145 2922 264 2978 sunt,
300 2924 557 2985 deplorem,
579 2932 659 2968 aut
679 2920 798 2967 mala
820 2934 1197 2974 commemorem,
1226 2936 1331 2983 quae
1353 2937 1409 2967 ex
1433 2919 1644 2967 intestina
1675 2919 1928 2978 discordia„

144 2986 342 3041 bonave,
368 3003 470 3048 quae
488 3003 544 3033 ex
567 2984 815 3032 concordia
831 2983 1103 3032 redundent.
1153 2985 1349 3032 Utinam
1369 3001 1424 3033 ea
1443 2983 1598 3047 potius
1619 2985 1817 3032 externis
1838 3000 1920 3032 ex-

143 3051 330 3111 emplis,
365 3050 503 3112 quam
532 3049 791 3097 domesticis
811 3048 1140 3113 experimentis
1160 3047 1292 3097 nobis
1319 3050 1506 3113 cognita
1541 3050 1696 3097 effent.
1764 3050 1849 3098 Ad.
1863 3065 1918 3097 ea
1944 3063 1959 3087 ν

142 3115 344 3168 veniam,
384 3131 485 3176 quae
516 3116 571 3160 ad
600 3114 786 3161 salutem
813 3113 1021 3161 omnium
1051 3113 1223 3160 civium
1248 3113 1497 3176 pertinent,
1538 3113 1612 3160 sed
1648 3130 1731 3161 nos
1762 3127 1917 3162 tamen

140 3177 356 3242 proxime
377 3178 587 3228 oxnnium
608 3178 859 3241 attingunt.
891 3179 1008 3225 Haec
1030 3177 1285 3227 animorum
1307 3178 1425 3225 inter
1444 3194 1527 3226 nos
1547 3177 1752 3225 diffenfio
1769 3194 1918 3241 quan-

142 3259 282 3304 quam
303 3257 452 3304 neque
473 3244 530 3287 ab
545 3243 749 3295 avaritia,
769 3259 855 3290 nec
868 3241 1139 3290 dominandi
1161 3241 1357 3289 libidine
1376 3244 1429 3289 sit
1449 3241 1670 3305 profefta,
1694 3242 1768 3289 sed
1789 3241 1927 3305 quod„

139 3306 190 3355 in
210 3307 546 3354 summa-rerum
569 3306 939 3361 administranda,
962 3322 1074 3369 quas
1098 3318 1289 3370 uterque
1307 3308 1503 3354 nostrum
1528 3306 1668 3354 salvas
1689 3308 1775 3354 effe
1794 3307 1924 3360 vult,
1989 3339 1992 3343 -

142 3371 275 3418 aliter
295 3386 384 3434 ego
402 3380 540 3430 atque
561 3381 611 3414 tu
636 3368 822 3417 sentiam
848 3387 860 3417 ε
892 3377 1173 3434 magnopere
1193 3382 1347 3418 tamen
1371 3370 1725 3432 providendum,
1759 3385 1817 3416 ne
1833 3368 1932 3420 illa,
1988 3394 1992 3410 .-

140 3438 289 3484 nostra
305 3432 531 3484 discordia
554 3433 737 3496 publice
758 3448 918 3498 regno,
938 3435 1152 3497 privatim
1171 3434 1304 3482 nobis
1320 3435 1478 3486 afferat
1494 3433 1760 3500 perniciem.
1792 3433 1921 3484 Ome«

141 3635 162 3648 ι
194 3581 257 3636 (1)
280 3584 417 3634 *Henry
433 3581 621 3634 Leighton
640 3579 763 3632 bissiop
782 3581 825 3622 of
838 3576 1055 3633 Aberdeen,
1071 3587 1141 3624 and
1156 3583 1393 3641 ,Iohannes
1412 3577 1809 3645 bifflopoAEMurrays

1782 3687 1922 3742 nium
1987 3739 1990 3746 ,
