1988 3795
531 131 876 200 Lmen
967 129 1344 196 Nonus⁵
1710 156 1852 225 229

8 253 17 286 .’
66 229 289 284 {nister-et.
344 233 508 293 Itaque
528 232 987 293 quantulamcunque
1010 243 1198 276 manum
1218 226 1320 274 satis
1344 227 1458 281 fore,
1484 240 1532 276 ut
1554 231 1626 279 ve'l
1649 250 1744 281 rem
1770 251 1854 298 pa-

7 304 16 367 '1
66 304 294 356 ratams&
318 295 360 343 se
381 296 652 343 offerentem
667 295 881 358 arripiat,
904 295 979 342 vel
1016 293 1279 357 impulsam,
1305 297 1355 343 ὅς
1383 292 1701 346 labefactatam
1723 316 1851 347 ever*-

65 376 148 413 tat.
191 407 196 410 .
256 401 259 404 -
1186 395 1188 398 ,

67 475 76 484 ,
132 430 193 477 V.
227 420 347 474 Haec
367 442 473 474 cum
498 440 667 490 magna
683 441 740 474 ex
761 434 891 489 pai-te
909 439 1018 473 vera
1037 422 1259 471 Balliolus
1279 439 1373 470 non
1390 420 1640 487 ignoraret,
1657 431 1698 473 δε
1720 445 1851 493 mag..

63 510 143 543 nas
166 492 223 539 ab
246 492 464 539 Eduardo
491 491 647 555 Anglo
669 492 824 554 copias
846 491 896 537 in
915 489 1118 537 Scotiam
1142 487 1252 534 duci
1284 487 1461 535 audiret
1497 487 1634 535 facile
1656 493 1850 541 callidus

4 579 5 603 ;
63 558 291 606 veterator
311 557 492 604 homini
512 555 778 619 imperii,&
800 554 963 618 gloriae
984 553 1156 616 cupido
1179 553 1410 615 perfuafit,
1435 563 1486 600 ut
1502 555 1744 600 contraEtis
1767 575 1851 618 pro

3 633 12 685 ξι
56 621 274 687 praesenti
294 622 428 686 copia
460 621 656 668 navibus
679 618 990 681 expeditionis
1014 618 1111 679 ejus
1146 628 1323 680 partem
1347 617 1603 680 susciperet.
1673 620 1852 669 Verum

2 715 5 718 <
57 686 143 734 sub
161 687 407 733 adventum
432 684 617 734 Ballioli
633 685 683 730 in
702 684 925 747 Angliam
944 682 1187 730 Eduardus
1206 682 1459 728 exercitum
1479 681 1724 730 dimiserat.
1761 685 1851 734 Ni-

2 750 4 763 '
57 751 163 800 hilo
184 765 336 799 tamen
361 751 512 798 minus
537 748 683 797 Scotis
706 747 937 802 exulibus,
962 758 1102 809 atque
1119 745 1285 810 Anglis
1305 745 1425 809 agris
1449 745 1496 793 in
1518 747 1671 794 Scotia
1688 754 1852 812 expul-

1 811 4 837 ⁵
55 816 114 866 fis
138 818 194 864 ad
213 833 320 864 eum
338 814 678 863 confluentibus
698 829 885 861 manum
905 828 998 859 non
1016 811 1405 859 contemnendam
1427 810 1598 859 effecit.
1631 814 1750 860 Sunt
1767 817 1853 878 qui

0 876 1 883 ¹
60 881 284 930 sexcentis
299 893 479 930 tantum
497 879 745 927 comitibus
760 895 860 926 rem
884 889 1058 926 tantam
1072 892 1180 924 eum
1193 875 1390 928 scribant
1413 877 1668 942 aggressum
1687 897 1698 926 :
1724 882 1852 942 quod

58 947 179 994 mihi
202 952 308 995 non*
319 947 369 994 fit
389 945 650 994 verifimile.
665 952 679 958 ⁴
720 943 915 1007 Propior
934 958 1046 990 vero
1067 954 1234 990 eorum
1254 940 1438 989 videtur
1459 941 1627 1000 oratio,
1667 948 1751 1007 qui
1776 945 1853 991 sex

61 1011 212 1060 millia
242 1011 454 1076 peditum
488 1011 531 1058 ei
561 1010 618 1057 ab
649 1009 808 1074 Anglo
830 1009 938 1056 data
959 1005 1127 1055 ferunt.
1198 1006 1457 1055 Alacriores
1480 1009 1632 1056 multo
1653 1009 1712 1068 ad
1734 1009 1853 1057 hanc

61 1077 409 1141 expeditionem
433 1075 664 1123 universos
687 1074 815 1130 feeit,
853 1074 946 1120 illis
968 1072 1091 1136 ipfis,
1122 1071 1293 1135 quibus
1315 1072 1414 1118 haec
1436 1072 1732 1136 agitabantur·
1751 1074 1853 1135 die·

63 1141 148 1190 bus
182 1159 303 1189 mors
335 1142 549 1189 Randolfi
575 1140 792 1188 nunciata
816 1157 828 1185 z
864 1155 917 1185 ac
937 1138 1065 1187 velut
1095 1138 1256 1184 laetum
1287 1153 1425 1184 omen
1447 1155 1601 1186 rerum
1624 1140 1849 1203 gerenda-

60 1222 167 1254 rum
189 1206 407 1256 omnium*
422 1206 599 1253 animos
621 1204 784 1254 erexit.
852 1204 976 1251 Cum
995 1202 1082 1249 hac
1103 1200 1247 1265 igitur
1266 1201 1398 1257 classe
1420 1202 1718 1267 Kingornum
1742 1201 1848 1253 vec}

60 1284 115 1318 ‘ta'
134 1271 354 1321 Calendis
379 1271 575 1336 Augusti
601 1271 783 1318 navales
803 1268 958 1332 copias
972 1265 1198 1331 exposuit.
1251 1266 1513 1315 Terrestres‘
1528 1281 1681 1316 autem
1705 1269 1850 1318 duxe-

62 1334 172 1384 runt
190 1338 346 1384 David
369 1336 615 1384 Cuminius
637 1335 750 1383 olim
767 1333 971 1380 Atholiae
993 1332 1182 1387 Comes,
1203 1331 1492 1386 Maubrains,
1514 1337 1563 1382 ἃ
1583 1333 1852 1383 Bellorum,

0 1427 1 1434 κ
62 1401 171 1450 tius.
226 1403 310 1449 Ex
343 1402 510 1466 Anglis
533 1399 800 1447 Talbotius.
871 1398 948 1444 Ad
971 1396 1113 1443 claffis
1149 1394 1349 1460 appulsae
1385 1398 1555 1444 famam
1587 1400 1850 1449 Alexander

66 1466 276 1513 Setonius
301 1467 441 1513 homo
475 1464 663 1519 nobiliS,
687 1463 770 1527 qui
791 1476 891 1511 tum
915 1462 1032 1509 forte
1063 1461 1112 1507 in
1147 1461 1240 1508 illis
1275 1461 1390 1510 locis
1414 1462 1744 1520 diversabatur,
1768 1482 1847 1512 oc-

58 1531 223 1585 currit,
247 1529 425 1592 sperans
447 1531 495 1576 in
518 1529 893 1576 descendentium
907 1525 1215 1590 trepidatione
1236 1527 1521 1574 occasionem
1544 1529 1609 1575 rei
1633 1530 1748 1577 bene
1766 1548 1847 1594 ge-

64 1595 217 1642 rendae
241 1612 332 1642 non
355 1594 633 1641 defuturam.
701 1594 814 1640 Non
833 1592 991 1640 multis
1009 1604 1164 1638 autem
1187 1592 1212 1639 ἐ
1232 1591 1403 1638 vicinia
1425 1592 1465 1638 se
1487 1592 1848 1657 adjungentibus

62 1673 169 1706 cum
205 1660 327 1706 hoste
350 1658 608 1724 congressus
642 1675 748 1705 cum
785 1661 906 1705 bona
934 1670 1064 1721 parte
1087 1656 1277 1707 suorum,
1304 1659 1366 1704 est
1404 1658 1557 1704 cresus.
1627 1659 1848 1708 Balliolus

60 1724 217 1787 'paucis
240 1724 402 1772 diebus
427 1724 513 1772 suis
532 1726 591 1772 ad
609 1725 651 1771 se
674 1741 731 1771 ex
743 1724 987 1770 vexatione
1008 1721 1186 1770 itineris
1205 1722 1473 1770 reficiendos
1495 1722 1613 1771 datis
1628 1724 1848 1773 Perthum

59 1788 184 1836 resta
205 1791 460 1844 contendit,
478 1805 584 1837 cum
603 1790 661 1836 ad
680 1790 824 1836 molas
843 1787 1051 1851 aquarias
1073 1804 1168 1835 non
1191 1788 1354 1852 procul
1373 1788 1430 1841 ab
1448 1789 1580 1835 lerna
1597 1790 1736 1836 castra
1750 1807 1847 1854 me-

60 1864 180 1902 tatus
212 1854 378 1911 fuiffet,
404 1857 665 1919 Prorexque
690 1856 831 1909 ultra,
851 1857 922 1917 (i)
950 1852 1171 1901 Patricius
1203 1853 1471 1900 Dumbarus
1510 1855 1626 1900 citra
1663 1871 1848 1904 amnem

59 1930 253 1983 uterque
275 1936 381 1968 cum
413 1919 594 1984 magnis
617 1919 774 1983 'copiis
809 1918 930 1966 binis
974 1916 1125 1966 castris
1150 1917 1358 1982 quinque
1394 1918 1539 1965 millia
1577 1919 1846 1968 distantibus

59 1983 374 2045 consedissent.
416 1985 637 2033 Balliolus
660 1986 740 2032 etsi
760 1984 915 2033 multis
938 1984 997 2031 ad
1020 1984 1189 2031 famam
1211 2000 1358 2031 rerum
1379 1984 1677 2032 secundarum
1700 1985 1742 2031 se
1764 2003 1847 2050 ag-

50 2048 360 2113 ,gregantibus
392 2049 525 2114 supra
547 2051 706 2112 decem
727 2048 875 2096 millia
903 2049 1146 2096 hominum
1169 2049 1374 2102 haberet,
1411 2061 1566 2097 tamen
1592 2067 1697 2097 cum
1726 2049 1848 2098 inter

47 2116 175 2160 .duos
196 2114 378 2163 hostiles
395 2115 622 2171 exercitus
646 2115 869 2170 tenderet,
883 2114 1054 2162 veritus
1074 2112 1131 2161 ne
1152 2112 1201 2161 in
1225 2115 1379 2161 medio
1401 2114 1846 2180 opprimeretur-,op-

57 2176 228 2226 timum
250 2179 371 2228 factu
393 2181 454 2228 est
475 2192 597 2227 ratus
621 2180 833 2239 seorsum,
859 2186 899 2227 &
922 2177 979 2226 ex
999 2179 1227 2241 insperato
1248 2179 1325 2226 e'os
1355 2179 1548 2242 aggredi
1575 2197 1585 2225 :
1620 2179 1846 2243 primum-

0 2262 1 2265 *
56 2259 152 2305 que
171 2244 399 2292 Marrium
421 2247 686 2309 Proregerrn
707 2262 851 2308 quem
880 2243 1138 2294 verosimile
1160 2258 1272 2299 erat,
1294 2246 1389 2308 quo
1421 2244 1605 2309 longius
1639 2245 1698 2292 ab
1720 2246 1847 2294 hoste

54 2307 291 2364 tenderet,
306 2313 363 2358 eo
386 2310 698 2375 negligentius
721 2309 878 2357 omnia
898 2312 1121 2359 aelurum.
1302 2353 1305 2354 γ
1391 2346 1397 2349 -

37 2409 53 2429 ,
97 2374 210 2430 ,VL
252 2376 427 2435 Naetus
457 2376 602 2439 igitur
631 2376 866 2424 Andream
890 2376 1156 2439 Moravium
1184 2374 1534 2423 Tilibardinum
1567 2376 1732 2425 ducem
1764 2378 1843 2435 est,

8 2494 12 2497 .
41 2437 144 2500 lqui
162 2456 255 2487 non
277 2440 406 2488 ausus
424 2444 577 2505 palam
601 2441 642 2487 se
662 2441 828 2505 Anglis
846 2441 1128 2504 conjungere
1147 2440 1303 2504 palum
1326 2441 1374 2487 in
1393 2442 1547 2488 medio
1566 2441 1731 2497 amnis,
1752 2443 1847 2506 qua

20 2520 22 2523 ·
55 2504 351 2566 permeabilis
373 2519 471 2554 erat
488 2508 621 2566 noete
642 2505 808 2561 infixit,
833 2506 916 2569 qui
939 2505 1204 2569 Balliolanis
1222 2506 1310 2552 iter
1327 2506 1568 2554 indicaret.
1637 2507 1717 2567 1111
1738 2509 1847 2556 cum

39 2568 167 2625 „teeti
185 2569 324 2628 filvis,
347 2587 451 2636 quae
475 2571 739 2619 ulteriorem
763 2571 911 2635 ripam
932 2566 1183 2618 vestiebant
1204 2571 1393 2634 propius
1415 2573 1472 2619 ad
1503 2572 1675 2620 hostem
1699 2568 1847 2620 acces:

41 2631 221 2690 dissent,
251 2634 522 2701 intelligunt
541 2653 648 2683 eum
671 2635 780 2683 raris
800 2635 995 2700 vigiliis,
1025 2643 1065 2684 δε
1088 2635 1356 2683 stationibus
1376 2636 1596 2700 oppositis
1622 2639 1693 2699 (z)
1719 2639 1854 2688 velut

43 2695 105 2745 *in
127 2711 291 2761 pacato
313 2703 495 2749 noctem
528 2718 681 2765 agere.
749 2702 856 2748 Hac
877 2697 1037 2763 eorum
1070 2700 1358 2766 negligentia
1378 2701 1484 2748 freti
1511 2701 1678 2764 p'raeter
1707 2704 1847 2751 castra

57 2761 237 2810 summo
258 2781 364 2812 cum
384 2766 561 2814 silentio
583 2766 763 2814 ducunt
787 2785 797 2814 :
834 2772 871 2813 &
892 2766 940 2814 in
961 2763 1157 2828 aversam
1182 2778 1359 2828 partem
1379 2766 1599 2826 majorem
1621 2766 1664 2814 se
1685 2766 1753 2814 ibi
1775 2769 1846 2814 so-

56 2825 306 2876 litudinem
326 2831 411 2878 rati
432 2831 699 2879 inventuros
717 2832 943 2895 impetum
969 2828 1161 2894 faciunt.
1203 2830 1294 2876 Sed
1314 2831 1361 2877 in
1377 2849 1430 2878 ea
1450 2831 1594 2892 parte,
1609 2847 1703 2894 qua
1723 2832 1845 2880 sum-

57 2907 183 2948 mam
204 2894 538 2959 negligentiam
560 2897 659 2943 fore
682 2895 970 2959 speraverant
991 2896 1109 2943 forte
1127 2894 1385 2959 vigilabant
1403 2897 1612 2944 Thomas
1634 2898 1844 2946 Randol-

57 2955 132 3005 fus
155 2959 396 3016 Moraviae,
416 2962 649 3008 Robertus
674 2961 866 3010 Brufiius
880 2962 1094 3012 Cadusiae,
1116 2960 1364 3006 Mordacus
1385 2961 1596 3008 Taichiae
1615 2963 1844 3020 ComiteS,

57 3025 112 3080 ,δί
146 3025 410 3072 Alexander
442 3025 685 3074 FraseriuS.
755 3028 822 3073 Hi
856 3041 962 3073 cum
986 3025 1241 3073 amicornm
1265 3026 1430 3074 validis
1460 3027 1622 3074 turmis
1644 3027 1845 3090 primam

45 3083 254 3134 -hostium
276 3089 610 3154 impressionem
647 3092 830 3152 sortiter
851 3091 1153 3138 sustinuerunt
1175 3090 1306 3152 super
1339 3091 1518 3138 labrum
1540 3091 1679 3147 fossae,
1704 3109 1846 3156 quam

43 3149 269 3200 'decursus
307 3159 438 3218 aquae
459 3156 629 3218 pluviae
652 3155 823 3203 fecerat
845 3174 855 3201 ε
893 3156 1069 3204 interea
1089 3155 1197 3202 totis
1222 3154 1372 3201 castris
1391 3158 1582 3210 clamor,
1608 3163 1648 3204 ἃς
1670 3159 1844 3204 tumul-

54 3226 131 3263 tus
152 3233 279 3282 arma
299 3218 597 3283 capientium,
623 3227 663 3267 δε
686 3221 1034 3293 properantium
1059 3220 1115 3267 ad
1151 3220 1416 3267 conflictum
1453 3222 1556 3269 fuit.
1610 3223 1844 3283 ,Cumque

45 3287 233 3330 ,temere
254 3282 345 3330 fine
366 3283 542 3340 ordine,
564 3286 655 3333 fine
673 3288 810 3349 lignls
833 3285 1110 3342 festinarent,
1123 3284 1325 3349 primum
1344 3287 1543 3341 suorum,
1563 3287 1647 3348 qui
1666 3287 1844 3334 irruen-

69 3408 180 3461 (1)
210 3411 297 3449 The
324 3412 398 3448 earl
431 3413 476 3449 of
502 3414 638 3451 March
659 3429 668 3452 τ
700 3416 759 3454 his
792 3416 917 3454 father
972 3415 1085 3454 eldest
1103 3414 1298 3463 daughter,
1315 3418 1383 3453 and
1405 3416 1462 3454 his
1485 3415 1634 3454 brother
1652 3415 1757 3468 Jclm
1777 3416 1841 3454 th:

46 3460 133 3500 -had
159 3467 257 3502 stood
277 3466 335 3502 for
354 3466 418 3502 the
453 3465 546 3515 king
577 3469 622 3505 of
645 3470 829 3517 England,
852 3472 917 3507 but
972 3470 1094 3507 ether.

44 3524 133 3553 *was
149 3519 356 3555 reconciled
373 3527 411 3554 to
429 3518 523 3567 king
550 3521 677 3558 Rober
712 3537 723 3569 3
752 3523 916 3559 andvthis
1030 3525 1092 3574 (2)
1122 3523 1223 3561 Near
1241 3522 1384 3573 Duplin
1407 3537 1415 3559 ;
1448 3522 1502 3561 see
1522 3535 1599 3572 cap.
1623 3523 1660 3561 S.

55 3578 147 3608 man
163 3566 236 3608 had
255 3572 411 3610 married
434 3573 508 3609 eet-l
529 3574 699 3613 The-mas
719 3577 916 3613 Ramlail's

1780 3686 1846 3728 tes
