2025 3831
394 125 720 192 LIBER
816 121 1543 188 DUoDECIMUS.
1724 142 1851 206 333

12 264 13 268 ,
92 239 252 284 metas,
275 240 384 288 quas
405 233 566 267 natura
585 217 751 272 statuit,
770 215 897 264 sexus
920 217 1132 279 postulat,
1152 215 1429 263 consuetudo
1460 219 1669 273 affirmat,
1694 223 1735 266 «Sc
1755 235 1858 267 om-

8 270 13 300 ξ
91 294 220 343 nium
249 304 363 353 pene
389 284 596 347 gentium
618 281 833 330 consensu
853 282 958 331 latae
979 283 1105 346 leges
1128 280 1385 346 approbant
1418 299 1428 327 ε
1462 282 1536 326 sed
1561 283 1640 343 qui
1670 282 1735 330 sui
1757 300 1860 330 eam

9 350 16 357 Ἀ
90 353 294 404 oblivisci
304 351 488 411 jubent,
507 354 546 394 &
565 346 846 408 omniajuris
865 344 1048 393 vincula
1064 360 1375 408 perrumpere,
1390 345 1691 408 ordinemque
1710 358 1863 395 reru'm

91 437 120 470 a
140 422 243 467 Deo
263 416 535 467 institutum,
561 412 640 458 usu
663 423 916 474 receptum,
945 415 983 456 &
1006 409 1055 457 in
1077 409 1291 457 omnibus
1316 410 1433 456 bene
1455 410 1640 455 moratis
1664 410 1861 459 civitati-

89 483 174 531 bus
196 481 438 542 probatum
457 476 721 540 perturbare
743 475 945 523 suadent.
978 475 1098 521 Eum
1120 474 1328 522 ordinem
1350 473 1616 536 quicunque
1635 475 1862 538 negliget,

86 561 245 609 graves
268 559 359 590 non
378 542 659 596 hominibus,
686 540 759 586 sed
782 540 886 586 Deo
908 538 1086 586 suarum
1109 541 1267 602 legum
1289 537 1463 584 vindici
1487 538 1670 584 exolvet
1687 555 1863 600 poenas.
1884 561 1887 563 ·

89 610 215 660 Nam
238 608 269 654 fi
293 620 487 654 mortem
516 607 591 652 lex
613 604 772 653 divina
792 603 994 649 minatur
1016 603 1115 650 viro
1139 602 1428 656 muliebrem,
1453 614 1530 649 aut
1552 600 1735 649 mulieri
1756 603 1867 650 viri-

52 701 55 705 »
88 676 179 728 lem
210 673 377 719 vestem
400 669 629 723 induenti,
660 668 789 730 quod
811 666 1087 730 supplicium
1110 667 1211 713 satis
1234 682 1316 728 pro
1348 667 1670 735 magnitudine
1691 666 1867 715 sceleris

88 754 227 806 grave
249 736 313 785 eis
334 734 630 798 irrogabitur,
654 733 736 795 qui
754 730 1017 778 adulatione
1037 732 1306 794 praepostera
1327 742 1471 777 totam
1496 744 1667 777 naturae
1687 732 1804 786 vim,
1826 738 1868 779 &

87 814 359 867 perpetuam
380 799 474 846 Dei
495 797 866 847 constitutionem
888 808 1096 845 evertant
1120 799 1136 842 ?
1171 794 1310 841 vultis
1333 795 1612 858 intelligere,
1637 795 1778 858 quam
1798 795 1870 843 isti

89 868 377 919 assentatores
410 879 503 910 non
525 879 582 910 ex
604 861 748 912 animi
773 860 989 909 sententia
1028 861 1276 922 loquantur
1301 863 1317 905 ?
1354 861 1401 906 in
1425 874 1655 910 conventu
1678 860 1870 923 publico

90 931 245 978 dicere
258 927 555 982 sententiam,
574 926 668 989 juri
689 924 892 973 dicundo
929 926 1130 987 praeeffe,
1149 925 1274 987 leges
1304 940 1481 988 rogare,
1502 937 1581 973 aut
1603 925 1824 988 abrogare
1849 931 1868 973 ?

91 997 212 1043 Haec
235 995 410 1058 singula
431 994 510 1040 etsi
533 1009 614 1055 per
631 991 674 1037 se
696 991 851 1054 ampla
872 990 989 1045 sunt,
1013 991 1235 1055 quantula
1257 1000 1409 1036 tamen
1428 990 1580 1051 portio
1599 990 1699 1036 sunt
1721 990 1873 1037 admi-

91 1058 366 1113 nistrationis
381 1058 581 1120 publicae
603 1060 619 1102 ?
652 1072 733 1103 cur
747 1072 857 1118 ergo
876 1071 1034 1103 eorum
1058 1071 1221 1101 uxores
1235 1052 1310 1100 hic
1328 1054 1564 1102 nobiscum
1582 1071 1676 1101 non
1694 1055 1875 1103 consul·

94 1128 228 1172 tant?
259 1122 449 1184 judiciis
471 1122 714 1185 praesident
738 1124 754 1167 ?
789 1121 912 1182 leges
936 1119 1124 1165 suadent
1144 1131 1223 1166 aut
1245 1118 1496 1166 dissuadent
1521 1121 1538 1165 ?
1569 1135 1650 1166 cur
1680 1136 1771 1166 non
1788 1120 1877 1168 do.

93 1190 160 1238 mi
182 1188 270 1234 suae
287 1188 371 1250 ipfi
393 1203 489 1233 rem
511 1184 784 1233 familiarem
823 1196 1069 1246 procurant
1093 1186 1110 1228 ?
1146 1188 1186 1230 &
1209 1199 1371 1229 uxores
1406 1183 1455 1231 in
1479 1184 1617 1230 castra
1639 1184 1829 1232 mittunt
1853 1189 1872 1233 ἓ

98 1253 241 1316 Qod
264 1252 311 1306 si,
336 1250 505 1316 quibus
550 1268 644 1299 rem
667 1249 940 1296 familiarem
962 1247 1248 1295 committere
1270 1247 1348 1293 vix
1366 1248 1552 1302 audent,
1593 1249 1763 1296 nedum
1785 1250 1877 1297 mi-

95 1318 235 1364 nimae
252 1315 430 1380 negotii
448 1314 625 1378 publici
645 1313 764 1378 parti
786 1329 913 1376 pares
933 1314 1017 1360 effe
1038 1311 1312 1366 existiment,
1342 1329 1415 1359 eas
1454 1313 1611 1359 nostris
1634 1314 1876 1376 imponere

95 1382 260 1428 volunt
279 1381 553 1435 cervicibus,
575 1380 729 1426 videte
750 1377 891 1441 quam
913 1377 995 1424 fibi
1015 1378 1219 1423 constent
1242 1395 1254 1424 ι
1291 1377 1353 1423 fin
1390 1376 1471 1439 ipfi
1491 1377 1770 1426 infirmitatis
1792 1381 1881 1428 suae

98 1446 183 1495 fibi
203 1445 373 1495 conscii
390 1444 513 1491 idem
533 1443 747 1497 sentiunt,
784 1441 910 1506 quod
949 1444 1220 1504 loquuntur,
1257 1442 1331 1487 sed
1352 1443 1546 1504 pudore,
1567 1443 1714 1506 magis
1734 1443 1878 1508 quam

92 1510 275 1573 judicio
297 1509 588 1564 cohibentur,
615 1509 818 1555 desinant
836 1508 956 1554 male
974 1507 1148 1569 sperare
1183 1508 1238 1553 de
1258 1505 1377 1560 aliis,
1402 1507 1482 1571 qui
1506 1506 1599 1562 sua,
1619 1508 1708 1554 hoc
1725 1510 1785 1555 est
1806 1509 1879 1557 vi-

100 1576 256 1621 rorum
277 1573 427 1620 officia
447 1574 640 1637 implere
663 1579 703 1619 &
724 1573 904 1626 volunt,
930 1578 970 1618 δε
995 1571 1189 1634 poffunt.
1262 1570 1342 1616 Sin
1380 1571 1528 1634 (quod
1566 1573 1712 1636 magis
1751 1576 1878 1634 reor)

97 1639 189 1686 hoc
209 1637 516 1685 assentationis
536 1654 704 1701 genere
728 1636 771 1682 se
791 1635 982 1699 Reginae
998 1635 1330 1699 gratificaturos
1342 1647 1522 1698 putent,
1538 1652 1614 1684 eos
1628 1638 1879 1695 admoneo,
1927 1683 1931 1689 .

95 1706 148 1754 &
171 1703 346 1759 hortor,
373 1716 422 1750 ut
448 1702 605 1756 salsam
624 1701 753 1752 istam
776 1702 832 1747 de
854 1700 1061 1764 principe
1085 1701 1272 1751 summae
1293 1700 1549 1763 prudentiae
1565 1700 1800 1765 deponant
1826 1720 1879 1751 o-

97 1767 336 1831 pinionem
358 1785 370 1813 ε
404 1782 489 1814 nec
506 1784 607 1814 eam
624 1769 738 1813 adeo
758 1781 909 1812 rerum
927 1765 1135 1830 ignaram
1157 1766 1360 1819 credant,
1388 1779 1437 1811 ut
1459 1766 1586 1827 quod
1607 1766 1707 1813 aliis
1727 1768 1882 1815 foemi-

102 1832 172 1885 nis
191 1833 296 1879 effet
318 1832 640 1895 turpissimum,
658 1831 707 1877 in
730 1846 785 1878 eo
803 1830 891 1875 suae
905 1830 1146 1894 dignitatis
1164 1843 1243 1877 aut
1262 1830 1598 1878 incrementum
1619 1832 1781 1887 ullum,
1801 1845 1884 1882 aut

99 1909 420 1944 ornamentum
459 1897 595 1948 inesse
615 1896 872 1943 arbitretur.
941 1895 1119 1942 Invitus
1142 1895 1191 1941 in
1209 1896 1326 1941 hanc
1348 1895 1603 1945 orationem
1626 1895 1880 1961 ingredior.

168 1963 303 2008 XIV.
345 1970 379 1996 “
413 1963 576 2025 Itaque
596 1978 700 2008 cum
739 1960 953 2024 princeps
974 1959 1262 2007 illustrissima
1281 1961 1339 2006 de
1362 1959 1565 2009 universo
1583 1977 1727 2025 regno
1743 1962 1809 2009 ita
1830 1963 1884 2011 fit

101 2027 367 2089 promerita,
393 2039 443 2073 ut
462 2026 578 2073 nihil
596 2025 753 2073 audire
770 2024 951 2080 debeat,
970 2026 1098 2088 quod
1119 2026 1325 2072 animum
1348 2025 1387 2086 ej
1397 2042 1463 2080 us,
1488 2037 1566 2072 aut
1583 2042 1712 2072 aures
1735 2028 1884 2076 offen—

102 2090 212 2137 dere
233 2091 392 2153 poffet,
415 2091 645 2146 omittam,
666 2107 769 2154 quae
787 2089 835 2135 in
861 2089 1338 2137 sexus'contumeliam
1378 2090 1436 2136 ab
1474 2089 1700 2153 improbis
1718 2091 1884 2151 jafitari

104 2154 260 2209 audio,
281 2158 331 2204 δε
352 2154 594 2210 virtutum,
618 2171 722 2218 quae
740 2154 933 2216 Reginae
951 2153 1054 2201 sunt
1074 2155 1272 2218 propriae
1290 2154 1443 2218 potius
1464 2154 1686 2218 usurpabo
1705 2172 1885 2204 memo-

100 2217 235 2265 riam.
304 2219 394 2264 Hae
415 2219 540 2266 enim
553 2219 881 2281 cumplurimae
903 2219 1005 2274 sint,
1028 2222 1080 2269 δε
1101 2220 1150 2266 in
1169 2220 1327 2283 primis
1348 2219 1558 2274 illustres,
1577 2219 1707 2266 nulla
1728 2232 1885 2272 tamen

46 2293 53 2303 ”
101 2284 324 2344 majorem
362 2283 405 2329 ei
427 2285 550 2346 apud
574 2300 734 2330 omnes
776 2284 1244 2339 commendationem,
1283 2288 1336 2339 ὃς
1372 2284 1557 2331 laudem
1595 2284 1884 2344 conciliavit,

102 2347 246 2410 quam
269 2348 502 2400 modestia.
570 2350 636 2395 Ea
672 2348 796 2394 enim
832 2347 956 2395 istius
978 2348 1106 2395 sexus
1128 2349 1193 2396 ita
1210 2349 1397 2412 propria
1425 2348 1724 2405 existimatur,
1761 2362 1811 2398 ut
1831 2352 1884 2401 in.

102 2411 282 2476 privata
303 2413 575 2476 plaerunque
596 2412 691 2459 vita
707 2413 797 2463 alia
813 2413 1004 2461 aliarum
1026 2413 1140 2461 vitia
1159 2422 1233 2462 vel
1251 2413 1444 2462 omnino
1460 2414 1640 2470 texerit,
1665 2415 1738 2461 vel
1760 2417 1887 2465 cert&

70 2509 75 2511 Δ
103 2476 368 2532 obscurarit.
436 2479 491 2524 In
512 2477 722 2541 principe
751 2494 861 2528 vero
886 2479 1047 2534 nostra,
1088 2479 1217 2540 cujus
1256 2481 1318 2527 ob
1362 2479 1575 2534 fortunae,
1614 2479 1886 2544 generisque

103 2540 359 2596 claritatem
395 2543 576 2591 nullum
600 2543 791 2598 dic'tum,
832 2542 1061 2590 factumve
1083 2544 1132 2590 in
1154 2543 1344 2592 obscuro
1367 2544 1452 2590 effe
1483 2546 1646 2607 potest,
1686 2544 1752 2591 ita
1785 2546 1887 2593 haec

104 2607 344 2669 praelucet‚
389 2619 439 2654 ut
461 2607 558 2669 ejus
576 2607 976 2665 commendatione
997 2620 1172 2655 caeterae
1189 2609 1379 2657 virtutes
1396 2610 1618 2673 gratiores
1642 2609 1739 2656 fieri
1756 2610 1888 2660 vide-

76 2681 84 2694 ³
104 2683 255 2721 antur.
325 2672 447 2718 Cum
465 2688 520 2718 ea
539 2671 681 2735 igitur
703 2671 820 2718 mihi
840 2673 987 2736 longa
1002 2673 1207 2721 oratione
1226 2691 1318 2721 non
1340 2674 1401 2721 est
1423 2689 1538 2737 opus
1559 2691 1572 2721 ι
1606 2673 1682 2720 sed
1705 2685 1888 2724 tantum

107 2743 159 2781 ut
180 2736 471 2792 admoneam,
492 2743 532 2784 δε
550 2738 722 2792 horter,
748 2748 798 2783 ut
819 2753 957 2799 quam
981 2737 1117 2784 semel
1147 2739 1206 2784 ad
1228 2739 1385 2793 decus,
1410 2743 1450 2785 &
1474 2737 1668 2802 gloriam
1691 2738 1887 2802 ingressa

105 2800 168 2845 est
186 2799 327 2856 viam,
344 2817 444 2854 eam
459 2803 712 2848 constanter
726 2813 878 2848 teneat
898 2820 909 2848 ;
936 2819 1026 2849 neu
1042 2803 1112 2865 cuj
1121 2802 1605 2865 usquam-assentationi
1620 2803 1686 2849 ita
1705 2802 1746 2849 se
1768 2821 1887 2867 prae-

111 2862 233 2918 beat,
250 2877 300 2914 ut
317 2863 382 2912 sui
399 2865 719 2913 obliviscatur:
745 2864 969 2929 malitque
985 2881 1179 2923 certum,
1200 2874 1242 2915 &
1260 2867 1417 2923 multis
1434 2867 1760 2930 experimentis
1778 2885 1889 2933 pro-

106 2925 267 2975 batum
284 2927 371 2981 iter
391 2931 448 2981 ad
463 2931 665 2986 laudem,
681 2936 722 2976 δε
743 2929 1140 2980 immortalitatem
1153 2932 1372 2988 insistere,
1387 2931 1528 2996 quam
1544 2950 1626 2996 per
1645 2932 1887 2996 ancipitia,

111 2995 153 3037 &
174 2990 325 3040 intuta
340 2993 679 3058 progrediendo
716 2997 934 3050 anteactae
966 2997 1073 3043 vitae
1095 2998 1253 3052 decuS,
1277 3001 1329 3048 &
1349 2997 1638 3060 splendorem
1659 2997 1707 3051 in
1730 2998 1890 3046 discri-

110 3070 220 3101 men
242 3055 443 3110 mittere..
506 3059 758 3111 Vobiscum
779 3060 895 3107 mihi
912 3062 1061 3109 omnis
1083 3061 1370 3124 disceptatio,
1390 3061 1471 3125 qui
1493 3063 1566 3109 vel
1583 3061 1761 3110 invidia
1777 3080 1891 3128 erga

40 3153 43 3157 -
110 3118 341 3175 melioreS,
365 3137 480 3183 quos
501 3138 558 3169 ne
579 3123 712 3170 vobis
737 3137 1090 3187 anteponantur,
1114 3126 1285 3174 timetis
1310 3145 1323 3175 :
1358 3128 1430 3175 vel
1467 3144 1607 3189 prava
1632 3127 1888 3175 ambitione

111 3183 236 3246 apud
260 3184 427 3231 bonam
467 3186 725 3250 principem
766 3189 932 3245 futurae
966 3191 1127 3254 gratiae
1161 3190 1462 3239 fundamenta
1477 3192 1648 3253 jacitis·
1715 3192 1886 3240 Dicam

108 3246 273 3311 igitur,
290 3247 471 3311 Regina
487 3250 736 3309 clarissima‚
758 3256 900 3302 fretus
923 3267 1003 3302 tua
1033 3255 1294 3319 prudentia,
1319 3257 1447 3320 quod
1468 3256 1630 3311 sentio,
1651 3258 1704 3308 δε
1740 3256 1888 3304 libere

111 3313 280 3359 dicam.
348 3313 425 3360 Isti
449 3329 539 3361 non
563 3326 626 3369 te,
650 3315 726 3367 sed
747 3328 872 3372 tuam
900 3319 1132 3374 fortunam
1155 3321 1453 3385 alloquuntur
1477 3339 1489 3368 :
1522 3323 1574 3373 ὃς
1598 3322 1709 3367 dum
1740 3320 1889 3384 Regi-

70 3402 86 3405 κ’
114 3392 220 3425 narn
243 3377 467 3441 cogitant,
489 3379 683 3434 eandem
701 3397 887 3445 quoque
908 3383 1148 3437 foeminam
1166 3387 1251 3441 effe
1272 3385 1479 3433 oblivisci
1499 3385 1729 3432 videntur.
1763 3385 1888 3434 Cum

113 3439 353 3494 foeminam
374 3442 480 3489 dico
501 3446 578 3504 (ne
599 3443 703 3506 quis
724 3447 1052 3496 contumeliose
1089 3449 1138 3496 id
1160 3450 1335 3503 difitum
1353 3451 1696 3513 interpretetur)
1734 3448 1896 3510 homig

115 3519 221 3557 nem
243 3505 366 3561 dico,
391 3506 468 3552 cui
490 3520 650 3554 natura
671 3509 775 3556 cum
796 3511 998 3575 plurima
1018 3514 1198 3562 dederit
1235 3515 1566 3568 blandimenta,
1587 3511 1912 3577 &indulgen·.

115 3566 194 3625 tiae
214 3569 304 3627 [αῖς
324 3587 531 3632 munera,
556 3573 779 3631 nonnulla
815 3575 957 3629 etiam
977 3578 1218 3636 admiscuit
1242 3583 1314 3644 (ut
1336 3575 1657 3645 pulcherrimis
1679 3593 1886 3646 quoque,
1906 3637 1911 3642 p

1847 3653 1892 3701 ὅσ,
