2025 3831
0 0 12 89 ξ

0 95 10 127 ὲ

0 131 9 206 ᾗ

0 213 6 230 Ι

2 243 5 254 l

0 262 5 281 t

0 284 9 316 l}

404 163 734 227 Lissnrt
812 157 1461 224 UNDECIMUS.
1695 174 1833 241 297

55 283 198 332 quam
215 264 376 313 acerba
397 263 495 313 sint,
521 260 730 323 graviora
752 259 968 306 omnibus
986 254 1268 320 expedianda
1286 252 1430 306 fuisse,
1445 253 1522 299 nifi
1547 253 1705 302 divino
1731 262 1832 315 pla·

60 349 119 378 ne
144 330 329 377 confilio
352 342 440 372 non
462 325 611 370 minus
631 325 821 375 fortiter,
849 323 987 385 quam
1012 321 1206 368 feliciter
1228 320 1404 381 Regem
1424 318 1448 364 e
1469 333 1663 372 carc-ere,
1687 332 1830 367 caete-

57 412 131 441 ros
155 396 182 440 ὲ
202 388 474 440 Cancellarii
493 390 730 450 tyrannide
754 389 933 450 Regina
955 386 1239 433 liberavisset.
1285 382 1363 428 Ab
1381 400 1453 439 eo,
1474 382 1556 445 qui
1578 384 1756 446 Regem
1777 384 1830 433 in

50 455 251 504 custodia
272 454 494 508 tenuisset,
510 453 622 514 quid
642 454 828 515 privatis
847 452 966 498 foret
981 450 1257 503 timendum,
1273 446 1444 496 nemini
1464 446 1548 494 esse
1565 447 1828 496 obscurum.

52 524 170 584 Qae
199 519 292 580 spes
325 518 651 565 reconciliandi
681 516 944 564 adversariis
978 531 1084 561 cum
1112 530 1166 560 eo
1189 513 1345 559 reliCta
1375 511 1510 566 foret,
1546 511 1625 573 qui
1650 511 1826 559 amicos

48 597 140 630 tam
179 582 351 644 perfide
384 581 736 629 circumveniret
765 584 784 627 ?
817 580 943 643 quod
965 578 1210 625 subsidium
1234 578 1292 624 ab
1323 593 1380 623 eo
1408 575 1694 624 tenuioribus
1719 578 1828 625 efl'et

47 647 336 709 sperandum,
373 647 498 706 cujus
520 644 792 707 inexplebili
815 643 1015 690 avaritiae
1037 642 1245 689 omnium
1271 643 1391 688 bona
1413 659 1505 690 non
1530 639 1785 690 sufficerent
1807 643 1828 685 ἓ

48 712 207 774 itaque
224 714 328 759 esim
352 727 440 771 ope
463 710 620 755 divina
656 709 876 773 primum,
896 707 1062 754 deinde
1086 706 1280 768 Reginae
1314 705 1493 753 solertia
1522 706 1580 752 ab
1614 706 1712 768 ejus
1738 705 1830 752 im-

47 776 253 840 potentia
271 774 420 822 sintin
441 775 696 821 libertatem
722 774 829 820 vind
852 772 957 826 cati,
992 770 1363 834 prospiciendum
1389 770 1518 819 omni
1548 769 1742 826 ratione,
1782 779 1834 818 ut

54 840 152 887 haec
175 839 342 887 laeticia
366 839 430 886 eis
454 839 504 885 sit
529 851 764 901 perpetua.
834 838 989 886 Uriam
1014 835 1068 882 ad
1092 836 1140 882 id
1171 835 1291 882 viam
1315 838 1488 883 restare.
1516 836 1547 884 fi
1570 837 1628 882 ab
1652 839 1733 881 ilia
1759 850 1832 896 ty-

49 904 251 953 rannidis
274 920 376 951 arce
395 904 627 950 hominem
648 902 887 949 extrahant
905 919 915 948 ε
935 907 982 950 &c
1001 915 1079 947 aut
1096 899 1378 963 ouprimant,
1395 915 1473 948 aut
1490 901 1554 947 ita
1572 912 1828 954 exarment‚

46 983 94 1016 ut
121 986 175 1015 ne
197 969 310 1033 quid
334 970 391 1015 ab
417 986 472 1014 eo
503 969 549 1014 in
582 969 806 1030 posterum
829 968 879 1013 sit
907 970 1220 1013 metuendum.
1286 967 1565 1029 Qanquarn
1596 964 1646 1011 id
1678 965 1831 1027 ipsum

49 1050 212 1097 parum
240 1048 389 1080 tutum
415 1034 500 1080 esse
534 1052 543 1079 z
578 1033 804 1079 imbutam
828 1031 948 1078 enim
974 1030 1197 1085 eaedibus,
1224 1035 1265 1076 δε
1287 1031 1459 1092 rapinis
1484 1030 1684 1078 belluam
1709 1046 1830 1078 nun-

46 1114 187 1161 quam
210 1099 575 1159 conquietumm,
603 1098 713 1142 dum
736 1095 935 1157 spiritus,
962 1101 1001 1140 Sc
1023 1095 1141 1142 vires
1165 1094 1208 1139 ei
1230 1094 1535 1156 suppeterent.

118 1163 201 1208 VI.
236 1164 355 1208 Haec
373 1162 419 1208 in
442 1161 642 1207 coneilio
661 1177 767 1207 cum
795 1159 1050 1206 Alexander
1069 1172 1238 1222 magno
1255 1174 1358 1204 cum
1379 1159 1664 1206 audientium
1688 1160 1831 1208 ass‘en-

47 1226 93 1274 st'i
117 1226 394 1280 differaiffet‚
415 1226 463 1273 fit
482 1227 734 1279 decretum,
757 1237 807 1271 ut
826 1225 1016 1271 domurn
1040 1223 1219 1275 reverfi,
1243 1236 1467 1284 quantum
1491 1224 1683 1287 quisque
1706 1225 1832 1272 miii-

49 1305 147 1338 tum
170 1290 347 1352 possint,
365 1291 612 1337 adducant.
652 1292 818 1337 Arcem
841 1290 964 1336 enim
979 1287 1388 1349 Edimburgensem
1413 1289 1727 1343 obsidendam,
1747 1305 1833 1336 nec

46 1368 151 1403 ante
176 1373 269 1402 rem
293 1356 548 1403 confectam
571 1355 679 1402 inde
701 1353 1044 1400 discedendum.
1115 1352 1169 1398 Id
1192 1354 1287 1413 quo
1311 1352 1490 1400 facilius
1516 1355 1658 1406 fieret,
1683 1355 1832 1417 Regi-

48 1437 108 1467 na
132 1437 351 1483 magnum
377 1420 594 1467 frumenti
619 1436 862 1467 numerum
887 1417 911 1465 ὲ
934 1416 1021 1465 suis
1044 1416 1236 1468 horreis,
1275 1435 1378 1480 quae
1402 1417 1447 1464 in
1471 1419 1573 1465 Fifa
1593 1433 1737 1473 erant,
1757 1421 1833 1468 ἐὸ

46 1485 90 1532 se
117 1485 406 1532 advefituram
438 1485 697 1547 pollicetur.
768 1483 1019 1530 Celeritate
1051 1498 1166 1541 opus
1190 1482 1293 1535 effe,
1324 1482 1435 1529 dum
1471 1482 1656 1529 comnia
1678 1484 1832 1530 adhuc

47 1551 232 1595 occulta
257 1549 372 1604 sunt,
401 1550 597 1596 necdum
622 1550 679 1595 ab
702 1548 824 1594 hoste
857 1547 1032 1610 provisa
1052 1546 1220 1602 forent,
1245 1563 1348 1610 quae
1379 1547 1609 1594 oblidioni
1631 1550 1834 1595 toleran-

49 1614 120 1660 dae
142 1614 278 1660 eisent
303 1615 562 1660 commoda.
598 1613 700 1659 Nec
721 1613 777 1658 ab
798 1613 1032 1676 Duglaffio
1055 1612 1237 1657 interim
1263 1611 1515 1674 quicquam
1538 1612 1796 1662 timendum
1814 1629 1829 1659 ε

49 1694 184 1740 quem
209 1677 257 1725 in
277 1678 617 1725 Cancellarium
639 1678 749 1724 odio
769 1676 1052 1739 implacabili
1074 1677 1159 1722 esse
1177 1677 1356 1723 scirent.
1417 1678 1560 1724 Penes
1583 1676 1625 1724 se
1644 1677 1830 1732 virium,

49 1745 101 1793 δε
131 1742 335 1803 pecuniae
358 1743 478 1799 satis,
504 1760 640 1804 penes
665 1742 705 1789 se
731 1742 867 1806 Regii
892 1740 1090 1788 nominis
1113 1741 1431 1788 auditoritatem
1453 1743 1554 1796 esse,
1580 1758 1672 1805 qua
1695 1742 1832 1792 semel

49 1806 161 1854 hosti
186 1810 402 1870 adempta
426 1809 599 1854 nullam
621 1807 744 1870 spem
771 1807 984 1869 ampliu3‚
1012 1806 1090 1852 nisi
1115 1821 1159 1851 in
1184 1805 1386 1867 ipsorum
1409 1806 1656 1853 clementia
1676 1806 1833 1871 super-

48 1873 147 1919 esse.
193 1875 264 1920 Ita
284 1886 514 1920 conventu
532 1872 695 1926 soluto,
720 1872 847 1918 brevi
869 1873 1001 1918 rebus
1025 1871 1241 1918 omnibus
1264 1872 1321 1918 ad
1343 1871 1688 1934 expeditionem
1707 1888 1839 1920 com-

20 1979 33 2002 ·.
50 1937 235 1999 paratis,
259 1953 338 1984 arx
359 1938 594 1984 obsidione
617 1936 854 1983 arftiffima
875 1935 1121 1984 clauditur.

113 2003 226 2049 VII.
258 2004 437 2049 Interea
460 2001 789 2056 Cancellaiius,
810 2001 890 2065 qui
909 2001 1102 2048 hostium
1122 2012 1310 2047 conatus
1330 2001 1590 2063 exploratos
1614 2001 1833 2058 habebat,

48 2064 270 2112 summam
294 2066 415 2127 spem
439 2067 608 2121 salutis,
630 2073 670 2114 &⁷
689 2065 930 2128 dignitatis
955 2066 1134 2112 tuendae
1153 2065 1200 2112 in
1223 2082 1279 2112 eo
1304 2066 1520 2128 ponebat,
1547 2066 1578 2113 si
1602 2067 1833 2128 Duglaffi-

52 2147 128 2176 um
148 2130 300 2176 secum
321 2132 637 2194 conjungeret.
712 2130 827 2176 >stiffi
851 2131 1009 2194 igitur,
1035 2130 1115 2193 qui
1139 2129 1418 2192 suppliciter,
1445 2134 1492 2180 ὅτ,
1518 2131 1702 2178 demisse
1725 2148 1834 2179 cum

46 2210 105 2241 eo
128 2208 332 2256 agerent,
370 2196 803 2258 Cancellarii'imque
825 2195 873 2241 in
898 2196 1034 2241 fidem
1061 2194 1154 2254 ejus
1186 2195 1434 2251 traderent,
1471 2195 1501 2241 si
1524 2195 1570 2242 in
1595 2197 1834 2258 praesentia

48 2259 273 2306 auxilium
304 2259 456 2306 ferret.
526 2260 642 2307 Falli
670 2261 792 2307 enim
817 2258 1121 2322 Duglaflium,
1149 2259 1177 2304 si
1199 2259 1488 2306 Cancellario
1511 2261 1730 2316 extinftm
1754 2278 1838 2324 per

50 2324 186 2386 quem
209 2324 269 2370 ad
289 2324 426 2386 ipsius
450 2325 640 2371 exitium
665 2324 860 2388 gradum
883 2324 1070 2377 faciant,
1096 2324 1163 2370 ibi
1191 2323 1468 2372 existimaret
1489 2324 1732 2374 libidinem
1755 2343 1837 2373 eo-

51 2404 170 2442 rum,
192 2394 232 2435 Sc
250 2390 567 2436 crudelitatem
593 2388 819 2436 staturam.
889 2389 965 2435 Ad
988 2405 1040 2435 ea
1058 2388 1320 2452 Duglassius
1341 2389 1485 2450 magis
1509 2388 1672 2446 libere,
1693 2390 1839 2453 quam

51 2453 224 2511 utiliter
245 2453 493 2516 respondit,
523 2454 855 2507 Alexandrum,
879 2457 924 2501 3<
947 2452 1239 2500 Gulielmum
1264 2454 1360 2516 pari
1384 2455 1470 2501 effe
1491 2455 1700 2518 perfidia,
1721 2461 1763 2503 δε
1785 2473 1836 2503 a·

51 2517 212 2565 varitia
235 2536 246 2565 ε
282 2519 453 2566 nonde
476 2519 662 2572 virtute,
689 2524 729 2565 δι
752 2519 875 2566 bono
898 2517 1105 2579 publico,
1134 2517 1209 2565 sed
1232 2519 1290 2565 de
1313 2517 1500 2579 privatis
1523 2532 1602 2567 aut
1623 2536 1836 2569 commo·

48 2581 136 2637 dis,
158 2594 235 2629 aut
255 2582 557 2631 simultatibus
579 2597 810 2630 certamen
828 2583 948 2630 inter
965 2600 1041 2631 eos
1063 2584 1175 2629 effe:
1198 2599 1292 2646 quo
1310 2583 1357 2630 in
1377 2583 1627 2632 certamine
1652 2597 1751 2633 uter
1767 2586 1838 2633 al·

48 2657 198 2694 terum
225 2647 444 2703 vinceret,
469 2648 584 2695 nihil
607 2649 828 2696 intereffe.
898 2647 944 2694 Si
969 2662 1161 2711 uterque
1183 2648 1434 2704 occidiffet‚
1461 2666 1632 2714 magno
1654 2650 1701 2696 id
1726 2650 1835 2699 toti-

52 2727 104 2758 us
122 2712 251 2775 regni
273 2714 586 2761 emolumento
605 2713 828 2761 futurum.
889 2713 993 2760 Nec
1017 2713 1162 2759 ullum
1185 2712 1284 2760 viro
1304 2714 1426 2760 bono
1446 2714 1595 2762 laetius
1614 2717 1734 2777 posse
1752 2716 1834 2764 da·-

51 2774 90 2823 ri
111 2774 432 2837 spectaculum,
457 2777 599 2840 quam
617 2778 647 2825 fi
670 2779 761 2825 tale
783 2794 866 2839 par
885 2778 1195 2842 gladiatorum
1216 2778 1502 2826 commissum
1524 2794 1745 2828 cerneret.

115 2841 253 2888 VIII.
286 2842 342 2889 id
368 2842 626 2905 responsum
653 2859 758 2890 cum
779 2843 876 2904 jam
903 2842 1072 2890 obseffa
1096 2858 1197 2890 arce
1224 2843 1348 2907 apud
1376 2843 1588 2907 utr6sque
1617 2843 1834 2908 divulga-

49 2913 149 2952 tum
166 2906 288 2961 effet,
311 2907 479 2964 effecit,
502 2921 552 2955 ut
572 2907 781 2956 omnium
803 2907 880 2971 spe
898 2906 1089 2954 celerius
1112 2908 1170 2954 de
1191 2923 1305 2971 pace
1322 2909 1606 2958 conveniret.
1640 2911 1838 2958 Induti-

47 2965 148 3017 isin
166 2968 357 3018 biduum
377 2973 511 3028 dati3‚
534 2973 815 3029 Alexander,
833 2978 874 3020 δε
893 2970 1160 3019 Gulielmus
1177 2972 1298 3020 inter
1318 2972 1360 3020 se
1381 2973 1602 3023 collocuti
1618 2973 1837 3024 intellex-

49 3045 202 3089 erunt,
217 3048 390 3095 quanta
409 3050 500 3084 non
518 3037 664 3086 solum
685 3036 891 3100 publica,
916 3038 990 3085 sed
1012 3037 1188 3102 privata
1211 3037 1447 3102 utriusque
1469 3039 1670 3100 pernicie
1692 3039 1834 3088 dimi-

51 3097 198 3150 caturi
219 3097 372 3152 efferat,
396 3099 428 3147 si
448 3100 495 3148 in
517 3102 628 3155 odio
650 3100 943 3166 pertinaciter
964 3103 1227 3166 perstarent.
1295 3103 1585 3167 Duglassium
1606 3103 1731 3153 enim
1754 3121 1834 3154 ve-

52 3160 126 3213 lut
153 3162 202 3209 in
225 3161 407 3222 specula
425 3163 662 3231 ‘intentum
692 3168 740 3215 in
762 3166 859 3229 ejus
891 3167 1152 3216 certaminis
1169 3179 1400 3215 eventum
1429 3171 1556 3224 stare,
1583 3182 1634 3218 ut
1653 3170 1834 3234 integer

55 3226 276 3274 vitiorem
296 3227 551 3278 adoriretur
579 3229 596 3285 Α;
632 3236 681 3281 ὃς
702 3248 862 3280 omnes
884 3233 1014 3298 regni
1039 3232 1159 3280 vires
1180 3244 1260 3280 aut
1284 3232 1428 3280 altero
1458 3233 1653 3290 sublato,
1677 3247 1756 3282 aut
1780 3253 1835 3282 u·

53 3299 216 3355 troque
238 3292 398 3347 fraCtO,
419 3298 458 3340 &
476 3294 721 3344 debilitato
739 3297 789 3344 in
809 3296 852 3345 se
872 3314 1012 3345 unum
1032 3297 1258 3345 traheret:
1284 3298 1461 3346 nullam
1478 3299 1683 3347 alterutri
1703 3299 1829 3362 spem

53 3351 222 3411 salutis,
245 3357 325 3403 nifi
349 3356 396 3414 in
417 3356 655 3406 communi
672 3361 918 3409 concordia
935 3362 1049 3410 fore.
1103 3363 1270 3427 Itaque
1288 3362 1499 3412 homines
1521 3363 1697 3427 alioqui
1718 3379 1833 3426 pru-

54 3415 210 3479 dentes
232 3420 423 3483 praesens
448 3422 712 3484 periculum'
722 3422 856 3474 facile
873 3427 1157 3479 conciliavit.
1215 3426 1482 3477 Gulielmus
1504 3428 1729 3483 clavibus,
1758 3427 1826 3474 uti

58 3493 344 3542 convenerat,
379 3486 502 3551 Regi
529 3487 715 3543 oblatis,
745 3487 804 3543 se,
826 3490 1072 3555 arcemque
1099 3493 1148 3539 in
1169 3491 1266 3552 ejus
1289 3495 1507 3556 potestate
1527 3493 1614 3544 effe
1635 3491 1823 3555 profite-

51 3555 132 3592 tur
153 3563 164 3592 ι
196 3565 344 3613 neque
365 3551 506 3599 alium
535 3568 739 3615 unquam
759 3552 889 3603 suum
909 3555 1117 3604 animum
1138 3556 1285 3612 fuisse,
1320 3557 1462 3619 quam
1487 3568 1536 3604 ut
1557 3555 1720 3620 Regiae
1741 3572 1825 3604 vo-

58 3604 221 3695 luntati
235 3613 555 3682 obsequeretur
578 3634 592 3668 ε
627 3619 1137 3735 magn6quelpmnium,
1160 3621 1244 3686 qui
1255 3622 1448 3671 aderant
1463 3619 1631 3670 affensu
1651 3620 1704 3669 in·
1719 3637 1832 3695 gra·

905 3732 921 3748 s
954 3698 987 3748 p
1724 3698 1840 3736 tiam
