2045 3857
475 123 806 193 [ΑΒΕ-Η
897 122 1438 191 SEPT1MUs.
1720 125 1845 209 165

82 238 142 284 fle
155 232 308 287 caufis,
327 232 368 276 δε
383 224 653 289 plaerunque
669 220 873 270 confiffis
890 220 1169 286 potentiores
1186 221 1528 275 occidebantur.
1573 224 1745 273 Eorum
1762 224 1848 273 bo-

84 301 155 348 nis
178 289 524 347 facinorosorum
547 289 668 334 circa
686 289 863 351 Regem
887 303 1048 333 manus
1073 286 1258 334 nomine
1280 286 1495 333 custodiae
1517 288 1738 338 alebatur.

100 362 101 365 ’
150 364 237 412 XI.
266 357 369 405 Nec
390 370 471 418 per
492 353 576 399 hos
607 365 762 401 tamen
786 354 886 399 Rex
915 351 1060 399 vitam
1094 352 1217 398 suam
1251 351 1353 398 satis
1385 351 1612 399 munitam
1644 367 1769 403 ratus
1799 354 1851 405 in

85 428 201 476 colle
221 419 506 474 Dunfinano,
527 418 649 465 unde
671 419 761 465 late
782 418 830 464 in
852 434 1011 464 omnes
1033 427 1183 480 partes
1203 417 1265 462 est
1285 415 1545 480 prospectus
1568 433 1716 465 arcem
1740 421 1851 468 aedi-

85 495 213 542 ficare
247 482 493 548 aggressus,
562 484 686 530 Cum
725 499 841 545 opus
862 483 928 528 ob
945 481 1262 528 difficultatem
1283 483 1479 528 vecturae
1497 480 1669 528 tardius
1691 500 1852 546 proee-

84 546 224 608 deret‚
247 549 428 597 Thanis
450 547 664 596 omnibus
686 564 767 610 per
789 546 1046 595 universum
1067 563 1261 610 regnum
1280 545 1485 592 laborem
1503 563 1585 608 per
1604 546 1727 593 vices
1751 566 1853 610 par·

82 620 207 671 titus,
234 615 305 677 (1)
331 629 509 676 operas,
533 618 574 660 &
597 612 810 674 jumenta
840 610 1083 673 imperavit
1119 631 1131 657 ;
1167 610 1373 673 ipsosque
1405 612 1535 657 velut
1567 612 1700 675 operi
1736 630 1853 675 prae-

81 682 223 729 festos
245 678 390 726 adesse
406 677 544 738 juffit.
613 677 722 723 Erat
743 688 842 723 tum
865 676 1129 722 Macduffus
1160 676 1194 721 F
1198 675 1272 721 ifae
1295 675 1488 722 Thanus
1518 675 1658 740 longe
1691 691 1857 740 poten-

79 745 283 794 tiffimus;
351 742 396 788 Is
413 741 559 789 vitam
580 740 704 788 suam
723 739 844 805 Regi
866 739 1155 787 committere
1177 756 1271 787 non
1293 738 1438 795 ausus,
1459 756 1619 801 operas
1641 741 1857 806 frequen-

0 803 5 816 *
78 823 166 866 teS‚
190 815 232 857 δε
253 825 311 856 ex
330 805 507 854 intimis
537 805 808 861 amicorum,
832 805 915 869 qui
937 821 1054 868 opus
1086 816 1317 868 urgerent,
1340 806 1399 851 eo
1428 804 1561 852 milit.
1628 806 1731 853 Rex
1768 807 1859 856 five

80 873 232 939 operis
257 872 407 936 (quod
429 871 742 933 simulabatur)
767 870 993 918 invisendi
1011 869 1174 925 studio,
1199 869 1460 933 five‘(quod
1474 870 1738 918 Macduffus
1761 888 1859 919 me-

79 939 260 998 tuebat)
287 951 337 985 ut
370 954 477 985 eum
509 936 934 1000 comprehenderet,
959 951 1064 982 cum
1099 933 1364 989 advenisset,
1388 939 1430 981 &
1451 933 1568 982 forte
1585 935 1752 999 jugum
1775 936 1859 984 bo-

82 1021 165 1052 um
193 1002 322 1050 oneri
342 1001 491 1067 impar
519 1018 602 1065 per
623 1000 858 1048 adversum
885 1000 1058 1047 clivum
1088 998 1236 1047 subire
1257 1015 1350 1046 non
1379 999 1538 1062 poffet,
1567 1000 1670 1047 Rex
1691 1002 1860 1049 occasi-

82 1086 172 1117 one
193 1066 483 1115 succensendi
510 1067 707 1113 libenter
735 1076 929 1130 arrepta,
954 1064 1152 1112 minatus
1186 1065 1248 1112 est
1276 1063 1319 1111 se
1340 1065 1680 1113 contumaciam
1701 1066 1862 1114 Thani

75 1131 361 1196 jampridem
382 1131 465 1179 fibi
485 1130 766 1194 perspectam
787 1129 1088 1186 domituram,
1113 1143 1167 1176 ac
1182 1129 1350 1193 jugum
1384 1128 1522 1192 ipfius
1551 1130 1674 1177 collo
1707 1131 1862 1194 impo-

84 1199 290 1246 fiturum.
376 1196 644 1243 Macduffus
676 1210 725 1241 re
752 1195 811 1241 ad
842 1195 884 1242 se
915 1194 1091 1259 perlata
1118 1191 1237 1240 nihil
1269 1195 1505 1241 cunstatus
1541 1198 1865 1244 commendata.

84 1260 218 1310 uxori
239 1260 432 1316 familia,
455 1277 510 1308 ac
527 1259 739 1308 navicula
760 1276 843 1323 pro
864 1258 1084 1322 temporis
1111 1258 1315 1322 angustia
1335 1272 1495 1306 ornata
1514 1259 1564 1307 in
1586 1260 1864 1309 Lothianam

86 1326 383 1383 transvefius,
400 1326 509 1374 inde
531 1326 580 1373 in
602 1324 823 1388 Angliam
844 1323 973 1372 abiit.
1042 1325 1077 1371 F
1080 1339 1184 1388 ugae
1204 1323 1392 1371 consilio
1413 1323 1573 1371 audito
1592 1325 1694 1373 Rex
1715 1325 1866 1375 statim

85 1392 242 1439 valida
261 1408 418 1450 manu,
443 1391 474 1438 fi
497 1390 613 1438 forte
648 1407 754 1437 eum
776 1405 1038 1454 opprimere
1059 1390 1218 1452 posset,
1242 1387 1291 1435 in
1313 1390 1347 1435 F
1350 1387 1461 1436 ifam
1483 1391 1738 1439 contendit.
1805 1392 1863 1439 In

87 1473 240 1504 arcem
259 1456 409 1515 statim
429 1455 704 1504 intromissus
742 1465 835 1503 non
865 1454 1056 1501 invento
1078 1454 1267 1510 Thano,
1289 1453 1338 1501 in
1371 1471 1578 1511 uxorem,
1604 1461 1643 1503 ἃ
1674 1455 1863 1513 liberos,

87 1514 171 1584 qui
193 1521 380 1568 aderant
401 1537 586 1569 omnem
606 1520 722 1568 iram
740 1519 920 1567 effudit.
951 1521 1079 1567 Bona
1099 1518 1147 1564 in
1167 1518 1321 1566 fiscum
1342 1519 1539 1575 reda6ta‚
1560 1520 1653 1582 ipse
1671 1522 1740 1583 (2)
1757 1539 1865 1584 per-

88 1585 254 1632 duellis
276 1585 595 1642 denunciatuS,
619 1584 751 1649 gravi
769 1585 944 1632 indicta
963 1600 1119 1648 poena,
1156 1584 1188 1643 fi
1211 1583 1311 1647 quis
1341 1585 1416 1631 vel
1437 1585 1659 1649 congredi
1680 1602 1785 1633 cum
1808 1603 1867 1633 eo

87 1651 218 1698 ausit.
286 1653 342 1698 In
363 1664 550 1698 caeteros
572 1667 756 1714 quoque
779 1667 946 1714 genere
965 1651 1128 1704 clar05‚
1149 1660 1226 1695 aut
1247 1648 1412 1711 opibus
1432 1662 1640 1710 potentes
1661 1650 1752 1698 sine
1774 1651 1864 1698 dis-

91 1713 287 1763 crimine
308 1715 530 1763 saevitum.
599 1716 671 1776 Ac
686 1716 783 1778 jam
806 1732 862 1763 ex
883 1731 939 1762 eo
960 1713 1238 1776 contemptis
1256 1713 1541 1777 proceribus,
1564 1715 1667 1762 Rex
1687 1715 1865 1765 domes-

87 1778 192 1827 ticis
215 1780 412 1827 confiliis
437 1798 631 1844 regnum
652 1780 1010 1828 administrabat.
1941 1830 1945 1833 λ

156 1846 266 1892 XII.
301 1847 481 1892 Interea
515 1846 778 1894 Macduffus
800 1845 850 1892 in
885 1843 1106 1910 Angliam
1128 1844 1304 1891 delatus
1327 1843 1691 1893 Mi'lcolumbum
1712 1846 1868 1910 Regio

89 1910 219 1958 cultu
240 1909 451 1956 habitum
472 1911 596 1974 apud
616 1909 882 1958 Eduardum
904 1912 1086 1975 Regem
1107 1908 1300 1959 invenit.
1341 1910 1582 1956 Eduardus
1600 1911 1724 1959 enim
1746 1911 1866 1959 frac-

92 1974 223 2027 tisjn
245 1974 416 2038 Anglia
437 1975 676 2023 Danorum
700 1974 883 2037 opibus,
916 1976 966 2022 in
988 1991 1183 2038 regnum
1205 1973 1263 2021 ab
1285 1973 1425 2020 exilio
1446 1988 1685 2023 revocatus
1702 1977 1866 2024 multis

92 2038 152 2084 de
174 2039 313 2084 causis
336 2038 490 2086 favore
512 2040 867 2103 prosequebatur
890 2040 1254 2087 Milcolumbum
1277 2039 1334 2085 ab
1357 2055 1442 2086 avo
1465 2052 1670 2087 materno
1697 2043 1768 2106 (3)
1794 2042 1867 2088 Si-

94 2102 238 2148 bardo
257 2102 314 2148 ad
337 2101 380 2149 se
400 2103 648 2151 addub'tum
674 2124 686 2153 ε
720 2105 794 2152 vel
811 2106 941 2168 quod
958 2116 1102 2167 pater,
1124 2104 1321 2167 avusque
1338 2120 1443 2150 cum
1461 2105 1697 2167 praeessent
1719 2108 1866 2153 Cum-

95 2166 205 2212 briae
228 2180 451 2229 quatenus
473 2175 557 2231 per
577 2180 786 2231 tempora
806 2170 957 2226 licuit,
981 2168 1155 2232 semper
1177 2169 1425 2229 majoribus
1447 2169 1534 2216 suis
1564 2170 1826 2218 studuissent
1852 2190 1866 2219 ;

94 2231 170 2277 vel
192 2232 321 2293 quod
340 2246 607 2280 eventorum
626 2233 892 2288 similitudo,
918 2240 958 2281 δε
979 2233 1199 2280 memoria
1220 2234 1530 2296 periculorum
1553 2250 1629 2281 eos
1647 2235 1869 2283 concilia-

94 2307 182 2348 ret,
201 2295 376 2360 quippe
390 2299 569 2361 Regem
588 2310 834 2361 utrunque,
852 2297 1067 2360 &injusto
1086 2297 1226 2345 exilio
1244 2315 1270 2344 a
1294 2298 1493 2361 tyrannis
1514 2299 1729 2351 multatos
1758 2320 1769 2348 :
1796 2301 1874 2353 vel,

95 2359 223 2423 quod
244 2361 429 2425 Regum
446 2362 624 2410 affliGeae
636 2380 706 2409 res
728 2363 863 2411 facile
881 2363 1123 2410 hominum
1142 2363 1281 2412 etiam
1300 2362 1669 2412 alieniffimorum
1691 2365 1869 2413 animos

95 2431 406 2474 commovent.
473 2428 666 2475 Thanus
688 2426 831 2491 igitur
865 2428 945 2475 ubi
984 2427 1181 2492 primurn
1205 2441 1288 2491 per
1318 2429 1474 2475 ocium
1506 2429 1872 2477 Milcolumbum

97 2489 343 2537 convenire
372 2488 542 2555 potuit,
586 2494 693 2540 cum
713 2496 858 2557 longo
887 2493 1091 2540 sermone
1112 2493 1200 2540 suae
1234 2494 1358 2556 fugae
1383 2493 1618 2541 infelicem
1639 2496 1868 2544 necestita-

95 2565 207 2610 tem,
231 2556 471 2604 Macbethi
487 2558 535 2604 in
549 2574 707 2610 omnes
729 2558 912 2605 ordines
933 2558 1270 2613 crudelitatem,
1292 2565 1333 2605 δε
1350 2559 1560 2606 omnium
1582 2573 1743 2608 contra
1761 2580 1870 2612 eum

96 2619 206 2666 odia
227 2621 511 2682 exposuisset,
535 2634 745 2670 accurata
766 2622 973 2671 oratione
994 2624 1051 2669 ad
1081 2640 1275 2686 regnum
1303 2635 1545 2686 paternum
1567 2628 1871 2686 repetendum

97 2682 247 2731 filium
267 2686 328 2731 est
350 2685 552 2734 hortatus
578 2706 588 2734 :
625 2687 874 2750 praesertim
895 2704 1005 2735 cum
1037 2705 1186 2754 neque
1220 2688 1311 2735 fine
1345 2688 1521 2737 summo
1544 2688 1706 2739 scelere
1727 2696 1870 2754 patris

97 2761 258 2794 necem
274 2747 467 2811 impiam
483 2750 679 2799 inultam
698 2752 974 2817 relinquere,
994 2770 1078 2800 nec
1095 2752 1258 2817 populi
1277 2769 1304 2799 a
1320 2754 1428 2801 Deo
1443 2754 1526 2818 ipsa
1548 2755 1766 2803 commiffi
1781 2759 1870 2808 mi..

99 2806 230 2858 seiias
249 2814 501 2878 negligere,
524 2833 679 2881 neque<
697 2816 950 2865 amicorum
966 2818 1083 2879 justa
1100 2817 1355 2882 petentium
1372 2818 1588 2882 precibus
1604 2819 1749 2873 deeffe
1768 2824 1872 2888 pos.

101 2873 194 2949 set..
248 2878 469 2928 Praeterea
488 2898 582 2930 non
619 2882 664 2930 ei
695 2881 961 2934 defuturum
983 2900 1132 2946 neque
1154 2883 1360 2931 Eduardi
1402 2883 1545 2949 Regis
1568 2884 1735 2949 optimi
1764 2891 1877 2954 erga

104 2955 321 2998 amicum,
345 2949 386 2991 &
404 2944 655 3008 supplicem
669 2946 890 3004 officium,
911 2965 1060 3011 neque
1083 2947 1246 3011 populi
1268 2947 1463 2997 studium
1485 2950 1695 2997 adversus
1718 2964 1874 3015 tyran..

104 3019 234 3058 num,
258 3010 405 3070 neque
423 3011 622 3058 numinis
641 3012 844 3065 favorem
867 3030 951 3076 pro
973 3012 1106 3060 bonis
1124 3026 1283 3060 contra
1299 3013 1546 3070 scelestum,
1570 3014 1653 3063 nisi
1673 3015 1768 3079 ipse
1790 3019 1873 3068 fibi

104 3067 395 3143 deesse-velit?
463 3073 818 3133 Milcolumbus‚
838 3078 920 3140 qui
949 3077 1064 3139 saepe
1086 3090 1218 3130 antea
1238 3095 1320 3141 per
1337 3079 1547 3128 homines
1570 3079 1598 3126 a
1618 3081 1877 3132 Machetho

103 3130 371 3206 summiffOS,
391 3149 441 3184 ut
458 3154 562 3187 eum
583 3157 669 3203 per.
683 3142 844 3193 dolum
863 3142 984 3194 adse
1000 3142 1483 3200 illiceret„sblicitatus
1502 3144 1651 3193 fuerat
1671 3145 1730 3194 de
1749 3148 1875 3199 redi-

101 3207 172 3253 tu,
197 3199 456 3262 Prlusquam
472 3206 572 3249 'rem
595 3218 769 3260 tantam
788 3207 985 3254 fortun-:e
1013 3208 1338 3262 committeret,
1363 3209 1587 3257 Macduffi
1613 3210 1751 3259 fidem
1774 3227 1878 3260 ten-

102 3272 200 3333 fare
222 3264 400 3318 statum.
453 3268 555 3330 Ego
576 3286 700 3326 vero,
730 3271 900 3335 inquit,
933 3271 1050 3318 nihil
1073 3273 1256 3326 horum,
1296 3290 1400 3335 quae
1422 3290 1449 3320 a
1477 3287 1522 3321 te
1551 3273 1654 3322 sunt
1673 3278 1878 3340 exposita

101 3341 268 3398 ignoro
293 3346 320 3400 :-
340 3327 414 3375 sed
435 3347 593 3382 vereor
614 3351 670 3380 ne
692 3347 742 3382 tu
760 3352 851 3390 me,
876 3353 1016 3398 quem
1040 3337 1097 3383 ad
1118 3354 1313 3401 regnum
1336 3337 1668 3401 suscipiendum
1687 3340 1874 3397 invitas,

103 3404 287 3451 penitus
305 3408 506 3456 1gn0res.
573 3398 749 3454 Eadem
779 3401 903 3454 enim
926 3400 1057 3458 vitia,
1080 3417 1184 3463 quae
1210 3401 1309 3463 jam
1336 3403 1506 3469 multos
1528 3405 1681 3468 Reges
1703 3406 1876 3469 pessum

158 3518 218 3567 (1)
247 3521 398 3571 Operae‚
420 3524 634 3567 workmen.
769 3570 779 3579 „
858 3573 864 3583 l
1073 3531 1140 3582 (3)
1168 3531 1308 3569 Siward
1334 3535 1407 3571 eal-l
1444 3533 1489 3570 of
1512 3533 1876 3585 Northumberland,

159 3573 229 3629 (2)
250 3577 292 3613 A
307 3577 405 3615 rebel
424 3591 465 3617 or
480 3581 621 3622 traitor„
855 3585 857 3590 ’
1020 3587 1064 3623 os
1076 3587 1203 3626 whom
1223 3599 1325 3633 more
1344 3587 1374 3624 is
1393 3587 1532 3637 spoken
1551 3586 1748 3628 hez-caster.

949 3674 970 3690 ⁴
1108 3664 1111 3666 ’
1735 3668 1876 3725 dede-

64 3679 65 3683 ,
107 3656 117 3679 ἱ
