2010 3851
416 150 1488 233 APUDSCOTOS.
1821 171 1868 235 7

156 272 292 321 XIII.
327 270 384 316 B.
419 261 674 311 Meministi
695 260 809 323 quid
829 275 976 321 nuper
999 258 1173 305 distum
1192 254 1243 301 fit
1264 256 1281 300 ?
1305 254 1538 300 civitatem
1563 251 1744 315 corpori
1767 254 1872 299 nos-·

94 350 169 388 tro
189 333 460 400 persimilem
489 329 656 381 videri,
682 339 830 372 motus
851 323 1012 370 civiles
1037 320 1224 374 morbis,
1249 318 1429 365 medico
1453 320 1627 380 Regem
1655 320 1671 362 ?
1707 317 1756 364 Si
1777 317 1869 379 igi·

97 416 173 451 tur
196 400 394 448 officium
418 391 587 440 medici
611 392 745 454 quale
771 390 822 435 fit
844 386 1223 438 intellexerimus,
1257 398 1347 429 non
1371 382 1529 444 longe,
1554 382 1736 442 opinor,
1761 384 1870 427 abe-

103 483 246 516 rimus
269 464 325 509 ab
343 458 495 506 officio
516 457 674 520 Regis.
741 454 811 500 M.
847 453 966 499 Fieri
989 453 1132 514 potest
1153 468 1164 495 :
1191 464 1293 495 nam
1313 460 1477 493 caetera
1494 463 1596 506 quae
1617 458 1660 490 tu
1681 462 1871 492 enume-

101 531 222 582 rasti,
249 523 493 588 periimilia
523 538 575 568 ac
599 534 715 582 pene
736 532 954 581 germana
977 515 1093 563 mihi
1114 514 1215 560 sunt
1233 511 1336 559 visa.
1405 512 1464 557 B.
1497 510 1612 555 Noli
1635 513 1875 571 expectare

103 609 162 643 ut
178 590 370 639 minima
393 603 591 650 quaeque
615 585 689 630 hic
711 580 960 628 excutiam.
1030 580 1196 642 Neque
1218 577 1340 624 enim
1361 575 1580 638 temporis
1603 575 1806 634 angustia
1826 575 1877 620 id

101 658 290 724 patitur,
329 670 415 699 nec
440 651 537 706 ipsa
559 666 626 695 res
651 647 812 709 exigit.
885 645 972 691 Sed
996 645 1025 690 fi
1052 645 1100 691 in
1127 657 1299 689 iumma
1320 641 1418 687 haec
1457 642 1574 685 inter
1596 638 1638 684 se
1660 641 1878 684 conveni-

106 734 202 776 ant,
228 732 394 766 caetera
414 709 555 762 facile
579 711 665 760 tibi
686 709 910 772 subjicies,
946 711 1014 756 M.
1047 709 1125 755 Tu
1145 708 1252 754 vero
1274 722 1414 769 perge
1439 717 1488 750 ut
1510 703 1638 750 facis,
1690 707 1741 749 Β.
1768 704 1880 748 Sco-

105 804 194 850 pus
217 785 354 832 etiam
380 782 501 828 idem
522 779 704 824 videtur
728 775 911 836 utrique
933 773 1207 836 propositus.
1273 781 1335 820 Aa«
1381 769 1581 832 Qinam
1605 771 1621 814 ἓ
1670 767 1728 813 B.
1763 768 1883 813 Coi·-

106 851 233 917 poris
270 846 366 908 (cui
384 845 661 892 adhibentur
682 840 904 898 curando)
929 838 1240 884 incolumitas.
1308 837 1376 882 M.
1413 832 1647 896 intellige.
1686 833 1816 877 Alter
1838 850 1885 877 en

111 917 208 963 nim
236 914 508 963 humanum,
529 908 642 954 alter
664 905 801 951 civile
823 918 988 965 corpus
1011 903 1243 949 incolume
1262 900 1307 946 in
1331 900 1407 946 suo
1432 901 1539 945 statu
1566 896 1700 951 tueri,
1725 910 1887 959 quate-

107 996 196 1027 nus
220 995 277 1025 re¹
306 989 464 1023 natura
488 973 593 1024 fert,
619 977 659 1017 δε
684 970 846 1015 morbo
866 969 1076 1014 affectum
1104 967 1160 1012 ad
1177 967 1342 1027 justam
1367 963 1674 1011 valetudinem
1698 963 1890 1007 reduce-

114 1062 162 1092 re
186 1043 340 1089 debet.
414 1045 468 1087 B.
503 1034 648 1086 Reae
670 1032 910 1095 intelligis.
950 1032 1139 1094 Duplex
1161 1033 1282 1077 enim
1307 1032 1366 1077 est
1391 1028 1622 1089 utriusque
1644 1025 1847 1074 officium
1878 1043 1889 1071 :

115 1109 307 1156 alterum
345 1104 393 1149 in
417 1101 590 1148 tuenda
620 1097 885 1145 valetudine
906 1098 1043 1152 bona,
1081 1097 1275 1143 alterum
1300 1093 1644 1142 in'restituenda
1673 1092 1700 1137 si
1727 1092 1892 1136 morbo

117 1171 256 1220 fuerit
277 1167 563 1216 labefactata.
632 1165 703 1210 M.
740 1161 982 1209 Assentior.
1062 1167 1111 1210 Β.
1148 1162 1377 1222 Utrinque
1399 1157 1520 1204 enim
1546 1156 1694 1203 morbi
1718 1157 1817 1201 sunt
1839 1156 1894 1200 fi-

123 1237 272 1283 miles.
340 1234 410 1280 M.
454 1233 525 1278 Ita
543 1228 738 1275 videtur.
807 1229 864 1274 B.
899 1227 1021 1273 Nam
1048 1228 1094 1275 ὅ(
1121 1224 1195 1272 sua
1216 1226 1426 1289 quaedam
1461 1235 1597 1270 nocet
1621 1221 1800 1283 utrique
1824 1237 1893 1265 re-

117 1298 374 1349 dundantia
408 1312 560 1342 rerum
586 1292 842 1346 noxiarum,
871 1297 911 1338 &
935 1291 1276 1338 necessariarum
1312 1288 1486 1352 inopia.
1555 1288 1614 1333 Et
1651 1298 1897 1347 utrumque

125 1382 294 1427 corpus
318 1378 462 1425 prope
485 1361 582 1422 pari
609 1358 787 1404 ratione
809 1370 991 1403 curatur
1016 1376 1025 1403 :
1063 1371 1229 1418 nempe
1249 1356 1322 1401 vel
1344 1365 1636 1400 extenuatum
1663 1349 1896 1396 nutrican-

124 1433 205 1484 do,
232 1434 270 1474 δι
294 1427 459 1474 leniter
480 1423 699 1477 fovendO,
727 1423 796 1468 vel
817 1422 1005 1483 plenum
1026 1426 1063 1467 &
1089 1421 1348 1467 redundans
1369 1420 1748 1480 supervacuorum
1772 1413 1899 1476 eges-

122 1494 251 1542 tione
275 1493 490 1544 levando,
531 1495 578 1538 &
605 1485 848 1533 moderatis
877 1485 1111 1532 laboribus
1145 1486 1414 1531 exercendO.
1486 1484 1554 1529 M.
1592 1483 1660 1528 Iti
1683 1480 1759 1527 est.
1810 1476 1901 1525 Sed

123 1560 213 1606 hoc
236 1557 440 1604 interesse
463 1554 661 1606 videtur,
684 1553 807 1614 quod
833 1552 878 1597 in
903 1552 1044 1597 altero
1066 1551 1298 1605 humores,
1329 1550 1377 1596 in
1400 1548 1543 1595 altero
1566 1562 1713 1594 mores
1735 1544 1792 1591 ad
1809 1541 1906 1605 jus-

125 1637 218 1670 tam
245 1622 477 1684 quandam
499 1618 765 1679 temperiem
790 1613 890 1661 sunt
912 1614 1178 1661 reducendi.

199 1687 333 1733 XIV.
375 1691 426 1733 B.
459 1686 578 1729 Rem
603 1695 744 1728 teneS.
779 1679 943 1726 Civilis
962 1679 1087 1726 enim
1103 1677 1305 1740 corporis
1325 1677 1451 1724 velut
1474 1682 1514 1724 δε
1538 1675 1753 1722 naturalis
1776 1675 1905 1721 suum

132 1751 371 1815 quoddam
388 1751 449 1795 est
467 1757 880 1810 temperamentum
904 1762 917 1798 ;
942 1760 1082 1807 quam
1104 1742 1356 1798 reciiffime,
1376 1744 1558 1805 opinor,
1579 1743 1807 1804 Justitiam
1825 1755 1910 1801 ap-

124 1815 417 1881 pellabimus.
460 1815 525 1860 Ea
547 1809 671 1857 enim
695 1811 752 1856 est
776 1825 879 1872 quae
904 1810 1090 1872 singulis
1114 1807 1328 1871 prospicit
1348 1807 1569 1869 partibuS,
1588 1813 1627 1852 &
1647 1820 1775 1852 curat
1794 1804 1906 1854 utin

129 1880 283 1938 officio
298 1879 517 1926 constent.
541 1877 609 1922 Ea
622 1874 807 1922 interim
826 1873 1057 1937 sanguinis
1074 1872 1292 1926 miffione,
1309 1871 1492 1918 interim
1511 1872 1749 1917 noxiorum
1766 1872 1906 1927 exile,

128 1953 258 1992 velut
287 1944 533 2005 egestione,
554 1939 859 1987 redundantia
878 1938 1027 2002 egerit
1051 1956 1062 1985 :
1086 1938 1270 1984 interim
1293 1937 1469 1983 animos
1500 1937 1727 1990 demissos,
1750 1942 1789 1982 δε
1814 1952 1914 1982 me·

131 2008 349 2058 ficilosos
373 2007 560 2060 excitat,
582 2010 620 2050 δι
645 2003 902 2050 diffidentes
927 2003 1199 2057 consolatur,
1220 2006 1267 2051 &
1292 2005 1345 2049 ad
1369 2002 1495 2048 illam
1514 2017 1655 2064 quam
1679 2000 1773 2046 dixi
1794 2015 1914 2048 tem-

134 2076 312 2140 pei-ism
330 2083 481 2120 totum
504 2086 666 2132 corpus
691 2067 868 2114 reducit
898 2087 913 2124 ;
949 2069 1280 2130 reductumque
1299 2068 1556 2113 commodis
1580 2066 1812 2111 laboribus
1834 2082 1917 2113 ex-

131 2155 272 2192 ercet,
310 2143 349 2183 &
373 2150 500 2183 certo
523 2136 688 2181 laboris
715 2139 753 2180 &
776 2131 870 2178 ocii
894 2131 1154 2195 praescripto
1180 2145 1542 2193 temperamento
1566 2131 1813 2176 restitutam
1836 2147 1916 2177 va·-

139 2204 395 2253 letudinem
419 2199 574 2263 quoad
590 2202 687 2259 ejus
712 2197 806 2244 fieri
830 2199 972 2260 potest
994 2196 1240 2246 conservat.
1285 2198 1354 2243 M.
1391 2197 1570 2242 Caetera
1589 2195 1673 2241 tibi
1698 2194 1833 2243 facile
1852 2195 1920 2241 as-

137 2270 322 2322 sentior,
345 2266 424 2314 nisi
447 2266 578 2329 quod
599 2263 972 2323 civilis‘corporis
993 2275 1406 2324 temperamentum
1431 2261 1669 2322 injustitia
1687 2261 1915 2314 collocas:

140 2336 246 2382 cum
270 2332 344 2378 vel
366 2329 462 2393 ipso
488 2328 675 2376 nomine
701 2331 749 2376 Sc
774 2326 1044 2390 profeffione
1067 2327 1369 2390 temperantia
1390 2326 1469 2373 has
1491 2339 1642 2388 partes
1663 2325 1742 2371 fibi
1767 2325 1921 2372 vindi-

140 2414 244 2447 care
260 2398 363 2458 jure
379 2397 459 2441 suo
483 2393 706 2441 videatur.
749 2398 801 2440 B.
835 2392 970 2439 Nihil
988 2392 1239 2439 admodum
1257 2391 1424 2438 referre
1443 2405 1558 2455 puto
1583 2389 1669 2437 utri
1692 2390 1814 2437 hunc
1837 2391 1923 2436 ho-

146 2478 308 2512 norem
328 2459 522 2507 deferaS.
558 2458 682 2505 Nam
708 2457 813 2504 cum
836 2473 995 2504 omnes
1018 2461 1227 2513 vrtutes,
1251 2474 1445 2520 quarum
1467 2457 1536 2503 vis
1563 2456 1610 2501 in
1632 2456 1809 2501 aftione
1827 2471 1926 2501 cer-

152 2528 291 2581 nitur,
330 2522 720 2587 inmediocritate
741 2523 958 2586 quadam,
999 2528 1040 2570 δε
1064 2522 1372 2585 aequabilitate
1408 2523 1492 2569 sint
1516 2521 1688 2583 politae,
1723 2520 1788 2566 ita
1809 2537 1931 2583 quo-

142 2590 394 2640 dammodo
422 2589 540 2635 inter
559 2588 600 2634 se
624 2602 843 2634 connexae
866 2587 983 2642 sunt,
1024 2593 1065 2634 &
1089 2588 1343 2640 cohaerent,
1378 2599 1427 2633 ut
1453 2603 1592 2633 unum
1616 2585 1832 2632 omnibus
1856 2585 1929 2630 of-

147 2658 305 2705 ficium
327 2655 413 2702 effe
446 2654 684 2701 videatur:
721 2652 772 2698 id
794 2651 853 2698 est
884 2652 1191 2715 cupiditatum
1228 2652 1496 2699 moderatio.
1565 2652 1632 2698 Ea
1652 2665 1931 2713 quocunque

150 2722 201 2770 in
225 2736 391 2785 genere
414 2717 629 2771 versatur,
670 2733 762 2764 non
787 2717 1039 2763 admodum
1078 2717 1216 2764 refert
1240 2730 1339 2764 utro
1363 2716 1550 2763 nomine
1572 2729 1706 2761 voces
1740 2732 1750 2761 :
1785 2731 1933 2777 quan-

155 2802 297 2852 quam
320 2784 402 2831 illa
423 2783 694 2837 moderatio,
732 2798 838 2844 quae
859 2781 905 2828 in
937 2782 1070 2828 rebus
1089 2783 1431 2835 communibus,
1472 2786 1516 2832 ἃ
1540 2781 1782 2826 hominum
1813 2779 1936 2825 inter

152 2853 196 2900 se
219 2848 506 2897 commerciis
526 2848 668 2910 posita
685 2847 763 2900 est,
785 2847 1147 2894 commodiffime
1165 2847 1279 2893 mihi
1305 2846 1490 2894 nomine
1509 2847 1698 2910 Justitiae
1731 2843 1933 2907 intelligi

149 2915 276 2981 posse
296 2913 520 2960 videatur.
589 2913 658 2958 M.
692 2912 786 2958 Hic
801 2911 886 2957 tibi
904 2911 1126 2958 facillime
1148 2912 1372 2959 affentior.

138 2982 145 2986 ”
223 2980 333 3026 XV.
373 2985 423 3027 Β.
458 2979 512 3023 In
534 2977 664 3039 Rege
682 2991 832 3023 autem
853 2978 1051 3028 creando
1068 2977 1158 3023 hoc
1178 2977 1345 3039 opinor
1362 2989 1533 3024 veteres
1559 2975 1684 3023 fuiffe
1702 2976 1933 3037 sequutor,

156 3057 210 3092 ut
233 3045 262 3091 fi
285 3059 388 3106 quzs
411 3043 532 3089 inter
561 3040 684 3088 civ'es
706 3043 811 3087 esset
835 3041 1048 3104 fingulari
1069 3042 1342 3103 praestantia,
1381 3041 1672 3105 reliquosque
1695 3059 1768 3087 orn
1780 3057 1851 3086 aes
1877 3056 1936 3083 ae-

157 3110 334 3175 quit-ate
358 3112 404 3156 ὅς
427 3105 675 3169 prudentia
693 3107 963 3152 antecellere
988 3105 1232 3162 uideretur,
1259 3107 1376 3153 utin
1402 3124 1538 3167 apum
1565 3107 1818 3152 alvearibus
1843 3101 1939 3150 fieri

160 3173 370 3226 traditur,
395 3187 588 3234 regnum
613 3170 668 3215 ad
689 3187 795 3216 eum
821 3173 940 3216 ultro
959 3170 1240 3218 deferebant.
1308 3173 1378 3218 M.
1413 3171 1650 3218 Credibile
1676 3172 1735 3216 est
1759 3170 1822 3215 ita
1845 3168 1939 3212 fac-

159 3252 280 3285 tum.
350 3239 407 3283 B*
443 3235 571 3298 Qid
598 3235 625 3280 fi
656 3251 789 3282 nemo
823 3252 933 3281 unus
957 3237 1138 3296 qualem
1163 3234 1380 3288 diximus,
1423 3236 1469 3284 in
1493 3236 1678 3283 civitate
1711 3232 1940 3280 invenire·

163 3315 236 3348 tur
261 3305 278 3347 ?
339 3301 409 3347 M.
442 3301 551 3362 Jure
570 3298 654 3344 illo
685 3313 875 3354 naturae,
900 3300 1029 3361 'cujus
1052 3300 1158 3347 ante
1182 3301 1493 3354 meminimus,
1520 3317 1600 3361 par
1624 3299 1867 3362 imperium
1894 3296 1940 3342 in

165 3381 296 3428 pares
318 3363 527 3426 usurpare
551 3379 641 3409 non
665 3366 826 3425 potest,
851 3379 935 3410 nec
958 3365 1095 3411 debet
1120 3386 1132 3412 ;
1170 3377 1329 3412 natura
1350 3367 1471 3411 enim
1492 3366 1660 3425 justum
1684 3364 1867 3424 opinor,
1894 3372 1944 3407 ut

134 3445 137 3448 ’
166 3433 289 3476 inter
312 3445 408 3480 eos,
429 3429 510 3489 qui
528 3443 689 3473 caetera
706 3431 807 3474 iunt
830 3445 976 3490 pares,
996 3429 1254 3490 imperandi
1280 3438 1317 3476 δι
1343 3431 1533 3492 parendi
1555 3431 1691 3475 etiam
1716 3429 1836 3473 vices
1862 3427 1947 3474 suit

169 3510 316 3557 pares.
387 3494 442 3538 B.
477 3491 607 3549 Quid
640 3492 670 3538 fi
700 3495 896 3554 populus.
933 3509 1096 3539 annuae
1117 3495 1383 3542 ambitioni-3
1418 3496 1542 3541 tedio
1567 3511 1706 3539 unum
1743 3494 1971 3554 aliquem¹

173 3575 265 3606 non
291 3556 428 3619 plane
452 3556 677 3602 omnibus
715 3557 959 3603 virtutibus
994 3558 1154 3621 Regiis
1177 3561 1441 3623 praeditum‚
1482 3560 1555 3606 sed
1583 3560 1655 3604 vel
1689 3557 1948 3609 nobilitate,

173 3624 247 3668 vel
286 3620 478 3674 divitiis,
519 3622 591 3666 vel
614 3619 747 3666 relius
781 3621 904 3667 bello
925 3624 1057 3684 gestis
1086 3624 1330 3686 infignem,
1371 3625 1546 3686 Regem
1583 3622 1709 3681 veli(
1727 3624 1898 3687 eligere
1933 3622 1950 3663 ἓ

167 3702 326 3735 nonne
350 3693 388 3733 ἃ
414 3686 539 3732 hunc
563 3685 743 3748 optimo
760 3684 863 3745 jure
883 3686 1242 3735 existimabimus
1266 3690 1442 3753 Regem
1470 3691 1486 3734 ἓ
1524 3690 1591 3737 Μ.
1615 3688 1828 3751 Optimo.
1861 3689 1949 3733 Po-

1838 3751 1951 3814 pulo
