2045 3857
544 132 880 195 Ltssnn
972 125 1343 191 Nonus.
1714 123 1868 190 261-

80 241 317 293 adversum
336 236 380 283 se
400 228 617 280 concivit.
687 226 827 274 Certe
849 224 1078 271 Robertus
1102 225 1343 271 Scotorum
1367 221 1537 267 Prorex
1559 221 1675 269 adeo
1699 221 1781 270 illa
1800 241 1851 271 e-

75 307 152 371 jus
169 300 382 368 jactantia
398 295 486 342 fuit
507 291 719 346 offensuS,
739 300 790 336 ut
804 289 968 350 justam
990 288 1166 336 causam
1189 285 1387 339 duxerit,
1415 300 1496 331 cur
1512 286 1855 347 expeditionem

82 367 289 418 adversus
319 378 424 409 eum
460 357 732 420 susciperet„
752 354 971 417 ingressus
1006 354 1054 399 in
1088 352 1316 400 hosticum
1352 347 1442 396 una
1464 365 1571 394 cum
1601 351 1854 400 Arcibaldo

82 428 318 495 Duglaffio
340 438 438 473 tum
460 421 706 486 Duglassiae
730 419 916 466 Comite
938 421 1059 465 recta
1080 418 1139 464 ad
1157 417 1346 469 hostem,
1366 413 1449 477 qui
1467 429 1637 476 magno
1655 430 1757 461 cum
1777 432 1859 463 ex.

82 480 227 546 ercitu'
250 489 497 555 praestolari
519 487 774 537 dicebatur,
798 482 930 529 duxit
954 499 965 528 :
991 495 1130 544 atque
1154 481 1232 528 ubi
1253 483 1310 528 eo
1330 477 1554 542 pervenit,
1575 477 1719 525 statim
1738 498 1858 545 pug-

86 556 227 610 nandi
247 555 429 618 copiam
452 552 562 600 fecit
586 570 596 597 :
621 550 679 596 ad
703 558 958 595 morantem
977 548 1324 594 caduceatorem
1344 543 1480 596 misit,
1499 541 1582 604 qui
1600 558 1706 588 eum
1725 546 1781 590 ad
1800 563 1860 590 ae-

82 634 223 686 quam
244 617 505 667 certaminis
525 616 670 663 aleam
692 623 980 675 provocaret.
1047 613 1135 657 Sed
1155 625 1260 656 cum
1281 606 1507 654 Martialis
1527 606 1639 653 locis
1677 607 1803 662 tutis,
1820 615 1861 656 δε

83 685 260 736 accessu
277 682 540 731 difficilibus
554 679 597 726 se
616 687 807 728 teneret,
830 691 913 722 nec
932 674 1191 737 responsum
1209 670 1501 719 caduceator-’1
1519 671 1664 726 daret,
1686 671 1864 720 Rober„

83 763 158 799 tus
182 751 419 814 postquam
442 745 619 809 aliquot
641 743 774 789 horas
798 740 944 787 aciem
966 738 1147 786 suorum
1170 738 1438 791 ostentasset,
1471 734 1725 782 exercitum
1746 732 1795 782 in
1817 754 1865 783 a-

84 832 192 879 gros
217 814 589 875 circumjacentes
613 807 870 872 praedatum
894 803 1037 851 mittit
1062 823 1073 851 2
1099 817 1236 868 atque
1258 819 1313 849 ea
1330 800 1528 848 maxime
1548 800 1665 853 loca,
1686 800 1734 848 in
1760 802 1865 864 qui.

89 882 174 928 bus
199 878 427 926 Martialis
451 871 664 923 diversari
686 871 872 925 solebat,
910 870 1153 932 populatus
1178 869 1277 916 suos
1300 865 1454 931 praeda
1474 881 1636 929 graves
1658 865 1750 913 fine
1771 882 1868 912 cer·

52 961 54 963 ’
89 943 262 993 tamine
283 938 482 990 reduxit.
538 940 659 987 Haec
680 933 916 998 expeditio
929 935 1008 981 etfi
1022 934 1160 982 nimis
1180 933 1272 981 le'vi
1290 936 1347 978 de
1365 930 1495 977 causa
1516 929 1664 976 fuiffet
1681 929 1869 994 suscaep·

90 1022 155 1064 ta,
180 1022 334 1056 tamen
356 1023 448 1053 non
469 1004 618 1052 minus
638 1001 785 1063 Angli
806 1017 946 1063 quam
971 999 1096 1049 Scoti
1113 999 1379 1063 gaudebant
1395 993 1596 1041 hominis
1618 995 1870 1043 vanitatem

38 1094 46 1100 ·
90 1072 158 1120 ita
175 1073 302 1120 fuiffe
325 1071 582 1117 refutatam.
652 1067 738 1112 Ille
757 1078 928 1118 autem,
952 1064 1133 1125 quoties
1156 1080 1209 1110 ea
1231 1063 1288 1108 de
1312 1077 1358 1107 re
1382 1058 1554 1106 mentio
1579 1059 1730 1114 fiebat,
1754 1060 1872 1106 cari-

94 1149 187 1184 tate
209 1135 407 1189 civium,
423 1149 538 1198 quos
561 1131 611 1177 in
632 1129 874 1176 discrimen
899 1129 990 1175 fine
1007 1127 1138 1175 causa
1157 1127 1300 1174 nollet
1322 1141 1568 1187 exponere,
1593 1124 1644 1171 id
1667 1123 1693 1170 a
1711 1125 1753 1171 se
1775 1124 1871 1172 fac-

95 1213 195 1249 tum
218 1195 475 1247 excusabat.

160 1266 308 1313 LXV.
346 1265 455 1311 Hoc
472 1261 569 1325 ipso
589 1270 798 1322 tempore
820 1274 928 1306 curn
950 1273 1005 1304 ex
1028 1255 1227 1303 induciis
1245 1254 1293 1301 in
1314 1255 1435 1317 spem
1453 1253 1576 1317 pacis
1598 1253 1716 1301 inter
1734 1256 1874 1303 Fran·

96 1347 194 1385 cos,
220 1343 266 1377 et
290 1329 468 1392 Anglos
491 1343 572 1390 per
593 1324 882 1377 Pontificem,
918 1327 958 1369 δι
981 1321 1156 1369 vicinos
1181 1320 1416 1382 Principes
1439 1330 1628 1365 ventum
1662 1319 1784 1374 estet,
1820 1337 1874 1366 ea

96 1396 218 1459 lege,
242 1407 290 1440 ut
314 1405 610 1453 utrorumque
633 1389 771 1436 amici
793 1387 1137 1447 ascriberentur,
1167 1386 1428 1448 Anglorum
1452 1383 1672 1430 videlicet
1694 1385 1871 1431 Lusita-

99 1460 167 1515 ni,
192 1461 467 1506 Francorum
493 1454 638 1508 Scoti,
662 1460 703 1500 δι
736 1452 933 1516 Hispani
966 1450 1334 1498 Castellanenses.
1402 1449 1632 1495 Robertus
1652 1448 1754 1495 Rex
1775 1465 1877 1496 om·

97 1524 234 1571 nibus
256 1521 341 1569 suis
361 1518 722 1584 repugnantibus
742 1535 857 1563 unus
881 1517 1039 1563 frustra
1060 1514 1322 1561 assentiebat
1339 1533 1350 1560 :
1368 1530 1518 1576 neque
1535 1512 1659 1558 enirn
1679 1512 1774 1575 ipse
1796 1530 1879 1576 pa-

98 1604 218 1643 cem,
253 1587 326 1633 vel
349 1586 556 1632 inducias
582 1584 730 1629 facere
752 1594 947 1645 poterat,
981 1580 1063 1627 nisi
1085 1596 1141 1635 ex
1165 1578 1387 1626 sententia
1404 1576 1583 1641 publici
1604 1588 1876 1633 conventus,

100 1669 250 1715 neque
270 1652 419 1697 firmas
443 1646 654 1712 polliceri
676 1649 766 1693 line
789 1647 977 1709 publico
1001 1645 1184 1691 decreto
1208 1663 1219 1691 ;
1240 1659 1324 1690 nec
1342 1642 1560 1689 nobilitas
1581 1641 1788 1689 dolorem
1807 1643 1878 1689 su-

102 1734 181 1764 um
208 1716 396 1763 tacitum
414 1713 621 1761 adversus
642 1712 836 1758 Gallum
854 1710 1090 1758 continere
1109 1720 1305 1772 poterat,
1321 1724 1377 1754 ex
1400 1724 1493 1771 quo
1511 1707 1645 1753 illum
1666 1707 1806 1754 modo
1827 1724 1879 1753 u-

103 1783 199 1829 sum
221 1792 451 1844 caperent,
478 1790 528 1824 ut
547 1794 652 1824 curn
672 1777 779 1824 efl'et
797 1776 1063 1824 bellandum
1083 1790 1188 1821 cum
1208 1774 1330 1820 hoste
1349 1789 1473 1819 arma
1492 1773 1547 1818 de
1567 1771 1778 1818 manibus
1797 1772 1879 1818 de-

105 1848 318 1899 traheret,
359 1848 411 1895 &
449 1843 645 1890 fructum
676 1841 918 1904 superioris
949 1839 1174 1893 vitione-c,
1217 1838 1434 1901 spemque
1465 1836 1630 1883 futurae
1662 1836 1878 1883 auferret.

105 1911 320 1957 Tandem
344 1910 440 1972 post
469 1909 655 1971 longam
680 1908 1026 1953 altercationem
1048 1906 1228 1967 legatus
1251 1904 1333 1966 qui
1356 1902 1384 1947 a
1406 1902 1549 1948 Gallo
1572 1914 1776 1956 venerat,
1799 1901 1881 1948 vix

106 1974 389 2038 impetravit,
428 1986 476 2020 ut
503 1989 555 2019 ea
585 1973 644 2018 de
670 1988 716 2017 re
740 1970 866 2018 Scoti
886 1970 935 2017 in
967 1970 1173 2016 Galliam
1193 1970 1367 2033 legatos
1396 1966 1656 2013 mitterent:
1691 1982 1797 2014 cum
1824 1965 1881 2012 iis

109 2042 259 2087 aflum
284 2056 340 2084 ne
361 2037 437 2083 sua
456 2035 706 2100 pertinacia
726 2035 850 2099 spem
875 2035 996 2098 pacis
1019 2033 1291 2097 propinquae
1311 2032 1605 2095 impedirent.

177 2104 352 2150 LXVI.
384 2102 487 2148 Nec
509 2102 738 2147 Robertus
762 2103 864 2148 Rex
884 2101 963 2146 diu
984 2098 1220 2161 superfuit.
1287 2098 1414 2144 Nam
1435 2097 1482 2143 in
1506 2112 1606 2142 arce
1625 2094 1717 2148 sua,
1741 2111 1884 2158 quam

111 2167 307 2215 Dunum
328 2165 535 2224 Donaldi
552 2179 733 2219 vocant,
769 2164 966 2219 deceffit,
1002 2179 1122 2210 anno
1162 2179 1280 2227 ¹390
1306 2163 1364 2208 ad
1395 2179 1445 2224 ¹3
1482 2161 1710 2207 Calendas
1744 2161 1883 2208 Maii.

111 2232 246 2280 Vixit
258 2248 398 2278 annos
414 2248 493 2295 74,
511 2245 705 2293 regnum
725 2230 872 2276 tenuit
898 2245 949 2293 ¹9
970 2229 1039 2290 (ι)
1063 2243 1114 2273 ac
1133 2227 1230 2274 dies
1245 2226 1413 2289 viginti
1431 2234 1643 2289 quatuor.
1678 2224 1773 2271 Hic
1784 2226 1887 2272 Rex

112 2313 195 2360 per
207 2297 383 2359 legatos
403 2295 524 2342 bella
541 2295 635 2341 fere
656 2293 831 2358 semper
847 2295 1026 2355 optimo
1039 2293 1231 2354 success'u
1251 2290 1378 2355 geffit
1398 2309 1409 2337 :
1429 2290 1582 2353 paucis
1603 2288 1695 2352 ipse
1714 2289 1887 2353 praeliis

114 2360 338 2409 interfuit.
378 2361 518 2424 Qod
541 2359 710 2405 factum
734 2359 813 2405 alii
836 2358 1068 2412 aetati‚alii
1093 2356 1288 2420 ignaviae
1317 2356 1540 2402 tribuunt.
1577 2357 1630 2413 ld
1654 2369 1763 2400 vero
1786 2371 1887 2401 om-

115 2443 194 2473 nes
218 2442 308 2473 uno
327 2441 404 2472 ore
427 2422 714 2471 consentiunt
730 2424 879 2469 virum
904 2423 1030 2469 fuiss'e
1050 2422 1298 2485 optimum,
1322 2420 1536 2483 pacisque
1559 2418 1730 2466 artibus
1753 2418 1888 2468 cuili-

106 2490 194 2538 'bet
217 2490 445 2538 bonorum
466 2491 651 2552 Regum
675 2487 811 2549 facile
830 2487 1207 2550 comparandum.
1277 2487 1357 2548 Jus
1379 2487 1507 2534 enim.
1527 2484 1794 2547 diligenter,
1819 2497 1887 2531 at-

110 2569 207 2618 *que
231 2553 516 2618 aequabiliter
552 2553 737 2600 dicebat
756 2563 773 2599 ’;
808 2552 1047 2598 latrocinia
1068 2551 1217 2598 severe
1237 2551 1478 2597 coercebat
1503 2566 1513 2594 ε
1546 2549 1595 2596 in
1618 2547 1746 2595 factis
1767 2549 1888 2595 sum-

114 2629 196 2666 'ma
212 2618 477 2672 constantia,
502 2617 549 2664 in
579 2618 730 2664 verbis
769 2617 1048 2664 fides‘inerat
1072 2634 1084 2663 2
1115 2633 1310 2680 regnum
1336 2616 1464 2677 quod
1487 2613 1773 2677 temporibus
1795 2626 1888 2661 tur-

121 2683 322 2730 bulentis
339 2695 606 2746 accaeperat,
627 2681 755 2728 domi
771 2681 968 2743 justicia,
993 2685 1042 2732 &
1075 2682 1292 2744 aequitate
1313 2680 1473 2727 sedatis
1496 2677 1733 2725 discordiis
1753 2694 1887 2741 paca-

58 2795 64 2804 ,
117 2747 187 2794 vit
212 2767 222 2795 2
257 2753 298 2794 &
320 2749 377 2794 ab
398 2747 598 2794 hostibus
633 2747 700 2793 ita
719 2747 1024 2810 recuperavit,
1052 2759 1100 2792 ut
1124 2759 1212 2793 tres
1236 2758 1415 2792 tantum
1438 2761 1560 2791 arces
1584 2743 1784 2807 reliquas
1808 2744 1890 2790 ha-

92 2867 97 2871 *
117 2812 293 2860 herent.
1144 2867 1146 2875 k
1708 2812 1711 2816 ’

186 2877 386 2923 LXVII.
419 2877 488 2922 Eo
524 2876 742 2924 defunc‘lo
778 2875 965 2923 initium
996 2893 1147 2923 rerum
1186 2876 1530 2928 turbandarum,
1557 2872 1678 2920 unde
1700 2871 1892 2920 minime

125 2941 464 3002 expeclabatur‚
487 2942 547 2988 est
581 2952 808 2988 exortum,
877 2942 1150 3001 Alexander.
1169 2940 1416 2988 Buchaniae
1440 2942 1608 2987 Comes
1643 2936 1893 2984 liberorum

124 3004 267 3068 Regis
291 3020 346 3051 ex
361 3005 633 3052 Elizabetha
655 3005 792 3052 Mora
814 3018 924 3053 natu
948 3005 1183 3058 minimus,
1208 3005 1270 3051 ob
1293 3007 1443 3052 levem
1466 3004 1640 3050 causam
1664 3001 1893 3065 Episcopo

121 3068 402 3120 Moravienfi
423 3082 518 3116 erat
538 3071 755 3117 infensus.
820 3072 941 3118 Cum
964 3071 1110 3132 ipsum
1128 3072 1188 3117 ad
1209 3063 1381 3116 caedem
1405 3068 1603 3115 nancisci
1621 3082 1712 3114 non
1732 3067 1891 3130 posset,

53 3173 61 3177 ,
122 3133 236 3179 iram
261 3132 307 3179 in
330 3132 495 3178 sacram
518 3134 678 3197 Elgini
702 3136 866 3189 aedem,
886 3134 1113 3190 omnium,
1133 3151 1237 3198 quae
1263 3147 1358 3182 tum
1378 3133 1424 3180 in
1449 3134 1604 3181 Scotia
1623 3143 1768 3186 crant,
1789 3131 1891 3193 pul-

125 3197 396 3246 cherrimam
423 3198 673 3254 convertit,
708 3216 902 3262 eamque
940 3199 1157 3248 incendio
1192 3199 1364 3247 delevit
1408 3202 1495 3262 (πὶ.
1576 3197 1754 3244 Eodem
1772 3211 1893 3243 anno

180 3304 240 3355 (1)
270 3306 419 3343 Menses
440 3319 454 3343 1
467 3317 499 3343 1.
1038 3310 1086 3347 of
1102 3310 1241 3356 which,
1263 3312 1333 3347 and
1352 3309 1409 3347 his
1428 3309 1536 3346 other
1551 3306 1698 3345 wickeJ
1711 3305 1830 3348 deeds,
1844 3301 1894 3338 he

179 3359 240 3407 (2)
254 3361 352 3411 June
370 3371 384 3396 1
395 3360 535 3410 390‚he
544 3369 609 3397 not
620 3362 706 3409 only
723 3362 832 3402 burut
844 3361 908 3400 the
922 3376 982 3400 ca-
1038 3377 1112 3401 was
1130 3365 1231 3401 stxled
1245 3364 1309 3401 the
1323 3363 1487 3400 Wolfcf
1498 3359 1706 3403 ssadenach,
1718 3355 1891 3393 ofwhich

131 3410 273 3449 thedral
289 3413 659 3459 churcrlssutalsoall
675 3415 737 3451 the
752 3416 990 3464 buildingsof
1038 3417 1087 3454 he
1115 3431 1188 3455 was
1208 3419 1351 3454 created
1377 3418 1455 3453 lord
1484 3416 1523 3452 in
1559 3425 1671 3465 1371,
1702 3409 1897 3456 according

134 3464 200 3501 the
233 3474 347 3512 town,
371 3468 426 3512 St,
449 3467 589 3503 Gilcs's
619 3467 758 3504 chnrch
779 3469 897 3514 there,
918 3470 983 3506 the
1039 3479 1078 3506 to
1096 3471 1160 3507 the
1180 3472 1252 3508 ear!
1273 3471 1316 3508 of
1330 3468 1553 3513 Crommtie,
1585 3467 1654 3502 and
1668 3464 1742 3500 carl
1761 3462 1805 3499 of
1818 3462 1895 3500 Bu·

132 3515 286 3573 hospital
307 3519 424 3556 called
437 3519 584 3556 Maisan
597 3520 695 3557 Dieu
709 3523 752 3557 de
771 3522 895 3569 Elgin,
912 3525 982 3560 and
1037 3523 1134 3560 cban
1153 3525 1192 3561 in
1224 3536 1336 3574 1374,
1358 3522 1549 3568 according
1578 3528 1616 3560 to
1641 3518 1738 3555 Geo,
1765 3516 1895 3552 Craw-

129 3570 181 3656 ἐξ
202 3571 340 3608 manses
357 3573 400 3609 of
416 3585 550 3610 canons
569 3575 637 3610 and
656 3573 860 3622 chaplains.
893 3579 982 3612 And
1038 3577 1151 3614 ford's
1168 3579 1272 3615 Scots
1292 3589 1454 3624 oeerrrge.

191 3624 253 3658 the
271 3625 402 3660 mont'n
423 3625 467 3661 of
480 3626 571 3660 Μὴν
586 3628 786 3663 ureceeffiw
818 3627 863 3662 hc
879 3640 914 3662 c:
959 3629 980 3654 '—
1052 3632 1055 3635 '
1289 3617 1301 3627 ⁴

1797 3663 1923 3714 Gu-‹
