2025 3831
384 140 710 213 L'1‘13ER
801 141 1523 209 DuoD‘EciMU‘s.
1698 149 1828 229 329

0 239 25 295 9
55 242 217 312 paucis
239 246 348 300 illis,
370 257 565 292 attamen
589 241 772 288 deleffis
792 259 886 288 rem
912 241 1158 289 universam
1182 242 1374 288 fortunae
1399 241 1588 302 ancipiti
1609 245 1824 291 cotnmit-

12 304 33 370 ‘s
61 327 172 360 tere.
205 310 438 359 Eduardus
454 306 678 368 dispositis
702 308 756 353 ad
780 306 935 353 omnia
955 308 1056 353 loca
1073 309 1331 369 opportuna
1352 306 1630 360 custodibus,
1655 326 1709 355 ne
1733 320 1825 371 qua

64 370 224 423 manus
246 372 483 420 rebeilium
508 377 644 425 ultro,
669 370 878 433 citroque
903 372 1196 425 commearet,
1221 370 1347 415 velut
1366 368 1570 415 universo
1582 389 1722 433 regno
1743 390 1825 433 pa-

0 438 3 491 ἷ
56 444 160 487 'cato
184 436 443 485 Londinum
464 434 591 482 abiit.
661 436 889 482 Henricus
911 435 1083 482 interea
1107 436 1212 481 exul
1230 435 1301 481 vel
1324 434 1398 495 spe
1421 434 1478 479 ab
1500 434 1657 480 amicis
1679 435 1823 497 injec-

0 539 5 547 .
59 508 123 558 ta,
147 502 218 548 vel
240 500 367 546 exilii
390 500 528 546 taedio
547 500 803 561 compulsus
834 501 983 545 statuit
1004 517 1051 545 m
1078 499 1293 562 Angliam
1318 499 1375 545 ad
1403 497 1500 544 suos
1524 498 1728 545 occultus
1751 517 1824 545 re-

0 601 4 607 >
55 560 170 613 dire.
239 566 328 611 Sed
358 565 517 611 eadem
551 564 745 610 fortunae
783 565 841 609 ad
871 577 1126 610 extremum
1149 565 1340 609 durante
1373 562 1594 608 violentia
1621 563 1824 626 agnitus,

0 639 5 675 ‚⁵
56 642 232 691 captus,
258 633 308 677 ὃς
328 629 592 674 Londinum
615 628 792 681 mustus,
817 628 865 674 in
884 643 1031 673 arcem
1055 627 1284 673 conditur.
1339 626 1592 688 Margarita
1619 644 1730 672 uxor
1752 645 1824 672 re-

0 687 7 734 ἶ-
55 687 138 740 bus
162 693 301 739 diffisa
326 691 618 754 praesentibus
641 707 745 737 cum
770 691 883 746 filio,
907 698 945 737 Sc
967 692 1119 751 paucis
1139 690 1384 737 comitibus
1409 691 1434 736 ὲ
1458 691 1610 737 Scotia
1627 691 1826 746 solvens,

0 757 3 766 '
56 757 113 804 'ad
137 759 364 803 Renatum
388 768 562 820 patrem
585 755 631 801 in
656 754 858 801 Galliam
883 755 1131 818 navigavit.
1632 806 1637 812 ⁸
1694 804 1718 810 μ
1750 809 1758 813 χ

119 823 204 867 VI.
238 823 340 884 Jam
362 829 433 883 (ut
454 822 512 867 ad
535 837 602 866 res
627 819 824 866 Scoticas
845 822 1060 879 revertar)
1088 831 1356 874 conventus,
1379 817 1830 882 'quifueratiudifitus

25 877 407 944 ,Edimburgurm
444 886 540 932 dies
563 885 820 938 advenerat.
865 884 938 930 Ad
965 902 1071 930 eum
1087 886 1207 946 ¹cum
1229 883 1485 947 frequentes
1509 884 1594 931 sese
1616 883 1834 931 eontulisa

0 945 1 950 ¹
56 949 168 1005 sent,
196 947 443 997 multitudo
461 949 506 996 in
527 950 638 995 duas
659 948 875 995 saffiones
895 948 1073 994 seceffit.
1142 950 1391 1000 Passenim
1411 966 1651 1012 procerum
1683 949 1828 1012 Regi-

56 1030 159 1061 nam
186 1015 454 1075 sequebatur
476 1033 486 1060 :
524 1020 560 1059 ἃ
585 1015 724 1075 longe
748 1010 897 1076 plures
921 1014 1139 1059 Iacobum
1166 1013 1459 1067 Kemedum,
1488 1019 1535 1063 δε
1563 1014 1830 1077 Georgium

58 1077 343 1142 Duglaffium
372 1079 584 1142 Angufiae
608 1078 858 1132 Comitem,
883 1078 1066 1124 alterius
1091 1078 1298 1124 faffionis
1321 1077 1567 1138 principes.
1645 1078 1829 1142 Regina

56 1143 364 1189 diversabatur
385 1143 433 1188 in
455 1160 573 1197 arce,
598 1143 866 1204 Episcopus,
890 1149 929 1189 &
953 1143 1120 1188 Comes
1143 1142 1189 1187 in
1214 1143 1445 1188 Coenobio
1465 1145 1636 1189 San&ae
1660 1143 1828 1202 crucis,

55 1206 104 1268 in
128 1207 340 1254 suburbio
362 1219 566 1253 extremo
589 1208 645 1252 ad
668 1206 890 1253 orientem
913 1206 1052 1252 verso,
1104 1206 1249 1252 Causa
1267 1206 1540 1254 dissensionis
1558 1222 1674 1265 erat5
1699 1206 1832 1271 quod

57 1271 240 1333 Regina
262 1273 450 1318 tutelam
474 1271 615 1334 Regis
639 1271 680 1317 se
703 1277 839 1334 penes
863 1272 946 1318 esse
970 1277 1153 1333 :equum
1175 1270 1472 1317 existimabat.
1527 1273 1701 1319 Contra
1725 1279 1830 1336 pars

53 1335 197 1392 altera
217 1352 274 1382 ex
299 1335 512 1383 universis
535 1337 590 1382 ad
612 1342 709 1382 eam
733 1352 887 1382 curam
909 1335 1195 1398 eligendum,
1216 1336 1414 1381 maxime
1431 1335 1650 1395 idoneum
1677 1342 1687 1384 ἐ
1714 1338 1832 1384 alte·

0 1440 1 1446 ,
55 1399 116 1447 ris
142 1405 396 1447 maternum
420 1417 605 1455 nomen,
633 1405 678 1448 ἃ
699 1399 1117 1462 propinquitatem:
1143 1398 1295 1446 alteris
1319 1397 1534 1447 vetustam
1553 1402 1704 1465 legem
1725 1415 1831 1464 per-¹»

54 1477 194 1527 petua
216 1465 542 1512 consuetudine
564 1465 875 1511 confirmatam
890 1464 1182 1523 jaciantibus.
1251 1464 1350 1511 Post
1373 1464 1556 1511 tertium
1575 1473 1831 1515 conventus

54 1529 179 1575 diem
205 1528 384 1592 Regina
400 1545 504 1576 cum
523 1529 609 1575 suis
632 1546 688 1576 ex
709 1544 810 1575 arce
829 1527 1062 1576 descendit
1086 1547 1097 1574 :
1131 1545 1268 1591 atque
1292 1529 1317 1574 a
1339 1529 1414 1576 sua
1435 1529 1630 1577 faEtione
1664 1531 1705 1577 se
1753 1545 1833 1578 tu-

55 1594 217 1639 tricem
243 1594 401 1656 Regis,
428 1600 467 1640 δε
490 1594 619 1655 regni
655 1593 1010 1655 procuratricem
1042 1594 1224 1640 decerni
1247 1606 1374 1640 curat
1399 1612 1409 1640 ε
1445 1607 1580 1656 atque
1603 1595 1650 1641 in
1676 1602 1830 1644 arcem.

53 1657 187 1705 redit.
278 1659 332 1704 Id
355 1674 457 1704 cum
481 1657 670 1705 rescisset
692 1658 961 1713 Kennedus9
998 1675 1104 1705 cum
1125 1659 1200 1705 sua
1221 1658 1419 1705 fafflone
1440 1659 1487 1705 in
1512 1659 1662 1706 forum
1685 1661 1833 1706 advo-

55 1721 137 1775 lat,
180 1728 220 1769 &
244 1722 547 1778 multitudini,
583 1740 686 1784 quae
709 1723 921 1786 frequens
944 1728 1212 1776 accurrerat,
1237 1724 1438 1770 declarat
1459 1724 1600 1786 longa
1621 1724 1833 1772 oratione

17 1819 23 1825 -
56 1785 116 1844 se,
142 1786 328 1850 suosque
350 1786 464 1834 nihil
489 1788 632 1842 aliud,
655 1787 792 1849 quarn
816 1787 1056 1850 publicum
1074 1789 1454 1842 emolumentum,
1479 1793 1518 1834 δε
1541 1790 1834 1849 (1)‘veteren'1

58 1848 365 1899 institutorum
387 1852 749 1899 observationem
773 1852 1165 1915 speStareContra·
1184 1850 1456 1902 adversarios
1475 1852 1664 1915 privatis
1687 1854 1836 1915 cujus-

53 1924 144 1978 que
166 1916 421 1963 commodis
443 1917 569 1964 duci.
623 1918 676 1964 Id
699 1917 740 1963 se
761 1917 1000 1980 perspicue
1023 1918 1315 1972 ostensurum,
1342 1918 1371 1963 si
1395 1917 1580 1980 quando
1603 1918 1721 1964 liber
1741 1919 1836 1965 dis-

53 1980 267 2043 ceptandi
290 1981 416 2027 locus
450 1982 532 2028 fibi
554 1982 702 2030 detur.
770 1984 888 2029 Haec
913 1982 993 2028 ubi
1019 1983 1197 2029 locutus
1220 1983 1297 2037 est,
1324 1982 1372 2028 in
1394 1979 1689 2028 diversorIum
1725 1991 1834 2030 cunt

61 2044 148 2091 suis
171 2046 213 2091 se
236 2045 437 2107 recipere
458 2046 616 2107 coepit,
640 2062 692 2103 ac
713 2063 805 2109 non
828 2047 968 2111 longe
989 2046 1014 2092 a
1041 2048 1142 2094 foro
1163 2047 1334 2101 aberat,
1360 2062 1465 2094 cum
1490 2047 1677 2093 alteram
1702 2047 1835 2105 fasti-

59 2125 200 2156 onem
222 2109 350 2156 audit
372 2123 589 2157 armatam
613 2111 896 2158 descendere.
930 2112 987 2158 Id
1006 2128 1114 2158 vero
1135 2111 1473 2158 intolerandum
1489 2124 1610 2157 ratus
1634 2112 1838 2175 Duglas-

59 2173 165 2229 iius,
193 2187 241 2220 ut
266 2172 400 2220 minis
421 2182 669 2237 paucorum
691 2175 902 2222 fortiores
926 2176 1156 2231 cederent,
1181 2192 1233 2222 ac
1252 2176 1375 2238 fugae
1399 2175 1532 2222 instar
1549 2176 1654 2222 effet
1677 2181 1836 2239 recep*

57 2241 148 2292 tus,
171 2237 250 2284 Vix
268 2237 293 2284 a
316 2239 544 2286 Kennedo
570 2238 755 2287 retineri
772 2253 968 2302 pot-erat,
993 2240 1106 2303 quin
1129 2246 1309 2303 portam
1335 2240 1456 2287 urbis
1480 2240 1737 2301 proximam
1759 2241 1835 2288 in·—

52 2302 238 2349 vaderet
271 2309 408 2364 atque
422 2303 606 2351 inermis
625 2321 728 2352 cum
740 2305 923 2351 armatis
942 2307 1299 2367 congrederetur
1322 2322 1333 2351 :
1359 2319 1411 2350 ac
1428 2305 1509 2351 nisi
1533 2310 1619 2351 tres
1642 2305 1832 2367 Episcm

53 2365 120 2430 pi,
142 2366 442 2418 Glascuenfi&
471 2369 842 2424 Gallovidianu5‚
868 2375 908 2416 δε
926 2370 1279 2417 Dumblanensis
1302 2370 1506 2416 tumultu
1530 2368 1668 2416 exciti
1690 2367 1838 2418 inter-

54 2432 289 2486 veniffent5
324 2431 402 2477 vix
432 2431 692 2494 indignatio
726 2434 811 2480 fisti
833 2440 1028 2496 poterat,
1053 2435 1163 2497 quin
1197 2437 1254 2481 ad
1289 2451 1449 2480 manus
1483 2440 1671 2481 ventum
1696 2434 1835 2481 foret'.

10 2514 15 2516 ·
56 2486 293 2558 Episcopis
316 2496 640 2560 interpretibus
664 2515 732 2546 res
754 2498 820 2545 ita
841 2511 940 2546 turn
963 2499 1212 2562 composita
1231 2500 1308 2555 est,
1336 2510 1385 2546 ut
1406 2498 1454 2546 in
1477 2499 1678 2547 mensem
1693 2500 1836 2548 essent

59 2559 273 2608 induciae.
1789 2617 1791 2619 ,

123 2626 235 2673 VII.
274 2625 485 2673 Ducibus
520 2634 756 2690 utcunque
794 2627 974 2684 sedatis,
1007 2628 1257 2676 multitudo
1285 2640 1437 2675 tamen
1474 2628 1603 2676 nullo
1633 2628 1834 2692 imperio

56 2687 262 2736 'cohiberi
286 2703 481 2753 poterat,
519 2698 613 2755 quo
637 2694 785 2741 minus
808 2692 941 2748 iram,
975 2697 1026 2745 δε
1046 2693 1414 2758 indignationem
1438 2693 1682 2741 verborum
1706 2694 1836 2755 aspe-

57 2752 189 2801 ritate
210 2761 514 2817 expromeret.
568 2757 761 2820 Reginae
783 2759 1131 2820 postulationem
1154 2763 1296 2822 regno'
1315 2759 1399 2804 ess'e
1418 2771 1613 2820 turpem.
1640 2774 1724 2814 nec
1745 2758 1833 2820 ipsi
1890 2795 1892 2799 ,

58 2816 163 2864 satis
186 2819 415 2866 decoram.
502 2822 630 2868 Eone
653 2824 854 2870 recidisse
876 2836 1082 2870 veterum
1102 2825 1343 2870 Scotorum
1359 2823 1594 2878 virtutem,
1621 2835 1670 2870 ut
1690 2823 1739 2870 in
1762 2826 1834 2871 to't

31 2881 259 2929 'virorum
295 2880 498 2931 millib‘us
531 2902 668 2932 nemo
704 2887 963 2935 inveniatur
995 2887 1194 2952 dignior,
1230 2887 1370 2950 quam
1395 2887 1603 2943 foemina,
1626 2888 1708 2951 qui
1732 2894 1832 2937 reni

63 2945 289 2992 Scoticam
308 2947 634 3000 administraret
656 2954 672 2998 ?
691 2969 793 3014 quae
812 2952 854 2999 ei
870 2953 999 3016 genti
1014 2954 1225 3016 imperet,
1257 2953 1328 3014 (z)
1353 2970 1457 3015 quae
1482 2952 1703 3014 majorem
1721 2953 1830 3001 vitae

58 3021 236 3072 partem
260 3010 308 3056 in
330 3012 464 3060 armis
482 3016 695 3079 transigat
718 3021 736 3063 ?
773 3023 911 3080 quam
930 3017 1054 3079 spem
1078 3018 1263 3065 tandem
1285 3016 1397 3071 fore,
1420 3016 1501 3080 qui
1519 3013 1726 3081 Regibus
1745 3035 1838 3082 pa-

23 3113 25 3115 .
59 3087 162 3120 rum
183 3074 374 3122 strenuis
395 3092 487 3123 non
510 3078 835 3145 usquequaque
858 3081 1114 3129 tranabiles
1135 3080 1289 3137 essent,
1305 3097 1381 3127 eos
1400 3081 1604 3128 foemina:
1627 3082 1833 3146 peregri-

7 3145 17 3150 ’”
63 3152 136 3197 nae
156 3138 547 3211 obtemperaturos
568 3146 586 3189 ?
634 3144 682 3191 in
705 3146 886 3194 huncne
909 3148 1044 3194 finem
1068 3159 1138 3195 tot
1157 3146 1335 3194 labores
1356 3147 1626 3202 exantlatos,
1653 3157 1835 3195 tantum

62 3199 291 3276 sanguinis
314 3211 395 3266 per
433 3217 664 3277 totannos
695 3222 828 3267 terra,
870 3212 1075 3275 marique
1108 3212 1275 3266 fusum,
1319 3215 1368 3257 ut
1388 3211 1597 3258 homines
1619 3211 1667 3258 in
1690 3210 1830 3259 armis

64 3273 177 3320 nati,
209 3273 250 3315 δε
283 3268 464 3315 educati
487 3269 528 3316 s'e
550 3270 596 3317 in
620 3273 889 3323 muliebrem
910 3275 1172 3324 servitutem
1195 3276 1354 3339 sponte
1374 3276 1544 3323 dedant
1564 3278 1582 3322 ?
1614 3276 1727 3338 quid
1750 3276 1827 3322 fu-

63 3339 232 3397 turum,
254 3332 470 3395 si'AnglL
490 3336 614 3397 quod
636 3335 750 3400 saepe
770 3340 880 3388 alias
910 3341 1134 3397 fecerunt,
1158 3341 1306 3388 ultum
1328 3354 1529 3404 accaepta
1550 3340 1826 3386 detrimenta

58 3399 163 3441 tum
178 3396 362 3459 magnis
380 3398 653 3447 exercitibus
673 3403 890 3452 veniant?
910 3422 1050 3469 quem
1067 3407 1244 3470 signum
1260 3413 1431 3470 pugnae
1452 3405 1788 3468 propositurum
1809 3405 1830 3449 ἓ

63 3461 268 3519 quentin
301 3460 446 3509 aciem
468 3462 709 3514 ducturum
732 3471 752 3513 ?
801 3485 942 3531 quem
973 3471 1099 3534 leges
1123 3470 1251 3527 belli,
1286 3470 1500 3534 pacisque
1527 3471 1756 3522 daturum,
1781 3471 1826 3514 &-

87 3639 100 3652 ·
126 3584 194 3640 (i)
224 3591 288 3628 An
306 3594 508 3634 veterum?
630 3594 695 3645 (2)
722 3597 899 3649 Imperet,
919 3611 1107 3657 quae--g
1138 3601 1193 3641 ita
1210 3601 1302 3644 MS.
1327 3600 1424 3639 Arb.
1443 3598 1635 3649 imperet?
1662 3596 1832 3647 qui—-

856 3659 905 3708 T
937 3672 958 3710 t
1745 3669 1840 3719 μὴ
