1992 3801
111 170 311 236 288ἲ
421 168 788 236 RERUM
878 167 1562 236 SeonARtrM

107 264 196 323 tus,
217 281 366 314 tamen
389 266 485 318 suas
503 267 774 330 cupiditates
798 266 998 316 occultas
1021 265 1284 316 continebat
1303 285 1314 314 t
1359 282 1411 314 ac
1429 283 1510 329 per
1532 264 1862 315 simulationem

100 331 288 395 favoris
305 346 413 396 erga
443 333 623 396 Regem
656 332 702 386 ijn
733 332 1003 393 propinquis
1026 331 1239 378 tollendis
1262 346 1446 393 operam
1468 329 1717 377 ostentabat
1741 348 1752 377 ε
1785 331 1835 383 id
1851 361 1861 370 -

104 412 195 456 que
218 401 358 451 unum
377 397 542 460 agebat
563 391 777 450 maxime,
803 401 852 443 u't
869 396 1019 442 alieno
1040 395 1201 442 scelere
1224 395 1319 443 suas
1341 411 1450 458 opes
1472 405 1675 458 augeret,
1699 388 1862 442 adver·
1886 407 1888 409 ’
1947 443 1951 450 ,

103 458 317 520 sariorum
339 460 646 513 imminueret.
1286 513 1289 516 Α
1881 489 1884 492 -

169 521 394 586 XLVIII.
425 524 603 573 Interea
625 523 824 571 Melissus
849 525 1048 571 Gramus
1073 522 1232 586 (quem
1253 521 1452 583 diximus
1475 521 1678 569 obfidem
1698 520 1865 584 Anglis

105 586 285 648 datum)
311 588 335 635 a
360 591 506 651 Rege,
544 589 653 636 dum
675 587 721 635 in
748 589 984 650 publicum
1008 586 1333 650 patrimonium
1364 585 1631 649 diligentius
1653 585 1865 649 inquirit,

105 652 256 699 Iernia
271 653 330 699 est
347 652 580 716 spoliatus,
613 652 738 716 quod
759 669 857 699 eam
881 652 1166 715 comperisset
1185 668 1269 698 avo
1303 651 1399 710 ejus
1435 661 1639 700 materno
1673 665 1728 696 ea
1759 650 1865 712 lege

103 714 276 772 datam,
299 729 346 763 ut
369 717 606 764 deficiente
626 713 756 779 stirpe
774 718 969 776 mascula
989 717 1047 772 ad
1065 718 1240 779 Regem
1262 714 1429 761 rediret
1449 733 1460 760 ε
1497 714 1566 776 (ι)
1581 713 1865 776 feudumque

104 778 543 845 effet‘mtzsculinum,
585 780 918 843 utinterpretes
948 779 1063 843 juris
1085 797 1206 840 nunc
1240 780 1507 841 loquuntur.
1594 780 1660 826 Ea
1690 777 1865 842 adoles:

106 845 253 893 centis
288 845 484 900 innoxii,
525 850 564 891 Sc
587 845 795 898 absenti5‚
837 852 877 893 δε
899 845 1064 892 'obsidis
1092 843 1322 891 calamitas
1357 845 1524 905 multos
1549 843 1605 889 ad
1629 841 1870 898 'commise-

104 909 345 963 rationem,
370 906 624 956 Robertum
645 924 754 954 vero
776 909 869 969 ejus
893 921 1086 956 tutorem
1114 918 1232 969 'pene
1255 909 1311 953 ad
1332 906 1550 958 insaniam
1574 907 1767 967 redegit.
1822 907 1868 952 Is

107 972 229 1019 enim
253 974 422 1019 caeteris
444 972 756 1036 impatientius
778 972 1025 1035 propinqui
1049 971 1112 1017 sui
1133 971 1279 1018 casum
1305 971 1452 1016 ferens
1466 971 1643 1032 Regem
1666 986 1760 1017 non
1778 970 1872 1015 ces·

107 1035 230 1085 sabat
251 1039 398 1099 palam
423 1036 656 1100 injuziiciae
680 1035 900 1082 accusare.
954 1037 1075 1083 Cum
1099 1046 1250 1081 autern
1273 1034 1318 1080 in
1337 1034 1411 1094 jus
1435 1034 1492 1080 ad
1513 1033 1687 1080 causam
1713 1033 1872 1080 dicen·-

108 1101 213 1147 dam
234 1110 418 1148 vocatus
449 1118 539 1148 non
565 1100 772 1154 affuisset,
815 1102 885 1161 (2)
910 1099 953 1146 ei
982 1116 1115 1162 aqua,
1140 1103 1189 1149 ὅς
1212 1099 1309 1161 igni
1330 1097 1621 1144 interdiEium
1645 1099 1722 1145 est.
1791 1097 1870 1144 Ob

103 1164 206 1212 hcec
226 1164 445 1212 sei-ociore.
466 1166 637 1220 animo,
660 1165 786 1212 velut
807 1181 925 1211 nova
944 1164 1111 1225 injuria
1133 1163 1324 1210 laceffito
1348 1162 1404 1208 ad
1427 1161 1674 1209 vindic‘lam
1698 1177 1868 1225 pronus

105 1246 208 1276 cum
226 1229 287 1275 eis
303 1230 487 1276 consilia
502 1230 669 1276 secreta
688 1230 936 1291 coquebat,
964 1228 1044 1291 qui
1064 1229 1134 1274 vel
1155 1227 1336 1275 multati
1354 1226 1486 1273 bonis
1510 1226 1704 1287 fuerant,
1726 1227 1796 1273 vel
1820 1244 1870 1274 a-

105 1294 331 1341 micorum
353 1294 576 1358 :supplicia
596 1292 889 1358 quantumvis
926 1294 1056 1354 justa,
1095 1305 1246 1340 tamen
1269 1291 1432 1353 iniquo
1464 1290 1617 1353 animo
1642 1291 1866 1345 ferebant,

104 1359 177 1404 vel
202 1360 377 1421 Regem
401 1355 599 1405 avaritiae
622 1355 958 1411 insimulabant,
982 1358 1110 1420 quod
1132 1358 1189 1403 ad
1213 1373 1306 1403 rem
1331 1354 1547 1402 attentior
1563 1353 1680 1416 ipsos
1703 1371 1867 1417 parum

103 1437 188 1484 pro
210 1421 522 1486 expee'latione
545 1421 691 1471 fuerat
713 1434 1038 1469 remuneratus.
1107 1421 1184 1469 Ad
1208 1421 1303 1467 haec
1327 1436 1417 1466 non
1454 1419 1596 1466 solum
1632 1419 1688 1465 ad
1710 1419 1873 1465 interi-

104 1497 204 1534 tum
230 1487 429 1534 redaffitas
452 1485 627 1534 nobiles
650 1484 847 1544 familias
869 1486 1185 1549 deplorabant,
1215 1485 1289 1532 sed
1325 1488 1384 1544 &p
1400 1484 1470 1545 (3)
1511 1483 1676 1544 tutelas
1698 1482 1873 1530 adoles‘

104 1551 303 1598 centium
324 1552 567 1606 nobilium,
600 1570 702 1614 quae
724 1549 909 1614 praemia
928 1554 1131 1597 virorum
1155 1550 1342 1596 fortium
1365 1548 1567 1594 solebant
1598 1548 1698 1602 este,
1732 1561 1871 1610 penes

106 1616 284 1679 Regem
308 1617 408 1663 esse.
475 1615 552 1664 Ad
576 1633 716 1663 unum
747 1632 906 1662 omnes
940 1615 1069 1677 regni
1103 1631 1211 1677 opes
1235 1612 1419 1676 congeri
1446 1630 1457 1660 ε
1492 1626 1676 1659 caeteros
1699 1610 1776 1658 snb
1800 1613 1871 1658 in..

107 1693 239 1741 grato
261 1680 469 1728 laborum
504 1681 768 1727 aestimatore
801 1680 846 1725 in
880 1679 1099 1734 miseriis,
1124 1678 1344 1739 &inopia
1365 1676 1694 1727 contabescere.
1763 1678 1873 1723 Hce

105 1755 256 1790 autem
282 1746 405 1808 quod
429 1745 484 1792 de
508 1745 660 1791 tutelis
683 1744 1002 1807 exprobrabat,
1028 1741 1286 1804 hujusmodi
1303 1742 1379 1787 est.
1433 1742 1488 1786 In
1511 1741 1681 1795 Scotia‚
1706 1745 1746 1786 &
1772 1743 1873 1786 An·

102 1808 218 1872 g1ia,
255 1811 304 1858 ὃς
336 1809 568 1857 nonnullis
592 1808 760 1856 Gallia:
791 1807 1055 1871 regionibus
1080 1823 1177 1854 mos
1199 1807 1277 1860 est,
1316 1804 1577 1865 utwmortuis
1610 1805 1873 1864 parentibus

103 1873 237 1935 pueri
254 1874 428 1921 nobiles
445 1874 500 1921 ad
519 1873 696 1920 vicessrn
708 1889 780 1919 um
803 1873 1000 1935 primum
1022 1872 1157 1933 usque
1176 1887 1345 1918 annum
1369 1868 1415 1915 in
1436 1884 1592 1915 eorum
1615 1869 1756 1914 tutela
1775 1885 1874 1915 rna-

105 1950 260 1991 neant‚
281 1954 474 2000 quorum
500 1937 598 1984 sunt
622 1936 899 1983 beneficiarii
935 1955 945 1984 :
980 1936 1240 1999 fruausque
1261 1946 1418 1980 ornnes
1442 1948 1656 1995 agrorum
1691 1935 1876 1994 (praeter

104 1999 309 2065 sumptus
343 2002 398 2048 ad
421 2000 652 2065 pupillum
688 2001 902 2048 alendum
927 1998 1209 2058 necessarios)
1245 2002 1293 2048 &
1317 2008 1533 2059 praeterea
1556 1996 1686 2042 dotes
1710 1996 1766 2042 ab
1791 2013 1873 2043 ux-

107 2064 263 2110 oribus
286 2065 474 2130 pupillis
497 2067 615 2113 datae
637 2066 693 2111 ad
717 2066 975 2127 hujusmodi
999 2077 1170 2112 tutores
1193 2064 1396 2109 redeant.
1465 2062 1556 2107 Hae
1579 2073 1729 2107 autem
1755 2071 1875 2108 tute·

104 2127 179 2183 lae,
203 2130 273 2176 vel
297 2135 370 2193 (ut
389 2131 532 2194 vulgo
554 2130 861 2193 appellantur)
878 2129 1106 2180 custodiae,
1127 2130 1231 2175 cum
1255 2140 1332 2173 aut
1351 2124 1537 2172 modica
1555 2123 1751 2186 pecunia
1767 2141 1878 2188 pro-

104 2192 293 2256 pinquis
315 2194 469 2249 vendi,
494 2208 572 2242 aut
594 2195 708 2241 bene
731 2194 903 2241 meritis
928 2194 1196 2256 plaerunque
1229 2190 1391 2238 donari
1412 2189 1621 2249 solerent,
1663 2190 1745 2251 qui
1766 2189 1876 2236 inde

105 2272 163 2303 ex
186 2259 421 2322 emptione
440 2260 635 2313 lucrum,
658 2258 732 2305 vel
753 2276 809 2306 ex
830 2258 1078 2305 donatione
1101 2257 1338 2320 praemium
1364 2254 1618 2316 sperabant,
1644 2254 1876 2317 angebant·
1920 2283 1939 2318 ¹.

106 2333 178 2367 tur
198 2339 272 2370 eas
290 2324 348 2370 ad
369 2324 548 2388 Regem
574 2340 712 2371 unum
735 2322 972 2387 pervenire
997 2341 1009 2370 ε
1052 2338 1201 2384 neque
1223 2320 1410 2368 tacitum
1434 2318 1560 2366 suum
1583 2317 1788 2365 dolorem
1809 2318 1882 2364 fea
1916 2367 1920 2370 ,

101 2386 278 2435 rebant..
515 2445 517 2448 Α
1577 2395 1579 2401 ’

171 2451 344 2500 XLIX.
376 2452 532 2512 Hujus
570 2450 1103 2513 generis'querelaecum
1125 2451 1180 2497 ad
1205 2451 1384 2512 Regem
1423 2448 1609 2510 perlatae
1638 2448 1792 2502 effent,
1828 2446 1879 2493 id

106 2513 278 2562 fafitum
301 2517 428 2564 velut
447 2517 735 2563 necefl'arium
760 2516 1002 2562 excusavit.
1057 2514 1386 2562 Patrimonium
1408 2511 1530 2559 enim
1555 2511 1790 2574 publicum
1814 2509 1880 2557 ita

107 2593 189 2640 pe.-
226 2580 476 2643 superiores
515 2582 685 2644 Reges,
718 2586 757 2627 δι
790 2580 1114 2643 gubernatores
1153 2589 1467 2632 extenuatum,
1510 2586 1562 2622 u't
1593 2591 1678 2622 -nec
1703 2574 1880 2621 familia

107 2642 316 2706 principe
336 2644 498 2709 digna,
528 2644 610 2692 nec
633 2643 876 2692 comitatus
898 2645 1106 2691 honestus
1132 2643 1308 2696 haberi,
1340 2658 1423 2688 nec
1446 2638 1788 2704 magnificentia
1808 2655 1881 2686 er-

105 2724 168 2769 ga
184 2708 360 2772 legatos
381 2721 559 2756 exteros
581 2707 782 2757 exerceri
798 2710 939 2771 posset
965 2727 976 2756 :
1013 2725 1098 2754 nec
1115 2708 1234 2755 hanc
1251 2704 1541 2769 diligentiam
1559 2703 1702 2768 Regis
1723 2721 1774 2751 111
1795 2719 1884 2767 pe-

106 2772 242 2819 cunia
254 2772 448 2820 honestis
463 2770 714 2821 rationibus
733 2773 934 2836 paranda
946 2769 1030 2819 ess‘e
1050 2772 1262 2819 inutilem
1281 2768 1530 2823 nobilitati,
1547 2767 1622 2815 cui
1641 2768 1754 2815 nihil
1780 2770 1891 2814 ma-'

106 2834 427 2943 gis-adversum
451 2836 657 2900 fitquam
671 2836 829 2900 inopia
850 2837 1054 2900 publica,
1078 2836 1187 2884 dum
1208 2837 1360 2898 Reges
1383 2848 1476 2896 quo
1498 2847 1648 2880 carere
1667 2848 1760 2879 non
1777 2832 1882 2895 pos-

126 2908 227 2953 unt,
251 2899 298 2946 id
320 2918 401 2964 per
417 2901 510 2962 vim
536 2901 826 2965 &ditioribus
842 2912 1115 2963 extorquere
1136 2911 1376 2954 conantur,
1399 2909 1478 2944 aut
1495 2896 1677 2959 plebem
1699 2912 1883 2959 cogun÷

106 2973 184 3008 tur
200 2963 440 3028 exigendis
463 2966 643 3014 tributis
664 2983 845 3014 vexare.
925 2966 1176 3028 Multoque
1205 2963 1357 3011 minus
1377 2962 1426 3008 in
1461 2960 1697 3023 publicum
1729 2960 1881 3018 obesse

109 3026 302 3090 Regum
316 3030 654 3091 parfimoniam,
686 3047 790 3095 quae
817 3030 1007 3077 modum
1030 3026 1354 3090 donationibus
1377 3024 1636 3072 immodicis
1658 3024 1877 3087 imponit,

110 3089 253 3200 ἓυὲῐη
274 3088 599 3154 profusionem,
639 3112 743 3158 quas
773 3094 859 3142 suis
889 3093 1165 3157 consumptis
1184 3093 1276 3139 fine
1297 3090 1438 3138 modo
1458 3088 1508 3136 in
1540 3088 1733 3136 aliorum
1758 3086 1892 3135 bona'

146 3154 435 3203 ebac'chatur.
503 3156 611 3206 Hoc
644 3158 851 3221 responso
885 3159 988 3205 Rex
1023 3153 1299 3222 aequioribus
1333 3151 1548 3202 satisfecit
1581 3170 1592 3199 ι
1628 3151 1881 3215 iniquiores

110 3229 240 3273 vero,
263 3218 345 3282 qui
367 3221 513 3284 magis
533 3222 845 3286 conquerendi
865 3221 1060 3279 causam,
1100 3220 1239 3285 quain
1261 3217 1508 3266 criminum
1524 3216 1687 3278 justam
1714 3224 1883 3279 expur-

43 3319 49 3324 .
99 3280 349 3346 gationem
367 3285 652 3350 quaerebant,
671 3283 984 3334 vehementius
1003 3288 1062 3335 ad
1083 3283 1452 3351 maledicendum
1472 3280 1707 3328 excitavit.

163 3411 229 3462 (1)
256 3410 329 3452 Fee
352 3427 393 3452 or
412 3415 500 3452 land
529 3415 700 3465 provided
726 3423 767 3453 to
802 3413 869 3453 the
904 3415 971 3453 fiar
1022 3425 1061 3455 to
1079 3416 1145 3455 the
1163 3416 1273 3454 horn.
1749 3423 1755 3432 ¹
1777 3452 1784 3457 .
1819 3451 1823 3455 .
1875 3452 1878 3455 .

110 3468 188 3503 ‘and
207 3465 268 3503 his
299 3464 400 3513 heirs
433 3463 532 3508 maIe
549 3468 651 3518 only.
685 3464 811 3504 'This
835 3467 972 3505 Malise
1079 3468 1139 3520 (3)
1179 3469 1313 3506 Wards
1342 3466 1387 3505 of
1409 3465 1516 3505 heire
1551 3458 1880 3511 min0r52h01ding

116 3518 287 3556 Graham
304 3519 336 3558 is
348 3516 413 3560 the
442 3521 519 3560 first
535 3521 610 3562 carl
645 3520 691 3559 of
712 3518 908 3570 Monteith
933 3519 980 3557 of
1026 3524 1123 3559 ward
1144 3523 1215 3559 and
1233 3520 1345 3558 relies
1361 3534 1371 3556 ι
1417 3520 1446 3556 it
1463 3518 1555 3557 hath
1569 3518 1634 3555 the
1650 3526 1760 3561 name
1777 3512 1877 3550 from

117 3570 202 3609 that
219 3571 389 3612 fimame.
1027 3566 1205 3621 guarding
1222 3575 1291 3609 and
1308 3572 1516 3621 protesting
1529 3569 1594 3610 the
1607 3563 1706 3614 heir,
1724 3565 1828 3603 altho
1848 3564 1882 3601 it

171 3621 238 3675 (2)
265 3625 326 3677 He
342 3639 418 3666 was
447 3628 661 3670 denounced
689 3621 788 3666 zehel
818 3627 891 3664 and
907 3632 975 3677 put
1027 3625 1072 3669 be
1092 3625 1150 3665 his
1166 3623 1435 3677 greatesthurt.
1692 3668 1718 3718 I
1777 3665 1829 3714 H
1830 3678 1885 3711 oc
