2010 3851
436 155 849 226 APUD
963 154 1522 225 SCO‘TOS.
1799 178 1877 240 17

96 262 452 314 ‘enmmendatae‚
500 259 592 304 vita
613 261 842 319 expreffae,
861 290 866 296 -
888 257 1104 320 sanguine
1128 256 1417 317 consignatae.
1487 259 1656 319 Neque
1679 259 1793 305 alins
1825 261 1874 307 in

99 328 199 374 ‘tota
222 328 324 390 lege
343 328 469 372 locus
493 336 571 368 aut
594 323 878 383 diligentius,
904 321 1286 372 commendatius,
1329 333 1406 367 aut
1440 323 1709 381 explicatius
1734 326 1874 370 tradi-

99 402 189 446 tus,
232 408 368 454 quam
410 390 447 434 is
487 387 567 450 qui
591 389 649 434 est
685 390 740 433 de
781 387 931 432 officio
974 385 1319 447 Episcopornrn.
1394 384 1489 430 Illis
1515 401 1665 432 autem
1691 390 1871 451 legibus

100 462 205 502 curn
234 455 346 502 nulli
389 453 440 499 fit
464 453 528 498 fas
552 452 798 514 quicquam
824 450 1037 510 adjicere,
1079 451 1314 512 abrogare,
1348 447 1585 509 derogare,
1612 451 1871 506 immutare,

100 537 189 566 una
214 519 400 565 restabat
422 516 755 578 interpretatio,
823 515 934 560 Eam
972 516 1205 559 Romanus
1229 512 1478 574 Episcopus
1501 529 1603 558 cum
1639 517 1717 561 fibi
1749 534 1875 563 arro·

97 585 255 646 gass‘e't,
282 592 371 628 non
399 581 537 627 modo
560 580 755 641 reliquas
779 577 991 641 oppreffit
1018 579 1255 631 Ecclesias,
1288 573 1357 623 sed
1387 577 1673 638 tyrannidem
1700 580 1873 628 sassviffi.

98 664 219 693 mam
245 646 454 693 omnium
477 662 580 708 quae
605 659 804 705 unquam
831 642 1032 696 fuerunt,
1059 642 1138 688 fibi
1159 641 1409 687 vindicavit
1443 661 1457 696 3
1491 656 1574 687 nec
1608 642 1871 692 hominibus

97 711 373 767 tantum,sed
391 711 582 771 Angelis
607 707 744 766 etiam
771 707 993 768 imperare
1018 705 1404 760 ausus,Christum
1424 707 1560 767 plane
1584 705 1628 752 in
1656 709 1870 757 ordinem

95 775 276 840 redegit
318 794 329 822 z
384 774 464 821 nisi
488 774 532 820 id
560 789 650 818 non
675 773 734 818 est
771 771 816 818 in
854 771 1061 817 ordinem
1088 771 1309 833 redigere,
1352 783 1399 816 ut
1421 771 1546 832 quod
1571 782 1619 817 tu
1644 772 1775 828 velis,
1822 775 1871 823 in

90 840 230 895 coelo,
256 841 303 887 in
329 840 480 894 terris,
507 838 630 900 apud
653 832 823 898 inferos
847 835 898 881 fit
921 849 1067 881 ratum
1098 852 1108 881 ε
1143 834 1268 897 quod
1293 834 1496 881 Christus
1516 835 1652 897 juffit,
1691 838 1756 883 ita
1786 838 1871 885 de-

86 910 222 950 ¹mum
246 905 298 952 fit
319 918 486 958 ratum,
512 904 541 950 si
569 912 614 949 tu
637 899 765 948 velis.
833 899 959 946 Nam
984 900 1013 945 fi
1038 897 1083 945 in
1109 916 1201 945 rem
1227 910 1350 944 tuam
1377 916 1535 960 parum
1564 900 1770 948 videatur
1792 904 1870 951 lex

92 968 262 1024 facere,
284 969 348 1017 ita
367 967 710 1029 interpretando
733 964 901 1027 poteris
926 964 1180 1016 defieekere,
1207 975 1255 1009 ut
1275 979 1364 1023 non
1389 964 1528 1010 modo
1548 982 1628 1026 per
1650 977 1780 1013 tunm
1800 984 1867 1024 os,

90 1031 171 1080 sed
192 1050 249 1080 ex
271 1033 414 1080 animi
437 1033 505 1080 tui
530 1028 747 1078 sententia
769 1029 900 1091 loqui
924 1041 1116 1091 cogatur
1139 1026 1358 1074 Christus.
1409 1027 1588 1076 Christo
1611 1029 1765 1093 itaque
1791 1051 1871 1094 per

90 1113 142 1145 os
166 1096 398 1144 Pontificis
422 1096 622 1144 Romani
666 1096 901 1156 loquente,
937 1092 1204 1154 Chilperico
1231 1093 1301 1153 (1)
1328 1092 1535 1154 pipinus,
1580 1095 1745 1156 Joanni
1772 1098 1871 1144 Na-

90 1178 223 1209 varro
246 1162 563 1209 Ferdinandus
584 1160 866 1221 Arragonius
890 1160 949 1204 est
973 1158 1230 1207 substitutus
1253 1174 1263 1202 :
1306 1156 1425 1202 filius
1450 1157 1493 1203 in
1526 1174 1719 1220 patrem,
1744 1162 1869 1210 cives

85 1220 139 1273 in
164 1228 340 1290 Regem
365 1243 490 1274 arma
512 1225 657 1288 impia
680 1223 975 1286 sumpserunt.
1014 1222 1216 1268 Christus
1237 1237 1415 1267 veneno
1440 1222 1659 1278 imbutu5‚
1700 1225 1869 1275 deinde

90 1290 187 1353 ipse
210 1292 435 1338 veneficus
460 1289 555 1337 fieri
578 1292 759 1336 coafius
783 1289 859 1344 est,
906 1300 953 1333 ut
983 1302 1160 1333 veneno
1183 1285 1365 1332 tolleret
1387 1287 1643 1334 Henricum
1672 1289 1867 1338 Lucem.

90 1354 326 1419 burgiam.
377 1358 445 1403 M.
471 1357 588 1402 Haec
611 1371 699 1417 ego
723 1370 814 1399 non
847 1369 967 1400 nunc
991 1351 1190 1414 primum
1215 1350 1353 1396 audio
1380 1370 1391 1397 ;
1426 1351 1498 1397 sed
1522 1354 1578 1400 de
1603 1353 1681 1399 ista
1709 1357 1868 1420 legum

81 1419 471 1482 'interpretatione
497 1420 695 1482 apertius
719 1418 875 1464 audire
899 1433 1029 1464 aveo.

155 1487 338 1532 XXXI.
367 1492 420 1534 Β.
449 1485 609 1533 Unum
635 1483 719 1530 tibi
744 1499 996 1545 proponam
1021 1481 1308 1543 exemplum,
1340 1478 1364 1525 ὲ
1389 1496 1481 1542 qno
1506 1492 1652 1529 totum
1677 1484 1766 1530 hoc
1785 1503 1867 1549 ge-

91 1566 176 1596 nus
200 1563 429 1612 quantum
453 1550 603 1595 valeat
625 1548 759 1594 facile
781 1547 1030 1609 intelligaS.
1100 1547 1197 1591 Lex
1219 1546 1296 1598 est,
1342 1547 1514 1606 Oportet
1540 1547 1779 1609 Episcopum
1797 1553 1867 1613 ςρἶὲ

88 1618 225 1671 unius·
243 1620 384 1661 uxoris
402 1619 549 1660 virum
574 1633 590 1659 .·
622 1630 711 1674 qua
734 1612 836 1674 lege
858 1611 971 1674 quid
995 1611 1213 1672 apertius,
1239 1610 1352 1671 quid
1375 1612 1646 1672 explicati.÷s
1670 1613 1762 1660 dici
1783 1633 1867 1678 po.

82 1681 168 1725 'test
193 1683 210 1724 ?
251 1681 390 1725 Unam
412 1697 576 1726 uxorem
618 1678 698 1723 ille
738 1678 876 1723 Unam
900 1673 1120 1737 Ecc‘l‘efiam
1142 1673 1482 1737 interpretatur.
1553 1678 1691 1740 Qafi
1714 1696 1768 1725 ea
1792 1681 1869 1727 lex

87 1760 182 1790 non
205 1743 392 1790 libidini
437 1743 510 1790 sed
544 1741 744 1788 avaritiae
769 1740 1096 1803 Episcoporum
1121 1738 1424 1800 reprimendae
1449 1741 1499 1787 fit
1522 1745 1679 1803 polita.
1750 1745 1866 1793 Haec

93 1820 246 1855 autem
268 1808 516 1869 explicatio
540 1807 618 1853 etfi
644 1806 760 1852 nihil
785 1807 839 1851 ad
862 1822 956 1851 rem
980 1804 1107 1858 facit,
1126 1816 1275 1850 tamen
1292 1803 1558 1852 sententiam
1585 1807 1686 1853 sane
1704 1808 1865 1856 hones-

87 1884 182 1918 tam
207 1877 256 1922 δε
281 1874 403 1934 piam
430 1873 651 1926 continet,
678 1871 758 1916 nifi
782 1887 879 1916 eam
905 1870 1052 1916 rursus
1091 1868 1212 1915 idem
1237 1869 1326 1914 alia
1363 1868 1736 1933 interpretatione
1760 1874 1867 1922 viti-

85 1938 207 1984 asset.
278 1938 407 1999 Quid
430 1954 541 2000 ergo
565 1937 640 1982 bic
663 1935 878 1982 Pontifex
900 1933 1259 1980 comminiscitur
1299 1936 1316 1979 ?
1363 1934 1541 1991 variat,
1566 1936 1735 1999 inquit,
1760 1957 1866 2001 per-

86 2001 223 2057 sonis,
249 2000 406 2056 caufis,
430 2002 563 2056 locis,
588 2000 890 2061 temporibus.
962 1999 1164 2061 Qidarn
1190 2015 1242 2043 ea
1278 1998 1518 2046 nobilitate
1545 2002 1658 2056 sunt,
1703 2015 1750 2049 ut
1786 2022 1867 2052 eo-

85 2077 188 2113 rnm
205 2067 323 2113 'fastu
347 2067 498 2113 nullus
523 2066 823 2112 Ecclefiarum
841 2081 1056 2112 numerus
1078 2062 1207 2125 possit
1230 2062 1443 2110 sufficere.
1515 2068 1736 2128 Qaedam
1762 2086 1865 2116 rur-

6 2169 15 2171 -
85 2131 155 2177 sus
179 2132 293 2177 adeo
316 2133 607 2194 pauperculae
650 2131 750 2176 sunt
789 2130 1018 2181 Ecclesiae,
1065 2140 1113 2173 ut
1154 2145 1209 2174 ne
1253 2129 1482 2176 monacho
1505 2131 1691 2192 quidem
1717 2150 1866 2195 nuper

82 2193 317 2251 mendico,
337 2206 457 2243 n'unc
481 2195 682 2250 mitram,
709 2195 918 2257 suppetat
937 2193 1046 2240 inde
1068 2192 1233 2248 vinus,
1259 2194 1286 2239 fi
1315 2194 1483 2243 nosnen
1506 2197 1718 2259 Episcopi
1745 2200 1865 2246 tueri

80 2261 209 2308 velit.
281 2263 473 2307 Inventa
492 2262 552 2306 est
574 2260 690 2306 ratio
711 2276 769 2305 ex
790 2260 872 2305 illa
894 2258 1062 2305 callida
1077 2256 1190 2318 juris
1227 2257 1621 2320 interpretatione,
1653 2275 1704 2309 ut
1729 2264 1861 2311 unius

80 2326 294 2372 Ecclefiae
317 2325 531 2388 Episcopi
559 2324 786 2378 dicantur,
813 2325 911 2372 aliae
933 2322 996 2369 eis
1021 2324 1419 2378 commendentur,
1438 2341 1597 2371 omnes
1621 2329 1863 2389 expolien-

79 2402 169 2437 tur.
240 2391 353 2437 Dies
379 2407 450 2436 me
474 2390 670 2442 deficiet,
698 2390 726 2434 si
751 2388 930 2436 fraudes
947 2387 1164 2451 colligere
1187 2389 1345 2441 velim,
1367 2405 1470 2450 quae
1493 2391 1703 2450 adversus
1725 2409 1863 2442 unam

78 2456 230 2518 legem
256 2455 466 2518 quotidie
502 2453 821 2518 excogitantur
865 2472 876 2500 ε
908 2453 982 2500 sed
1007 2453 1112 2498 haec
1155 2454 1233 2499 etfi
1263 2453 1456 2515 indigna
1499 2455 1584 2501 sint
1611 2462 1650 2502 δι
1675 2458 1862 2506 nomine

77 2515 325 2567 Pontificio
350 2527 388 2567 δε
413 2519 600 2577 homine
622 2518 899 2574 Christiano,
925 2526 1126 2581 tyrannis
1147 2534 1305 2564 eorum
1328 2518 1395 2564 ibi
1418 2536 1508 2566 non
1534 2522 1748 2569 constitit.
1794 2526 1861 2570 Ea

75 2586 139 2633 est
163 2585 288 2632 enim
313 2585 521 2631 omnium
548 2601 702 2631 rerum
726 2596 903 2639 natura,
947 2596 995 2629 ut
1023 2582 1100 2629 ubi
1122 2582 1259 2629 semel
1299 2583 1347 2645 in
1394 2600 1594 2648 praeceps
1617 2585 1683 2633 ire
1706 2603 1860 2651 coepe-

16 2668 24 2674 ·
69 2649 188 2704 ¹rint,
225 2650 446 2713 nusquam
466 2662 571 2696 ante
594 2649 847 2703 confistant,
892 2664 1030 2710 quam
1055 2648 1113 2694 ad
1135 2647 1373 2694 interitum
1397 2649 1624 2697 labantur.
1694 2651 1779 2698 Vis
1804 2655 1859 2699 il-

77 2713 448 2776 lustricxempto
487 2714 574 2760 tibi
597 2714 687 2759 ho'c
710 2715 1060 2760 commonstrem
1099 2715 1116 2758 ?
1151 2711 1466 2761 Meministine
1490 2715 1756 2778 cujusquam
1787 2721 1862 2766 in.

73 2790 145 2826 ter
167 2781 473 2838 Imperatores
499 2777 698 2825 Romani
722 2776 972 2840 sanguini3‚
1014 2776 1097 2840 qui
1140 2776 1280 2825 fuerit
1315 2792 1393 2825 aut
1426 2780 1656 2827 crudelior
1677 2795 1756 2829 aut
1778 2802 1861 2831 ne-

75 2843 214 2907 quior
234 2860 372 2908 quam
398 2845 457 2891 C.
483 2843 717 2906 Caligula.
788 2844 858 2889 M.
883 2842 1074 2896 Nullus,
1120 2843 1245 2904 quod
1278 2841 1433 2898 sciam,
1459 2843 1562 2891 fuit.
1633 2847 1690 2892 B.
1717 2849 1859 2911 Qod

73 2923 225 2956 autem
256 2908 574 2971 nequiffimum
599 2909 695 2970 ejus
719 2906 976 2954 facinorum
1001 2918 1132 2969 putas
1159 2910 1177 2953 ἓ
1211 2908 1322 2955 Non
1346 2907 1426 2954 illa
1448 2908 1570 2964 dico,
1610 2926 1714 2971 quae
1738 2914 1859 2962 Pon„

72 2973 216 3020 tifices
238 2973 284 3020 in
309 2974 481 3020 casibus
505 2972 738 3020 reservatis
763 2984 1020 3026 numerant,
1069 2971 1144 3019 sed
1176 2972 1225 3019 in
1270 2972 1451 3035 reliqua
1484 2974 1580 3034 ejus
1608 2975 1716 3024 vita.
1785 2981 1859 3028 M.

71 3038 186 3086 Non
208 3037 443 3085 succurrit.
511 3040 581 3098 B.
605 3037 755 3101 Qale
783 3036 871 3085 tib-i
913 3036 1029 3084 illud
1066 3036 1262 3091 videtur,
1308 3038 1435 3101 quod
1456 3054 1628 3100 equum
1672 3043 1859 3091 nomine

68 3104 320 3150 Incitatum
344 3103 402 3148 ad
424 3118 604 3149 coenam
638 3101 852 3150 invitavit
890 3105 906 3149 ?
941 3101 1068 3162 quod
1101 3101 1326 3149 hordeum
1371 3119 1559 3149 aureum
1602 3107 1857 3166 apposuit?

60 3168 196 3228 quod
221 3167 472 3214 Consulem
496 3167 751 3229 defig'navit
775 3170 792 3214 ?
825 3168 896 3216 M,
923 3164 1131 3212 Omnino
1153 3167 1367 3229 nequiter
1388 3166 1576 3214 factum.
1647 3172 1704 3216 B.
1729 3173 1857 3234 Qid

64 3231 202 3286 illud,
230 3232 356 3294 quod
378 3232 579 3279 eundem
596 3231 678 3279 fibi
699 3232 929 3296 collegam
952 3230 1001 3277 in
1024 3229 1278 3279 sacerdotio
1305 3231 1494 3279 adscivit
1517 3235 1536 3279 ?
1571 3234 1642 3280 M.
1668 3235 1857 3285 Sei-ione

76 3294 177 3342 haec
200 3312 350 3342 narras
375 3298 394 3341 ?

111 3361 113 3363 ’
134 3360 346 3407 XXXII.
383 3362 439 3407 B.
466 3359 596 3408 Serio
621 3360 763 3408 certe.
818 3361 1005 3426 ‘Neque
1029 3360 1145 3408 adeo
1177 3361 1318 3409 miror
1343 3361 1430 3409 tibi
1452 3361 1553 3408 haec
1576 3362 1722 3420 videri
1746 3381 1858 3413 con-

69 3423 189 3470 ficta.
261 3424 350 3469 Sed
376 3425 520 3472 noster
554 3425 634 3475 ille
657 3425 836 3488 Jupiter
859 3427 1095 3473 Romanus
1126 3427 1228 3474 haec
1257 3432 1306 3475 u't
1327 3443 1433 3475 vera
1456 3427 1642 3490 posteris
1666 3429 1858 3478 videan-

67 3498 142 3535 t'ur
163 3487 360 3551 perfecit
404 3507 416 3536 ε
449 3488 621 3553 juliam
643 3489 751 3537 dico
784 3490 1002 3538 Tertium
1035 3491 1324 3549 Pontificem,
1365 3492 1447 3556 qui
1496 3491 1609 3538 milii
1646 3494 1856 3543 videatur

111 3618 186 3670 11)
207 3618 294 3667 Leg.
315 3617 543 3659 Childerico.
574 3619 644 3658 See
663 3618 728 3658 the
747 3628 835 3660 note
849 3633 897 3660 on
931 3632 1009 3671 cap.
1031 3633 1103 3668 72.

1760 3692 1864 3725 CC’F·v
