1992 3801
100 152 227 236 368
408 150 787 215 RERUM*
869 140 1559 216 S'COTICAR'UM

99 259 171 297 am
189 248 282 309 jam
306 245 532 300 adultum,
560 245 668 308 =jam
693 244 924 297 maritum,
943 243 1041 304 jam
1069 245 1140 306 (1)
1166 245 1307 309 Regis
1329 244 1621 310 potentissimi
1641 250 1863 310 generum

98 316 123 360 ἐ
152 310 389 374 Ludovico
423 322 587 373 patruo
616 310 943 370 interemptum
967 312 987 354 ἓ
1032 323 1110 356 aut
1131 309 1205 355 cui
1226 312 1507 365 calamitates
1544 312 1716 374 ignotae
1745 312 1863 366 sunt,

99 394 206 440 qnae
230 390 319 422 tam
361 374 545 422 crudele
588 371 885 434 parricidium
907 372 1007 419 sunt
1040 373 1336 422 consecutae?
1373 377 1445 436 (2)
1488 377 1796 438 pulcherrima
1823 378 1866 422 [a

96 442 224 488 ’taliae
243 440 371 502 negio
393 453 535 501 prope
557 438 614 482 ad
635 435 885 483 vastitatem
909 437 1104 484 redacta.
1172 439 1399 486 Ssortiana
1435 438 1771 487 fortiffimorum
1795 440 1867 486 vi·

101 520 257 552 rorum
281 503 478 567 genitrix
494 500 667 548 familia
685 500 852 554 deieta‚
871 503 887 562 (
896 502 941 562 3)
957 500 1136 548 barbari
1152 500 1199 548 in
1212 502 1673 557 amoeniffimosxcirca
1689 505 1863 550 Padum

98 586 236 633 agros
258 567 521 617 introdufth
545 573 740 627 quorum
765 564 880 610 nihil
902 565 1102 613 avaritiae
1137 568 1243 614 effer
1267 568 1490 620 clausum,
1518 566 1634 614 nihil
1656 579 1681 614 a
1702 569 1868 614 crude·

103 635 230 683 litate
252 647 416 681 tutum.
487 630 603 692 Qis
625 629 671 676 in
689 629 780 675 solo
800 629 1018 676 Britanno
1039 628 1225 694 genitus
1250 638 1341 678 non
1363 632 1510 679 audiit
1531 633 1750 679 Richardi
1777 645 1867 678 ter—

103 699 155 745 tii
176 698 319 761 Regis
347 695 600 758 Auglornm
641 693 849 740 adversus
889 694 1036 740 fratris
1061 695 1176 742 filios
1199 696 1444 742 iaevitiam?
1465 710 1542 743 aut
1561 712 1731 759 quanto
1755 702 1860 742 curn

103 763 318 825 sanguine
334 761 384 807 fit
403 758 693 821 parricidium
714 757 831 804 illud
853 757 1086 820 expiatum
1107 762 1125 806 ἓ
1150 761 1268 808 Haec
1290 775 1392 807 cum
1418 761 1487 808 illi
1504 761 1551 807 in
1595 758 1868 820 conjunfti's-

103 829 235 875 timos
257 827 348 873 sola
381 820 603 886 regnandi
625 821 876 883 cupiditate
898 823 1077 885 impulsi
1103 833 1360 886 perpetrare
1385 841 1474 871 non
1498 825 1864 879 reformidarent,

103 891 313 940 homines
335 887 508 948 alioqui
527 885 808 940 solertiffimi‚
828 886 940 949 quid
963 888 1020 933 ab
1041 904 1097 935 eo
1112 888 1474 947 expectabimus,
1493 889 1619 948 cujus
1637 891 1774 934 animi
1796 891 1869 934 in-

96 955 393 1005 constantiam
416 968 576 997 ornnes
593 950 714 997 cives
739 962 921 1005 norunt,
944 951 1202 1013 imperandi
1223 951 1501 1014 imperitiam
1527 953 1701 1014 'magnis
1727 953 1873 1000 cladi·

105 1023 190 1068 bus
225 1017 401 1081 experti
423 1015 570 1062 sumus
592 1018 610 1061 ?
644 1015 771 1075 cujus
809 1014 984 1061 familia
1005 1016 1136 1076 hujus
1161 1017 1304 1078 Regis
1326 1015 1485 1078 proavi
1503 1017 1626 1061 caede
1649 1033 1739 1062 non
1759 1032 1874 1064 con-

103 1094 232 1134 'tenta
251 1082 385 1130 avur‘n
406 1089 662 1126 maternum
679 1078 833 1140 quoad
852 1077 984 1133 vixit,
1007 1079 1178 1127 insidiis
1201 1080 1350 1143 petiit,
1372 1090 1608 1142 paternum
1632 1097 1742 1125 vero
1764 1089 1879 1128 cum

105 1149 316 1197 occidere
359 1162 450 1192 non
489 1145 646 1204 po'ss'et,
688 1144 875 1205 inopem
899 1160 1043 1207 regno
1065 1146 1265 1198 extrusit,
1290 1157 1465 1206 patrem
1489 1145 1614 1190 velut
1637 1145 1869 1193 victimam

106 1209 672 1277 produxeritmactandum
697 1228 705 1254 :
742 1219 951 1262 matrem,
969 1220 1253 1272 regnumque
1266 1209 1362 1270 ejus
1384 1225 1488 1254 cum
1514 1209 1594 1272 ipsi
1617 1208 1755 1271 potiri
1777 1226 1871 1257 non

109 1279 298 1340 possent,
325 1274 575 1337 peregrinis
605 1272 881 1319 vendiderit.
949 1274 987 1319 E
1009 1290 1102 1336 qua
1122 1274 1335 1321 servitute
1357 1273 1557 1320 numinis
1585 1273 1874 1335 providentia

108 1342 303 1404 elapsam
319 1340 364 1386 in
389 1339 486 1392 has,
511 1338 557 1384 in
576 1337 743 1400 quibus
763 1353 886 1384 nunc
907 1338 967 1384 est
990 1339 1214 1399 angustias
1236 1338 1546 1397 conjecerunt.
1616 1339 1688 1384 De
1710 1351 1803 1402 qua
1824 1355 1873 1386 re

106 1407 344 1470 publicum
366 1401 772 1463 civiumjudicium
791 1403 862 1448 vel
884 1401 991 1448 hinc
1010 1402 1211 1466 intelligi
1230 1403 1363 1449 facile
1385 1403 1546 1466 potest,
1570 1403 1697 1466 quod
1720 1403 1873 1450 homi·

104 1488 184 1532 ⁴nes
203 1471 282 1517 fibi
305 1469 383 1515 visi
399 1467 498 1514 sunt
516 1483 571 1514 ex
584 1467 808 1529 ergastulo
828 1466 1084 1513 miserrimae
1102 1466 1331 1525 servitutis¹
1345 1466 1874 1529 ereptijucundiffimum

109 1534 331 1584 libertatis
351 1534 507 1579 lumen
533 1531 719 1586 intueri,
743 1547 848 1578 curn
886 1532 986 1593 ipfi,
1011 1532 1138 1595 quod
1179 1533 1369 1579 tractare
1391 1548 1482 1578 non
1504 1531 1706 1580 sciebant
1727 1531 1879 1596 impe-

110 1602 226 1648 rium
252 1597 452 1645 foeminae
475 1594 726 1658 peregrinae
746 1595 1089 1643 vendiderint.’'

174 1664 351 1712 XXIX.
387 1662 475 1708 His
515 1659 683 1707 auditis
707 1660 886 1723 Regina
907 1678 989 1724 per
1025 1660 1265 1708 confilium
1288 1660 1582 1709 Hamiltonio
1604 1660 1872 1717 denunciat,

113 1739 148 1760 ·‘
183 1745 285 1777 eum
321 1743 417 1776 rem
441 1725 648 1786 injustam
687 1738 855 1787 petere,
880 1741 1028 1789 neque
1052 1726 1194 1771 ullum
1235 1741 1261 1770 a
1278 1724 1318 1772 se
1341 1725 1610 1788 sperandum
1633 1727 1875 1772 auxilium*

110 1798 172 1842 Se
194 1807 344 1843 autem
369 1809 394 1838 a
417 1790 558 1852 Regis
580 1789 743 1852 legatis
763 1802 988 1853 rogatam,
1013 1807 1070 1836 ne
1090 1789 1237 1852 ipsum
1260 1789 1620 1844 Hamilconiurh,
1693 1790 1736 1836 ui
1761 1789 1879 1837 nihil

105 1860 236 1906 aliud
262 1874 397 1920 quam
422 1854 689 1902 seditionem
710 1854 1030 1907 meditabatur,
1063 1854 1188 1916 prius
1210 1853 1480 1909 dimitteret,
1503 1854 1674 1916 quami
1698 1856 1726 1899 li
1747 1855 1879 1901 veni·

114 1941 188 1971 am
212 1921 408 1969 abeundi
429 1919 713 1981 accepissent,
737 1919 861 1981 quod
886 1935 981 1965 rem
1001 1935 1184 1981 aequam
1208 1918 1498 1978 postularent,
1525 1917 1782 1981 promisisse.
1830 1920 1879 1967 I-

118 2004 251 2052 taque
275 1986 315 2032 se
335 1983 577 2048 prohibere
612 2000 668 2030 ne
702 1996 805 2030 ante
828 1983 877 2029 id
901 1994 1082 2046 tempus
1105 1982 1332 2030 discedere
1355 1978 1630 2030 festi'naret.''
1695 1983 1880 2046 Regina

112 2068 300 2116 quoque
320 2050 427 2097 exul
442 2047 516 2110 spe
541 2047 788 2112 propinqui
805 2047 976 2094 reditus
999 2050 1176 2094 suorum
1191 2047 1368 2094 animos
1391 2047 1629 2110 implebat.
1697 2047 1880 2110 Depre-

114 2117 262 2165 hensae
285 2116 385 2162 sunt
397 2113 435 2173 ej
446 2113 666 2167 usliterae,
681 2112 847 2175 quibus
862 2112 961 2159 suos
980 2113 1262 2167 hortabatur,
1281 2126 1330 2159 ut
1351 2111 1711 2176 quamplurimas
1733 2126 1876 2165 arces.

116 2189 153 2228 δι
179 2177 280 2229 Ιοῖῑει
313 2178 486 2226 munita
502 2189 794 2240 occuparent,
820 2182 860 2223 &
882 2193 1021 2241 quam
1043 2176 1247 2224 latiffime
1262 2178 1432 2224 bellum
1471 2177 1731 2240 spargerent
1755 2195 1766 2223 z
1799 2184 1884 2225 ne·

114 2263 205 2309 que
228 2260 395 2292 nomen
416 2242 705 2289 induciarum
727 2253 982 2288 vereantur.
1048 2241 1173 2289 Nam
1205 2242 1236 2288 fi
1253 2241 1593 2289 conditionibus
1615 2258 1685 2288 res
1725 2242 1884 2288 transi-

112 2324 313 2373 geretur,
334 2309 489 2356 omnia
510 2307 790 2369 superiorum
811 2318 1067 2369 temporum
1091 2305 1258 2354 delicta
1285 2306 1366 2353 sub
1385 2306 1546 2354 umbra
1565 2307 1686 2368 pacis
1708 2308 1880 2352 tec‘tum

114 2375 187 2424 iri.
258 2374 334 2421 Sin
360 2373 406 2418 in
430 2385 635 2435 apertum
657 2371 829 2418 bellum
863 2370 1068 2417 dissensio
1100 2381 1376 2434 erumperet,
1399 2383 1572 2434 quanto
1592 2372 1729 2434 plura*
1754 2383 1882 2417 tene-

114 2453 214 2501 rent
229 2436 449 2501 praesidia,
476 2450 602 2482 tanto
620 2437 674 2482 ad
696 2435 809 2483 hosti
830 2436 1090 2483 nocendum
1115 2436 1360 2498 paratiores
1382 2435 1496 2482 fore.

181 2498 330 2550 XXX.
366 2503 486 2548 Cum
506 2501 599 2561 jam
625 2502 795 2547 Prorex
812 2500 945 2547 rebus
964 2501 1011 2546 in
1036 2501 1210 2563 Anglia
1231 2513 1463 2562 utcunque
1483 2498 1728 2562 expeditis,
1751 2499 1884 2547 rede—

117 2568 225 2616 undi
246 2566 426 2614 veniam
467 2565 757 2627 impetrasset,
784 2565 931 2611 allatae
958 2563 1058 2611 sunt
1091 2565 1116 2612 ὲ
1141 2566 1295 2612 Scotia
1317 2565 1459 2612 literae
1501 2564 1695 2626 Reginae
1733 2563 1882 2611 exulis

113 2649 263 2696 nuper
283 2632 574 2691 interceptae,
605 2628 774 2692 quibus
797 2629 1073 2690 querebatur
1093 2629 1217 2692 apud
1238 2629 1356 2685 suos,
1394 2627 1436 2676 se
1477 2628 1535 2673 ab
1559 2629 1714 2692 Angla
1736 2629 1880 2683 secuS,

115 2711 253 2761 ‘atque
277 2696 412 2760 usque
434 2695 493 2741 ab
514 2693 649 2741 initio
666 2694 760 2755 ipsa
776 2696 1109 2756 expectaverat,
1146 2708 1282 2757 atque
1316 2693 1397 2740 illa
1414 2691 1694 2755 promiserat,
1721 2695 1888 2754 tracia-

115 2777 226 2810 tam.
295 2762 351 2809 Id
373 2771 527 2806 autem
550 2758 720 2805 facium
738 2758 1026 2820 quorundam
1043 2757 1298 2806 aulicorum
1319 2772 1476 2820 opera,
1504 2773 1587 2818 per
1610 2768 1723 2819 quos
1746 2755 1886 2805 stetis-

116 2827 197 2882 set,
221 2825 479 2889 quominus
501 2839 605 2870 cum
641 2821 844 2870 exercitu
863 2821 1188 2879 remitteretur,
1213 2821 1281 2869 uti
1301 2821 1505 2885 Anglam
1528 2821 1610 2868 fibi
1629 2817 1885 2884 pollicitam

115 2890 403 2938 asseverabat.
473 2887 528 2934 Se
551 2900 704 2934 tamen
731 2903 873 2949 prope
886 2886 1011 2934 diem
1049 2886 1235 2934 aliunde
1254 2885 1322 2933 rei
1341 2886 1517 2933 exitum
1539 2885 1730 2948 sperare,
1758 2891 1886 2948 (nam
1951 2888 1953 2896 ²

108 2956 208 3017 jam
219 2953 395 3001 'crebris
417 2951 715 3000 internunciis
732 2952 790 2999 de
813 2949 1109 3015 matrimonio
1130 2966 1234 2998 curn
1246 2951 1458 2998 Hauarto
1479 2950 1772 3011 traciabatur)
1793 2952 1888 3014 lta-

113 3021 206 3083 que
226 3035 284 3065 ne
313 3016 599 3065 remitterent
639 3014 832 3071 animo-s,
857 3015 932 3063 sed
953 3013 1162 3063 factionis
1181 3014 1297 3063 vires
1332 3021 1552 3079 augei-ent
1573 3020 1585 3063 :⁴
1609 3015 1766 3062 omnia
1789 3018 1887 3062 tur'·

115 3084 294 3135 barent,
319 3098 372 3128 ac
392 3080 589 3128 reditum
613 3079 893 3144 Protegisxin
918 3080 1118 3138 Scotiam
1152 3079 1500 3143 quibuscunque
1521 3079 1696 3143 possent
1713 3079 1897 3126 artibus¹

113 3146 411 3210 impedirent.
476 3144 568 3191 Hae
585 3145 730 3192 literae
748 3145 948 3207 vulgatae
966 3143 1097 3193 aliter
1113 3143 1225 3191 alios
1243 3144 1517 3192 afficiebant.
1584 3143 1767 3207 Regina
1788 3144 1905 3190 An·-

114 3211 225 3276 gliae
247 3208 431 3258 moleste
472 3208 665 3265 ferebat,
708 3209 750 3256 se
785 3208 971 3257 violatae
992 3206 1101 3256 fidei
1128 3208 1260 3274 argui
1286 3226 1299 3257 :
1328 3208 1618 3258 induciarum
1639 3223 1825 3273 quoque
1846 3207 1892 3256 lb·

114 3342 167 3379 cis
184 3340 252 3379 the
270 3340 345 3378 first
363 3338 407 3378 of
417 3339 570 3386 France,
590 3340 659 3377 and
677 3337 805 3376 Milan
821 3337 980 3379 retaken
1035 3336 1179 3388 Milan,
1212 3339 1281 3380 the
1298 3339 1448 3379 sforzas
1476 3338 1587 3389 being
1613 3337 1718 3392 quite
1762 3335 1886 3377 extin-

115 3397 196 3432 and-
221 3393 328 3443 again
364 3393 433 3431 lost
457 3400 495 3429 at
525 3391 591 3429 the
631 3392 746 3437 battle
775 3391 820 3429 of
843 3393 972 3443 Pavia,
998 3406 1001 3411 ‘
1028 3393 1192 3443 guilhed.
1524 3413 1528 3435 ι
1748 3420 1750 3422 -

115 3446 243 3485 where
267 3447 337 3484 the
373 3445 446 3483 said
483 3443 578 3493 king
595 3444 746 3487 Francis
765 3457 838 3482 was
856 3445 973 3484 taken
1083 3446 1147 3499 (1)
1176 3446 1327 3485 Alfonfi
1347 3446 1611 3498 Neapolitani.>

114 3500 161 3549 by
177 3501 243 3537 the
271 3512 376 3549 army
390 3499 438 3536 'of
449 3498 608 3537 Chanes
626 3497 691 3536 the
713 3512 748 3549 5.
777 3499 971 3548 Emperor,
1079 3497 1147 3549 (2)
1175 3500 1400 3550 Lombardy,
1418 3501 1546 3542 where
1560 3497 1690 3540 Milan
1701 3484 1887 3536 stindeth.

115 3551 238 3592 whose
265 3552 481 3602 jsoeeceffors,
515 3551 628 3602 kings
658 3551 702 3591 of
729 3550 856 3602 Spain,
879 3549 971 3605 kept
1080 3551 1147 3607 (3)
1176 3553 1266 3596 The
1283 3552 1472 3596 switzers.
1787 3555 1792 3560 '

1733 3603 1890 3676 aucto-
