<?xml version="1.0" encoding="UTF-8"?>
<!DOCTYPE html PUBLIC "-//W3C//DTD XHTML 1.0 Transitional//EN"
    "http://www.w3.org/TR/xhtml1/DTD/xhtml1-transitional.dtd">
<html xmlns="http://www.w3.org/1999/xhtml" xml:lang="en" lang="en">
 <head>
  <title>
</title>
<meta http-equiv="Content-Type" content="text/html;charset=utf-8" />
  <meta name='ocr-system' content='tesseract 3.04.00' />
  <meta name='ocr-capabilities' content='ocr_page ocr_carea ocr_par ocr_line ocrx_word'/>
</head>
<body>
  <div class='ocr_page' id='page_1' title='image "./rerumscoticarumh01buch_0320.png"; bbox 0 0 1992 3801; ppageno 0'>
   <div class='ocr_carea' id='block_1_1' title="bbox 133 152 1583 236">
    <p class='ocr_par' dir='ltr' id='par_1_1' title="bbox 133 152 1583 236">
     <span class='ocr_line' id='line_1_1' title="bbox 133 152 1583 236; baseline 0.006 -21"><span class='ocrx_word' id='word_1_1' title='bbox 133 172 261 236; x_wconf 84' lang='lat'>302</span> <span class='ocrx_word' id='word_1_2' title='bbox 436 152 798 220; x_wconf 75' lang='lat' dir='ltr'><strong>RERUM</strong></span> <span class='ocrx_word' id='word_1_3' title='bbox 890 152 1583 224; x_wconf 79' lang='lat' dir='ltr'>ScoTrcARnM</span> 
     </span>
    </p>
   </div>
   <div class='ocr_carea' id='block_1_2' title="bbox 129 242 1941 3478">
    <p class='ocr_par' dir='ltr' id='par_1_2' title="bbox 129 242 1941 2252">
     <span class='ocr_line' id='line_1_2' title="bbox 196 242 1941 307; baseline 0.005 -8"><span class='ocrx_word' id='word_1_4' title='bbox 196 252 306 299; x_wconf 88' lang='lat' dir='ltr'>XV.</span> <span class='ocrx_word' id='word_1_5' title='bbox 337 250 597 298; x_wconf 82' lang='lat' dir='ltr'>Secundum</span> <span class='ocrx_word' id='word_1_6' title='bbox 632 249 751 298; x_wconf 86' lang='lat' dir='ltr'>hanc</span> <span class='ocrx_word' id='word_1_7' title='bbox 771 249 1064 298; x_wconf 76' lang='lat' dir='ltr'>concordiam</span> <span class='ocrx_word' id='word_1_8' title='bbox 1083 263 1333 300; x_wconf 77' lang='lat' dir='ltr'>conventus</span> <span class='ocrx_word' id='word_1_9' title='bbox 1355 255 1564 302; x_wconf 90' lang='lat' dir='ltr'>omnium</span> <span class='ocrx_word' id='word_1_10' title='bbox 1590 253 1802 304; x_wconf 83' lang='lat' dir='ltr'><strong>ordinum</strong></span> <span class='ocrx_word' id='word_1_11' title='bbox 1826 257 1904 307; x_wconf 67' lang='lat' dir='ltr'>in«</span> <span class='ocrx_word' id='word_1_12' title='bbox 1940 242 1941 250; x_wconf 10' lang='grc' dir='ltr'>ἵ</span> 
     </span>
     <span class='ocr_line' id='line_1_3' title="bbox 131 316 1903 380; baseline 0.003 -15"><span class='ocrx_word' id='word_1_13' title='bbox 131 317 280 365; x_wconf 58' lang='lat' dir='ltr'>distas</span> <span class='ocrx_word' id='word_1_14' title='bbox 300 316 364 363; x_wconf 90' lang='lat' dir='ltr'>est</span> <span class='ocrx_word' id='word_1_15' title='bbox 383 316 517 363; x_wconf 86' lang='lat' dir='ltr'>Edim</span> <span class='ocrx_word' id='word_1_16' title='bbox 559 332 735 380; x_wconf 77' lang='lat' dir='ltr'>urgum.</span> <span class='ocrx_word' id='word_1_17' title='bbox 803 316 873 363; x_wconf 86' lang='grc' dir='ltr'>Εὸ</span> <span class='ocrx_word' id='word_1_18' title='bbox 899 332 990 361; x_wconf 89' lang='lat' dir='ltr'>non</span> <span class='ocrx_word' id='word_1_19' title='bbox 1023 317 1158 378; x_wconf 84' lang='lat' dir='ltr'>pauci</span> <span class='ocrx_word' id='word_1_20' title='bbox 1181 320 1252 376; x_wconf 90' lang='lat' dir='ltr'>(ut</span> <span class='ocrx_word' id='word_1_21' title='bbox 1281 318 1390 365; x_wconf 67' lang='lat' dir='ltr'>alias</span> <span class='ocrx_word' id='word_1_22' title='bbox 1415 320 1511 366; x_wconf 87' lang='lat' dir='ltr'>fieri</span> <span class='ocrx_word' id='word_1_23' title='bbox 1532 320 1662 379; x_wconf 87' lang='lat' dir='ltr'>solet)</span> <span class='ocrx_word' id='word_1_24' title='bbox 1691 319 1766 367; x_wconf 87' lang='lat' dir='ltr'>sed</span> <span class='ocrx_word' id='word_1_25' title='bbox 1787 334 1903 370; x_wconf 77' lang='lat' dir='ltr'>totae</span> 
     </span>
     <span class='ocr_line' id='line_1_4' title="bbox 132 379 1902 446; baseline 0.004 -19"><span class='ocrx_word' id='word_1_26' title='bbox 132 397 278 446; x_wconf 81' lang='lat' dir='ltr'>prope</span> <span class='ocrx_word' id='word_1_27' title='bbox 299 380 384 428; x_wconf 88' lang='lat' dir='ltr'>suis</span> <span class='ocrx_word' id='word_1_28' title='bbox 399 380 572 427; x_wconf 61' lang='lat' dir='ltr'>sedibu„</span> <span class='ocrx_word' id='word_1_29' title='bbox 595 379 755 426; x_wconf 85' lang='lat' dir='ltr'>excitae</span> <span class='ocrx_word' id='word_1_30' title='bbox 774 381 984 442; x_wconf 79' lang='lat' dir='ltr'>regiones</span> <span class='ocrx_word' id='word_1_31' title='bbox 997 382 1291 442; x_wconf 86' lang='lat' dir='ltr'>conquestum</span> <span class='ocrx_word' id='word_1_32' title='bbox 1312 383 1369 428; x_wconf 91' lang='lat' dir='ltr'>de</span> <span class='ocrx_word' id='word_1_33' title='bbox 1390 383 1566 444; x_wconf 85' lang='lat' dir='ltr'>injuriis</span> <span class='ocrx_word' id='word_1_34' title='bbox 1579 384 1871 432; x_wconf 86' lang='lat' dir='ltr'>confluebant</span> <span class='ocrx_word' id='word_1_35' title='bbox 1885 407 1902 434; x_wconf 87' lang='lat'>:</span> 
     </span>
     <span class='ocr_line' id='line_1_5' title="bbox 131 442 1901 510; baseline 0.003 -18"><span class='ocrx_word' id='word_1_36' title='bbox 131 447 232 508; x_wconf 84' lang='lat' dir='ltr'>ejus</span> <span class='ocrx_word' id='word_1_37' title='bbox 253 445 400 492; x_wconf 81' lang='lat' dir='ltr'>turbae</span> <span class='ocrx_word' id='word_1_38' title='bbox 422 459 514 491; x_wconf 87' lang='lat' dir='ltr'>tam</span> <span class='ocrx_word' id='word_1_39' title='bbox 538 443 806 503; x_wconf 58' lang='lat' dir='ltr'>mnerabjlsis</span> <span class='ocrx_word' id='word_1_40' title='bbox 831 455 927 490; x_wconf 86' lang='lat' dir='ltr'>erat</span> <span class='ocrx_word' id='word_1_41' title='bbox 948 442 1105 497; x_wconf 85' lang='lat' dir='ltr'>facies,</span> <span class='ocrx_word' id='word_1_42' title='bbox 1133 457 1184 491; x_wconf 86' lang='lat' dir='ltr'>ut</span> <span class='ocrx_word' id='word_1_43' title='bbox 1213 461 1303 491; x_wconf 89' lang='lat' dir='ltr'>non</span> <span class='ocrx_word' id='word_1_44' title='bbox 1326 447 1417 494; x_wconf 88' lang='lat' dir='ltr'>fine</span> <span class='ocrx_word' id='word_1_45' title='bbox 1438 449 1616 510; x_wconf 83' lang='lat' dir='ltr'>ingenti</span> <span class='ocrx_word' id='word_1_46' title='bbox 1643 461 1771 495; x_wconf 89' lang='lat' dir='ltr'>motu</span> <span class='ocrx_word' id='word_1_47' title='bbox 1802 451 1901 497; x_wconf 84' lang='lat' dir='ltr'>ani-</span> 
     </span>
     <span class='ocr_line' id='line_1_6' title="bbox 130 507 1903 576; baseline 0.001 -17"><span class='ocrx_word' id='word_1_48' title='bbox 130 527 314 559; x_wconf 82' lang='lat' dir='ltr'>morum</span> <span class='ocrx_word' id='word_1_49' title='bbox 336 510 685 569; x_wconf 80' lang='lat' dir='ltr'>conspiceretur,</span> <span class='ocrx_word' id='word_1_50' title='bbox 701 522 804 554; x_wconf 89' lang='lat' dir='ltr'>cum</span> <span class='ocrx_word' id='word_1_51' title='bbox 830 523 913 570; x_wconf 91' lang='lat' dir='ltr'>pro</span> <span class='ocrx_word' id='word_1_52' title='bbox 933 507 972 554; x_wconf 84' lang='lat' dir='ltr'>se</span> <span class='ocrx_word' id='word_1_53' title='bbox 994 508 1200 572; x_wconf 89' lang='lat' dir='ltr'>quisque,</span> <span class='ocrx_word' id='word_1_54' title='bbox 1221 521 1369 570; x_wconf 84' lang='lat' dir='ltr'>patres</span> <span class='ocrx_word' id='word_1_55' title='bbox 1391 511 1562 566; x_wconf 83' lang='lat' dir='ltr'>liberis,</span> <span class='ocrx_word' id='word_1_56' title='bbox 1583 512 1716 559; x_wconf 86' lang='lat' dir='ltr'>liberi</span> <span class='ocrx_word' id='word_1_57' title='bbox 1737 530 1903 576; x_wconf 80' lang='lat' dir='ltr'>paren-</span> 
     </span>
     <span class='ocr_line' id='line_1_7' title="bbox 132 572 1903 639; baseline 0.001 -17"><span class='ocrx_word' id='word_1_58' title='bbox 132 575 276 630; x_wconf 83' lang='lat' dir='ltr'>tibus,</span> <span class='ocrx_word' id='word_1_59' title='bbox 306 574 461 621; x_wconf 84' lang='lat' dir='ltr'>viduae</span> <span class='ocrx_word' id='word_1_60' title='bbox 487 572 676 626; x_wconf 77' lang='lat' dir='ltr'>maritiS,</span> <span class='ocrx_word' id='word_1_61' title='bbox 709 588 867 619; x_wconf 88' lang='lat' dir='ltr'>omnes</span> <span class='ocrx_word' id='word_1_62' title='bbox 890 574 1103 619; x_wconf 86' lang='lat' dir='ltr'>omnibus</span> <span class='ocrx_word' id='word_1_63' title='bbox 1134 572 1329 621; x_wconf 88' lang='lat' dir='ltr'>fortunis</span> <span class='ocrx_word' id='word_1_64' title='bbox 1352 574 1379 620; x_wconf 68' lang='lat' dir='ltr'>a</span> <span class='ocrx_word' id='word_1_65' title='bbox 1400 575 1651 622; x_wconf 85' lang='lat' dir='ltr'>latronibus</span> <span class='ocrx_word' id='word_1_66' title='bbox 1673 577 1714 623; x_wconf 92' lang='lat' dir='ltr'>se</span> <span class='ocrx_word' id='word_1_67' title='bbox 1736 577 1903 639; x_wconf 84' lang='lat' dir='ltr'>spolia-</span> 
     </span>
     <span class='ocr_line' id='line_1_8' title="bbox 132 635 1904 702; baseline 0.002 -16"><span class='ocrx_word' id='word_1_68' title='bbox 132 652 206 686; x_wconf 76' lang='lat' dir='ltr'>tos</span> <span class='ocrx_word' id='word_1_69' title='bbox 234 651 546 702; x_wconf 87' lang='lat' dir='ltr'>quererentur.</span> <span class='ocrx_word' id='word_1_70' title='bbox 614 635 813 691; x_wconf 85' lang='lat' dir='ltr'>Deinde,</span> <span class='ocrx_word' id='word_1_71' title='bbox 845 651 892 683; x_wconf 86' lang='lat' dir='ltr'>ut</span> <span class='ocrx_word' id='word_1_72' title='bbox 915 638 982 692; x_wconf 86' lang='lat' dir='ltr'>fit,</span> <span class='ocrx_word' id='word_1_73' title='bbox 1006 654 1062 683; x_wconf 81' lang='lat' dir='ltr'>ex</span> <span class='ocrx_word' id='word_1_74' title='bbox 1083 637 1476 686; x_wconf 83' lang='lat' dir='ltr'>commiseratione</span> <span class='ocrx_word' id='word_1_75' title='bbox 1501 639 1676 687; x_wconf 87' lang='lat' dir='ltr'>invidia</span> <span class='ocrx_word' id='word_1_76' title='bbox 1696 641 1904 690; x_wconf 84' lang='lat' dir='ltr'>adversus</span> 
     </span>
     <span class='ocr_line' id='line_1_9' title="bbox 129 702 1904 764; baseline 0.001 -11"><span class='ocrx_word' id='word_1_77' title='bbox 129 704 361 753; x_wconf 85' lang='lat' dir='ltr'>latronum</span> <span class='ocrx_word' id='word_1_78' title='bbox 379 703 516 753; x_wconf 85' lang='lat' dir='ltr'>duces</span> <span class='ocrx_word' id='word_1_79' title='bbox 540 713 655 755; x_wconf 85' lang='lat' dir='ltr'>orta,</span> <span class='ocrx_word' id='word_1_80' title='bbox 675 717 872 764; x_wconf 87' lang='lat' dir='ltr'>quorum</span> <span class='ocrx_word' id='word_1_81' title='bbox 894 703 1031 748; x_wconf 82' lang='lat' dir='ltr'>effent</span> <span class='ocrx_word' id='word_1_82' title='bbox 1048 713 1140 748; x_wconf 85' lang='lat' dir='ltr'>tam</span> <span class='ocrx_word' id='word_1_83' title='bbox 1158 702 1330 750; x_wconf 84' lang='lat' dir='ltr'>nefaria</span> <span class='ocrx_word' id='word_1_84' title='bbox 1349 703 1529 758; x_wconf 89' lang='lat' dir='ltr'>scelera,</span> <span class='ocrx_word' id='word_1_85' title='bbox 1553 717 1601 752; x_wconf 91' lang='lat' dir='ltr'>ut</span> <span class='ocrx_word' id='word_1_86' title='bbox 1618 705 1798 752; x_wconf 85' lang='lat' dir='ltr'>tolerari</span> <span class='ocrx_word' id='word_1_87' title='bbox 1823 724 1904 754; x_wconf 91' lang='lat' dir='ltr'>ne-</span> 
     </span>
     <span class='ocr_line' id='line_1_10' title="bbox 130 765 1907 835; baseline 0.002 -19"><span class='ocrx_word' id='word_1_88' title='bbox 130 769 334 835; x_wconf 87' lang='lat' dir='ltr'>quirent,</span> <span class='ocrx_word' id='word_1_89' title='bbox 358 780 450 814; x_wconf 88' lang='lat' dir='ltr'>tam</span> <span class='ocrx_word' id='word_1_90' title='bbox 471 766 563 814; x_wconf 72' lang='lat' dir='ltr'>late</span> <span class='ocrx_word' id='word_1_91' title='bbox 579 765 674 812; x_wconf 89' lang='lat' dir='ltr'>fusa</span> <span class='ocrx_word' id='word_1_92' title='bbox 692 766 846 828; x_wconf 65' lang='lat' dir='ltr'>faftio,</span> <span class='ocrx_word' id='word_1_93' title='bbox 871 778 921 812; x_wconf 90' lang='lat' dir='ltr'>ut</span> <span class='ocrx_word' id='word_1_94' title='bbox 941 782 1077 813; x_wconf 90' lang='lat' dir='ltr'>nemo</span> <span class='ocrx_word' id='word_1_95' title='bbox 1100 767 1276 830; x_wconf 85' lang='lat' dir='ltr'>prorsus</span> <span class='ocrx_word' id='word_1_96' title='bbox 1298 768 1457 823; x_wconf 88' lang='lat' dir='ltr'>vitam,</span> <span class='ocrx_word' id='word_1_97' title='bbox 1477 768 1768 832; x_wconf 73' lang='lat' dir='ltr'>fortunasque</span> <span class='ocrx_word' id='word_1_98' title='bbox 1787 771 1907 819; x_wconf 90' lang='lat' dir='ltr'>tueri</span> 
     </span>
     <span class='ocr_line' id='line_1_11' title="bbox 131 830 1905 899; baseline 0.001 -18"><span class='ocrx_word' id='word_1_99' title='bbox 131 835 295 898; x_wconf 78' lang='lat' dir='ltr'>posset,</span> <span class='ocrx_word' id='word_1_100' title='bbox 311 832 393 896; x_wconf 85' lang='lat' dir='ltr'>qui</span> <span class='ocrx_word' id='word_1_101' title='bbox 415 848 505 878; x_wconf 90' lang='lat' dir='ltr'>non</span> <span class='ocrx_word' id='word_1_102' title='bbox 527 846 688 877; x_wconf 90' lang='lat' dir='ltr'>eorum</span> <span class='ocrx_word' id='word_1_103' title='bbox 717 830 905 884; x_wconf 73' lang='lat' dir='ltr'>saffloni</span> <span class='ocrx_word' id='word_1_104' title='bbox 925 830 966 877; x_wconf 86' lang='lat' dir='ltr'>se</span> <span class='ocrx_word' id='word_1_105' title='bbox 989 831 1236 885; x_wconf 85' lang='lat' dir='ltr'>addiceret,</span> <span class='ocrx_word' id='word_1_106' title='bbox 1273 844 1410 879; x_wconf 88' lang='lat' dir='ltr'>tantae</span> <span class='ocrx_word' id='word_1_107' title='bbox 1434 850 1564 895; x_wconf 77' lang='lat' dir='ltr'>opeS,</span> <span class='ocrx_word' id='word_1_108' title='bbox 1595 847 1642 881; x_wconf 90' lang='lat' dir='ltr'>ut</span> <span class='ocrx_word' id='word_1_109' title='bbox 1664 833 1711 881; x_wconf 90' lang='lat' dir='ltr'>in</span> <span class='ocrx_word' id='word_1_110' title='bbox 1737 836 1905 899; x_wconf 84' lang='lat' dir='ltr'>magis-</span> 
     </span>
     <span class='ocr_line' id='line_1_12' title="bbox 133 893 1903 957; baseline 0.002 -12"><span class='ocrx_word' id='word_1_111' title='bbox 133 909 335 945; x_wconf 86' lang='lat' dir='ltr'>tratuum</span> <span class='ocrx_word' id='word_1_112' title='bbox 365 895 631 942; x_wconf 69' lang='lat' dir='ltr'>auctoritate</span> <span class='ocrx_word' id='word_1_113' title='bbox 659 911 820 956; x_wconf 88' lang='lat' dir='ltr'>parum</span> <span class='ocrx_word' id='word_1_114' title='bbox 843 893 1041 957; x_wconf 76' lang='lat' dir='ltr'>praesidii</span> <span class='ocrx_word' id='word_1_115' title='bbox 1069 895 1396 942; x_wconf 86' lang='lat' dir='ltr'>infirmioribus</span> <span class='ocrx_word' id='word_1_116' title='bbox 1426 896 1633 944; x_wconf 88' lang='lat' dir='ltr'>adversus</span> <span class='ocrx_word' id='word_1_117' title='bbox 1662 898 1757 946; x_wconf 88' lang='lat' dir='ltr'>vim</span> <span class='ocrx_word' id='word_1_118' title='bbox 1780 902 1903 949; x_wconf 74' lang='lat' dir='ltr'>effet-</span> 
     </span>
     <span class='ocr_line' id='line_1_13' title="bbox 133 958 1907 1025; baseline 0.001 -15"><span class='ocrx_word' id='word_1_119' title='bbox 133 960 514 1011; x_wconf 84' lang='lat' dir='ltr'>Prudentioribus</span> <span class='ocrx_word' id='word_1_120' title='bbox 533 961 636 1004; x_wconf 72' lang='lat' dir='ltr'>cum</span> <span class='ocrx_word' id='word_1_121' title='bbox 658 958 706 1005; x_wconf 92' lang='lat' dir='ltr'>vi</span> <span class='ocrx_word' id='word_1_122' title='bbox 726 958 1077 1021; x_wconf 88' lang='lat' dir='ltr'>insuperabilem</span> <span class='ocrx_word' id='word_1_123' title='bbox 1096 960 1180 1005; x_wconf 78' lang='lat' dir='ltr'>effe</span> <span class='ocrx_word' id='word_1_124' title='bbox 1201 975 1358 1006; x_wconf 88' lang='lat' dir='ltr'>eorum</span> <span class='ocrx_word' id='word_1_125' title='bbox 1378 961 1630 1022; x_wconf 87' lang='lat' dir='ltr'>potentiam</span> <span class='ocrx_word' id='word_1_126' title='bbox 1651 976 1907 1025; x_wconf 85' lang='lat' dir='ltr'>appareret,</span> 
     </span>
     <span class='ocr_line' id='line_1_14' title="bbox 131 1022 1909 1091; baseline 0.001 -17"><span class='ocrx_word' id='word_1_127' title='bbox 131 1027 280 1074; x_wconf 86' lang='lat' dir='ltr'>visum</span> <span class='ocrx_word' id='word_1_128' title='bbox 301 1026 362 1071; x_wconf 90' lang='lat' dir='ltr'>est</span> <span class='ocrx_word' id='word_1_129' title='bbox 382 1038 476 1071; x_wconf 86' lang='lat' dir='ltr'>arte</span> <span class='ocrx_word' id='word_1_130' title='bbox 499 1022 720 1085; x_wconf 87' lang='lat' dir='ltr'>paulatim</span> <span class='ocrx_word' id='word_1_131' title='bbox 746 1023 1037 1085; x_wconf 88' lang='lat' dir='ltr'>carpendam.</span> <span class='ocrx_word' id='word_1_132' title='bbox 1107 1023 1339 1070; x_wconf 87' lang='lat' dir='ltr'>Comitem</span> <span class='ocrx_word' id='word_1_133' title='bbox 1371 1025 1633 1087; x_wconf 86' lang='lat' dir='ltr'>Duglassiae,</span> <span class='ocrx_word' id='word_1_134' title='bbox 1669 1028 1746 1073; x_wconf 84' lang='lat' dir='ltr'>etfi</span> <span class='ocrx_word' id='word_1_135' title='bbox 1769 1040 1909 1091; x_wconf 84' lang='lat' dir='ltr'>caput</span> 
     </span>
     <span class='ocr_line' id='line_1_15' title="bbox 132 1085 1904 1151; baseline 0 -12"><span class='ocrx_word' id='word_1_136' title='bbox 132 1093 219 1139; x_wconf 86' lang='lat' dir='ltr'>effe</span> <span class='ocrx_word' id='word_1_137' title='bbox 243 1089 352 1137; x_wconf 87' lang='lat' dir='ltr'>mali</span> <span class='ocrx_word' id='word_1_138' title='bbox 372 1104 530 1136; x_wconf 87' lang='lat' dir='ltr'>omnes</span> <span class='ocrx_word' id='word_1_139' title='bbox 550 1087 890 1151; x_wconf 86' lang='lat' dir='ltr'>intelligebant,</span> <span class='ocrx_word' id='word_1_140' title='bbox 917 1085 1151 1134; x_wconf 87' lang='lat' dir='ltr'>nominare</span> <span class='ocrx_word' id='word_1_141' title='bbox 1175 1101 1325 1135; x_wconf 90' lang='lat' dir='ltr'>tamen</span> <span class='ocrx_word' id='word_1_142' title='bbox 1348 1090 1500 1151; x_wconf 87' lang='lat' dir='ltr'>palam</span> <span class='ocrx_word' id='word_1_143' title='bbox 1535 1106 1670 1136; x_wconf 89' lang='lat' dir='ltr'>nemo</span> <span class='ocrx_word' id='word_1_144' title='bbox 1692 1107 1797 1138; x_wconf 90' lang='lat' dir='ltr'>eum</span> <span class='ocrx_word' id='word_1_145' title='bbox 1823 1110 1904 1139; x_wconf 86' lang='lat' dir='ltr'>au-</span> 
     </span>
     <span class='ocr_line' id='line_1_16' title="bbox 133 1151 1903 1218; baseline 0 -15"><span class='ocrx_word' id='word_1_146' title='bbox 133 1156 289 1204; x_wconf 83' lang='lat' dir='ltr'>debat.</span> <span class='ocrx_word' id='word_1_147' title='bbox 355 1153 506 1218; x_wconf 84' lang='lat' dir='ltr'>Igitur</span> <span class='ocrx_word' id='word_1_148' title='bbox 522 1153 691 1199; x_wconf 83' lang='lat' dir='ltr'>Prorex</span> <span class='ocrx_word' id='word_1_149' title='bbox 708 1151 816 1198; x_wconf 91' lang='lat' dir='ltr'>odio</span> <span class='ocrx_word' id='word_1_150' title='bbox 837 1151 885 1197; x_wconf 90' lang='lat' dir='ltr'>in</span> <span class='ocrx_word' id='word_1_151' title='bbox 907 1164 1089 1214; x_wconf 88' lang='lat' dir='ltr'>tempus</span> <span class='ocrx_word' id='word_1_152' title='bbox 1121 1152 1410 1207; x_wconf 86' lang='lat' dir='ltr'>dissimulato,</span> <span class='ocrx_word' id='word_1_153' title='bbox 1433 1153 1671 1217; x_wconf 85' lang='lat' dir='ltr'>persuadet</span> <span class='ocrx_word' id='word_1_154' title='bbox 1693 1156 1903 1204; x_wconf 85' lang='lat' dir='ltr'>universo</span> 
     </span>
     <span class='ocr_line' id='line_1_17' title="bbox 132 1215 1904 1282; baseline 0.001 -15"><span class='ocrx_word' id='word_1_155' title='bbox 132 1219 400 1273; x_wconf 82' lang='lat' dir='ltr'>conventui,</span> <span class='ocrx_word' id='word_1_156' title='bbox 425 1217 708 1280; x_wconf 78' lang='lat' dir='ltr'>Duglaffium</span> <span class='ocrx_word' id='word_1_157' title='bbox 723 1233 828 1263; x_wconf 85' lang='lat' dir='ltr'>eum</span> <span class='ocrx_word' id='word_1_158' title='bbox 850 1218 935 1262; x_wconf 78' lang='lat' dir='ltr'>effe</span> <span class='ocrx_word' id='word_1_159' title='bbox 958 1215 1123 1270; x_wconf 87' lang='lat' dir='ltr'>virum,</span> <span class='ocrx_word' id='word_1_160' title='bbox 1148 1233 1283 1279; x_wconf 89' lang='lat' dir='ltr'>quem</span> <span class='ocrx_word' id='word_1_161' title='bbox 1309 1218 1507 1280; x_wconf 88' lang='lat' dir='ltr'>placare,</span> <span class='ocrx_word' id='word_1_162' title='bbox 1530 1217 1668 1280; x_wconf 77' lang='lat' dir='ltr'>quam</span> <span class='ocrx_word' id='word_1_163' title='bbox 1694 1220 1904 1282; x_wconf 89' lang='lat' dir='ltr'>suspitio-</span> 
     </span>
     <span class='ocr_line' id='line_1_18' title="bbox 133 1280 1903 1346; baseline 0 -13"><span class='ocrx_word' id='word_1_164' title='bbox 133 1286 269 1333; x_wconf 86' lang='lat' dir='ltr'>nibus</span> <span class='ocrx_word' id='word_1_165' title='bbox 291 1281 458 1330; x_wconf 86' lang='lat' dir='ltr'>irritari</span> <span class='ocrx_word' id='word_1_166' title='bbox 480 1280 626 1344; x_wconf 83' lang='lat' dir='ltr'>magis</span> <span class='ocrx_word' id='word_1_167' title='bbox 651 1281 675 1328; x_wconf 83' lang='grc' dir='ltr'>ὲ</span> <span class='ocrx_word' id='word_1_168' title='bbox 694 1298 740 1328; x_wconf 89' lang='lat' dir='ltr'>re</span> <span class='ocrx_word' id='word_1_169' title='bbox 762 1282 867 1328; x_wconf 66' lang='lat' dir='ltr'>ess‘et</span> <span class='ocrx_word' id='word_1_170' title='bbox 893 1300 904 1327; x_wconf 89' lang='lat'>:</span> <span class='ocrx_word' id='word_1_171' title='bbox 936 1280 1111 1344; x_wconf 86' lang='lat' dir='ltr'>quippe</span> <span class='ocrx_word' id='word_1_172' title='bbox 1131 1281 1205 1328; x_wconf 92' lang='lat' dir='ltr'>cui</span> <span class='ocrx_word' id='word_1_173' title='bbox 1228 1294 1362 1328; x_wconf 69' lang='lat' dir='ltr'>tantae</span> <span class='ocrx_word' id='word_1_174' title='bbox 1384 1298 1493 1346; x_wconf 91' lang='lat' dir='ltr'>opes</span> <span class='ocrx_word' id='word_1_175' title='bbox 1528 1283 1682 1338; x_wconf 82' lang='lat' dir='ltr'>effent,</span> <span class='ocrx_word' id='word_1_176' title='bbox 1719 1297 1769 1332; x_wconf 90' lang='lat' dir='ltr'>ut</span> <span class='ocrx_word' id='word_1_177' title='bbox 1791 1286 1828 1332; x_wconf 89' lang='lat' dir='ltr'>is</span> <span class='ocrx_word' id='word_1_178' title='bbox 1853 1304 1903 1333; x_wconf 55' lang='lat' dir='ltr'>u&gt;-</span> 
     </span>
     <span class='ocr_line' id='line_1_19' title="bbox 134 1345 1907 1411; baseline 0.001 -15"><span class='ocrx_word' id='word_1_179' title='bbox 134 1367 239 1404; x_wconf 86' lang='lat' dir='ltr'>nus,</span> <span class='ocrx_word' id='word_1_180' title='bbox 264 1348 294 1395; x_wconf 79' lang='lat' dir='ltr'>st</span> <span class='ocrx_word' id='word_1_181' title='bbox 313 1348 361 1394; x_wconf 88' lang='lat' dir='ltr'>in</span> <span class='ocrx_word' id='word_1_182' title='bbox 384 1346 606 1393; x_wconf 88' lang='lat' dir='ltr'>sententia</span> <span class='ocrx_word' id='word_1_183' title='bbox 628 1346 854 1409; x_wconf 87' lang='lat' dir='ltr'>perstaret,</span> <span class='ocrx_word' id='word_1_184' title='bbox 880 1347 1061 1392; x_wconf 84' lang='lat' dir='ltr'>decreta</span> <span class='ocrx_word' id='word_1_185' title='bbox 1083 1346 1297 1392; x_wconf 90' lang='lat' dir='ltr'>ordinum</span> <span class='ocrx_word' id='word_1_186' title='bbox 1320 1345 1544 1409; x_wconf 87' lang='lat' dir='ltr'>impedire</span> <span class='ocrx_word' id='word_1_187' title='bbox 1572 1365 1583 1393; x_wconf 72' lang='grc' dir='ltr'>ε</span> <span class='ocrx_word' id='word_1_188' title='bbox 1621 1348 1683 1394; x_wconf 86' lang='lat' dir='ltr'>sm</span> <span class='ocrx_word' id='word_1_189' title='bbox 1707 1349 1907 1411; x_wconf 83' lang='lat' dir='ltr'>optima-</span> 
     </span>
     <span class='ocr_line' id='line_1_20' title="bbox 136 1410 1905 1474; baseline 0 -13"><span class='ocrx_word' id='word_1_190' title='bbox 136 1415 261 1461; x_wconf 89' lang='lat' dir='ltr'>tibus</span> <span class='ocrx_word' id='word_1_191' title='bbox 295 1412 336 1458; x_wconf 89' lang='lat' dir='ltr'>se</span> <span class='ocrx_word' id='word_1_192' title='bbox 358 1411 624 1474; x_wconf 84' lang='lat' dir='ltr'>conjungat,</span> <span class='ocrx_word' id='word_1_193' title='bbox 650 1410 779 1458; x_wconf 85' lang='lat' dir='ltr'>malis</span> <span class='ocrx_word' id='word_1_194' title='bbox 803 1410 1097 1472; x_wconf 64' lang='lat' dir='ltr'>praesentibus</span> <span class='ocrx_word' id='word_1_195' title='bbox 1140 1410 1313 1457; x_wconf 85' lang='lat' dir='ltr'>mederi</span> <span class='ocrx_word' id='word_1_196' title='bbox 1334 1424 1487 1474; x_wconf 85' lang='lat' dir='ltr'>queat.</span> <span class='ocrx_word' id='word_1_197' title='bbox 1554 1412 1630 1459; x_wconf 89' lang='lat' dir='ltr'>Fit</span> <span class='ocrx_word' id='word_1_198' title='bbox 1652 1414 1905 1470; x_wconf 85' lang='lat' dir='ltr'>decretum,</span> 
     </span>
     <span class='ocr_line' id='line_1_21' title="bbox 134 1474 1907 1540; baseline 0 -14"><span class='ocrx_word' id='word_1_199' title='bbox 134 1492 187 1526; x_wconf 85' lang='lat' dir='ltr'>ut</span> <span class='ocrx_word' id='word_1_200' title='bbox 207 1477 443 1525; x_wconf 87' lang='lat' dir='ltr'>communi</span> <span class='ocrx_word' id='word_1_201' title='bbox 463 1474 651 1522; x_wconf 87' lang='lat' dir='ltr'>nomine</span> <span class='ocrx_word' id='word_1_202' title='bbox 671 1474 817 1522; x_wconf 77' lang='lat' dir='ltr'>literae</span> <span class='ocrx_word' id='word_1_203' title='bbox 840 1475 897 1521; x_wconf 89' lang='lat' dir='ltr'>ad</span> <span class='ocrx_word' id='word_1_204' title='bbox 918 1492 1023 1521; x_wconf 84' lang='lat' dir='ltr'>eum</span> <span class='ocrx_word' id='word_1_205' title='bbox 1048 1475 1309 1522; x_wconf 81' lang='lat' dir='ltr'>honorificae</span> <span class='ocrx_word' id='word_1_206' title='bbox 1347 1475 1603 1531; x_wconf 87' lang='lat' dir='ltr'>mittantur,</span> <span class='ocrx_word' id='word_1_207' title='bbox 1622 1493 1725 1540; x_wconf 83' lang='lat' dir='ltr'>quae</span> <span class='ocrx_word' id='word_1_208' title='bbox 1747 1479 1907 1526; x_wconf 86' lang='lat' dir='ltr'>admo·-</span> 
     </span>
     <span class='ocr_line' id='line_1_22' title="bbox 133 1540 1908 1606; baseline -0.001 -15"><span class='ocrx_word' id='word_1_209' title='bbox 133 1556 290 1597; x_wconf 85' lang='lat' dir='ltr'>neant,</span> <span class='ocrx_word' id='word_1_210' title='bbox 312 1555 362 1589; x_wconf 89' lang='lat' dir='ltr'>ut</span> <span class='ocrx_word' id='word_1_211' title='bbox 383 1556 559 1587; x_wconf 88' lang='lat' dir='ltr'>memor</span> <span class='ocrx_word' id='word_1_212' title='bbox 579 1540 687 1594; x_wconf 90' lang='lat' dir='ltr'>loci,</span> <span class='ocrx_word' id='word_1_213' title='bbox 727 1557 865 1602; x_wconf 86' lang='lat' dir='ltr'>quem</span> <span class='ocrx_word' id='word_1_214' title='bbox 897 1552 1086 1594; x_wconf 87' lang='lat' dir='ltr'>teneret,</span> <span class='ocrx_word' id='word_1_215' title='bbox 1125 1556 1302 1586; x_wconf 87' lang='lat' dir='ltr'>mernor</span> <span class='ocrx_word' id='word_1_216' title='bbox 1324 1541 1566 1601; x_wconf 83' lang='lat' dir='ltr'>majorum,</span> <span class='ocrx_word' id='word_1_217' title='bbox 1587 1558 1783 1603; x_wconf 87' lang='lat' dir='ltr'>quorum</span> <span class='ocrx_word' id='word_1_218' title='bbox 1802 1544 1908 1606; x_wconf 82' lang='lat' dir='ltr'>plu·</span> 
     </span>
     <span class='ocr_line' id='line_1_23' title="bbox 130 1603 1910 1662; baseline 0.001 -8"><span class='ocrx_word' id='word_1_219' title='bbox 130 1608 269 1662; x_wconf 66' lang='lat' dir='ltr'>rima,</span> <span class='ocrx_word' id='word_1_220' title='bbox 306 1611 345 1653; x_wconf 87' lang='lat'>&amp;</span> <span class='ocrx_word' id='word_1_221' title='bbox 376 1603 577 1654; x_wconf 71' lang='lat' dir='ltr'>maxime</span> <span class='ocrx_word' id='word_1_222' title='bbox 606 1604 794 1651; x_wconf 67' lang='lat' dir='ltr'>illustria</span> <span class='ocrx_word' id='word_1_223' title='bbox 814 1603 861 1650; x_wconf 88' lang='lat' dir='ltr'>in</span> <span class='ocrx_word' id='word_1_224' title='bbox 884 1621 980 1651; x_wconf 87' lang='lat' dir='ltr'>rem</span> <span class='ocrx_word' id='word_1_225' title='bbox 1005 1604 1230 1651; x_wconf 86' lang='lat' dir='ltr'>Scoticam</span> <span class='ocrx_word' id='word_1_226' title='bbox 1253 1617 1460 1651; x_wconf 78' lang='lat' dir='ltr'>extarent</span> <span class='ocrx_word' id='word_1_227' title='bbox 1479 1605 1698 1654; x_wconf 86' lang='lat' dir='ltr'>beneficia</span> <span class='ocrx_word' id='word_1_228' title='bbox 1720 1608 1776 1653; x_wconf 86' lang='lat' dir='ltr'>ad</span> <span class='ocrx_word' id='word_1_229' title='bbox 1798 1623 1910 1656; x_wconf 88' lang='lat' dir='ltr'>con·-</span> 
     </span>
     <span class='ocr_line' id='line_1_24' title="bbox 133 1668 1908 1733; baseline -0.001 -13"><span class='ocrx_word' id='word_1_230' title='bbox 133 1685 323 1720; x_wconf 87' lang='lat' dir='ltr'>ventum</span> <span class='ocrx_word' id='word_1_231' title='bbox 342 1670 598 1733; x_wconf 87' lang='lat' dir='ltr'>publicum,</span> <span class='ocrx_word' id='word_1_232' title='bbox 620 1670 700 1731; x_wconf 87' lang='lat' dir='ltr'>qui</span> <span class='ocrx_word' id='word_1_233' title='bbox 718 1670 962 1716; x_wconf 67' lang='lat' dir='ltr'>commode</span> <span class='ocrx_word' id='word_1_234' title='bbox 976 1668 1142 1731; x_wconf 84' lang='lat' dir='ltr'>absque</span> <span class='ocrx_word' id='word_1_235' title='bbox 1161 1686 1233 1725; x_wconf 90' lang='lat' dir='ltr'>eo,</span> <span class='ocrx_word' id='word_1_236' title='bbox 1258 1669 1505 1732; x_wconf 78' lang='lat' dir='ltr'>amicisque</span> <span class='ocrx_word' id='word_1_237' title='bbox 1524 1671 1618 1730; x_wconf 82' lang='lat' dir='ltr'>ejus</span> <span class='ocrx_word' id='word_1_238' title='bbox 1638 1671 1794 1718; x_wconf 90' lang='lat' dir='ltr'>haberi</span> <span class='ocrx_word' id='word_1_239' title='bbox 1813 1689 1908 1723; x_wconf 83' lang='lat' dir='ltr'>non</span> 
     </span>
     <span class='ocr_line' id='line_1_25' title="bbox 136 1732 1911 1802; baseline -0.001 -18"><span class='ocrx_word' id='word_1_240' title='bbox 136 1737 298 1802; x_wconf 69' lang='lat' dir='ltr'>posset,</span> <span class='ocrx_word' id='word_1_241' title='bbox 317 1735 506 1782; x_wconf 90' lang='lat' dir='ltr'>veniret.</span> <span class='ocrx_word' id='word_1_242' title='bbox 577 1735 624 1781; x_wconf 87' lang='lat' dir='ltr'>Si</span> <span class='ocrx_word' id='word_1_243' title='bbox 643 1751 734 1796; x_wconf 85' lang='lat' dir='ltr'>qua</span> <span class='ocrx_word' id='word_1_244' title='bbox 755 1734 811 1780; x_wconf 85' lang='lat' dir='ltr'>de</span> <span class='ocrx_word' id='word_1_245' title='bbox 830 1750 876 1780; x_wconf 91' lang='lat' dir='ltr'>re</span> <span class='ocrx_word' id='word_1_246' title='bbox 899 1733 1031 1795; x_wconf 87' lang='lat' dir='ltr'>queri</span> <span class='ocrx_word' id='word_1_247' title='bbox 1053 1734 1205 1788; x_wconf 88' lang='lat' dir='ltr'>vellet,</span> <span class='ocrx_word' id='word_1_248' title='bbox 1229 1732 1313 1780; x_wconf 87' lang='lat' dir='ltr'>sese</span> <span class='ocrx_word' id='word_1_249' title='bbox 1333 1734 1393 1788; x_wconf 87' lang='lat' dir='ltr'>ei,</span> <span class='ocrx_word' id='word_1_250' title='bbox 1416 1735 1571 1797; x_wconf 85' lang='lat' dir='ltr'>quoad</span> <span class='ocrx_word' id='word_1_251' title='bbox 1607 1734 1765 1782; x_wconf 87' lang='lat' dir='ltr'>liceret</span> <span class='ocrx_word' id='word_1_252' title='bbox 1787 1736 1911 1783; x_wconf 85' lang='lat' dir='ltr'>satis-</span> 
     </span>
     <span class='ocr_line' id='line_1_26' title="bbox 135 1797 1913 1860; baseline -0.001 -11"><span class='ocrx_word' id='word_1_253' title='bbox 135 1803 335 1850; x_wconf 61' lang='lat' dir='ltr'>fafituros</span> <span class='ocrx_word' id='word_1_254' title='bbox 360 1819 372 1847; x_wconf 69' lang='grc' dir='ltr'>ε</span> <span class='ocrx_word' id='word_1_255' title='bbox 410 1799 440 1845; x_wconf 79' lang='lat' dir='ltr'>si</span> <span class='ocrx_word' id='word_1_256' title='bbox 463 1797 575 1860; x_wconf 86' lang='lat' dir='ltr'>quid</span> <span class='ocrx_word' id='word_1_257' title='bbox 613 1798 736 1845; x_wconf 83' lang='lat' dir='ltr'>secus</span> <span class='ocrx_word' id='word_1_258' title='bbox 755 1798 812 1844; x_wconf 83' lang='lat' dir='ltr'>ab</span> <span class='ocrx_word' id='word_1_259' title='bbox 836 1814 908 1852; x_wconf 91' lang='lat' dir='ltr'>eo,</span> <span class='ocrx_word' id='word_1_260' title='bbox 933 1797 1182 1859; x_wconf 78' lang='lat' dir='ltr'>amicisque</span> <span class='ocrx_word' id='word_1_261' title='bbox 1204 1798 1299 1858; x_wconf 89' lang='lat' dir='ltr'>ejus</span> <span class='ocrx_word' id='word_1_262' title='bbox 1323 1797 1606 1846; x_wconf 73' lang='lat' dir='ltr'>commissum</span> <span class='ocrx_word' id='word_1_263' title='bbox 1631 1801 1699 1854; x_wconf 84' lang='lat' dir='ltr'>fit,</span> <span class='ocrx_word' id='word_1_264' title='bbox 1724 1801 1913 1848; x_wconf 45' lang='lat' dir='ltr'>nobilis&amp;</span> 
     </span>
     <span class='ocr_line' id='line_1_27' title="bbox 135 1862 1913 1928; baseline 0.001 -18"><span class='ocrx_word' id='word_1_265' title='bbox 135 1868 276 1921; x_wconf 80' lang='lat' dir='ltr'>fimae,</span> <span class='ocrx_word' id='word_1_266' title='bbox 315 1863 583 1928; x_wconf 72' lang='lat' dir='ltr'>optimeque</span> <span class='ocrx_word' id='word_1_267' title='bbox 606 1864 663 1910; x_wconf 88' lang='lat' dir='ltr'>de</span> <span class='ocrx_word' id='word_1_268' title='bbox 700 1862 848 1924; x_wconf 89' lang='lat' dir='ltr'>patria</span> <span class='ocrx_word' id='word_1_269' title='bbox 887 1862 1061 1925; x_wconf 88' lang='lat' dir='ltr'>semper</span> <span class='ocrx_word' id='word_1_270' title='bbox 1099 1863 1272 1910; x_wconf 82' lang='lat' dir='ltr'>meritae</span> <span class='ocrx_word' id='word_1_271' title='bbox 1310 1863 1458 1925; x_wconf 83' lang='lat' dir='ltr'>gentis</span> <span class='ocrx_word' id='word_1_272' title='bbox 1482 1880 1725 1916; x_wconf 80' lang='lat' dir='ltr'>memores,</span> <span class='ocrx_word' id='word_1_273' title='bbox 1766 1867 1913 1912; x_wconf 86' lang='lat' dir='ltr'>multa</span> 
     </span>
     <span class='ocr_line' id='line_1_28' title="bbox 135 1926 1912 1992; baseline -0.001 -14"><span class='ocrx_word' id='word_1_274' title='bbox 135 1930 438 1991; x_wconf 77' lang='lat' dir='ltr'>temporibu5‚</span> <span class='ocrx_word' id='word_1_275' title='bbox 460 1927 604 1974; x_wconf 87' lang='lat' dir='ltr'>multa</span> <span class='ocrx_word' id='word_1_276' title='bbox 627 1927 765 1981; x_wconf 86' lang='lat' dir='ltr'>aetati,</span> <span class='ocrx_word' id='word_1_277' title='bbox 790 1934 935 1974; x_wconf 73' lang='lat' dir='ltr'>muita</span> <span class='ocrx_word' id='word_1_278' title='bbox 956 1928 1055 1990; x_wconf 82' lang='lat' dir='ltr'>ipfi,</span> <span class='ocrx_word' id='word_1_279' title='bbox 1079 1926 1359 1989; x_wconf 83' lang='lat' dir='ltr'>summaeque</span> <span class='ocrx_word' id='word_1_280' title='bbox 1401 1928 1458 1974; x_wconf 88' lang='lat' dir='ltr'>de</span> <span class='ocrx_word' id='word_1_281' title='bbox 1485 1944 1539 1974; x_wconf 91' lang='lat' dir='ltr'>eo</span> <span class='ocrx_word' id='word_1_282' title='bbox 1562 1942 1795 1992; x_wconf 71' lang='lat' dir='ltr'>conceptae</span> <span class='ocrx_word' id='word_1_283' title='bbox 1818 1930 1912 1992; x_wconf 88' lang='lat' dir='ltr'>spei</span> 
     </span>
     <span class='ocr_line' id='line_1_29' title="bbox 134 1991 1914 2054; baseline -0.002 -10"><span class='ocrx_word' id='word_1_284' title='bbox 134 1995 404 2044; x_wconf 75' lang='lat' dir='ltr'>remifl‘uros.</span> <span class='ocrx_word' id='word_1_285' title='bbox 431 1991 622 2039; x_wconf 89' lang='lat' dir='ltr'>Veniret</span> <span class='ocrx_word' id='word_1_286' title='bbox 637 1992 857 2054; x_wconf 75' lang='lat' dir='ltr'>itaque,&amp;</span> <span class='ocrx_word' id='word_1_287' title='bbox 874 2009 1013 2054; x_wconf 89' lang='lat' dir='ltr'>quam</span> <span class='ocrx_word' id='word_1_288' title='bbox 1032 1992 1172 2039; x_wconf 87' lang='lat' dir='ltr'>vellet</span> <span class='ocrx_word' id='word_1_289' title='bbox 1183 1991 1381 2054; x_wconf 85' lang='lat' dir='ltr'>publicae</span> <span class='ocrx_word' id='word_1_290' title='bbox 1399 1991 1793 2040; x_wconf 75' lang='lat' dir='ltr'>administrationis</span> <span class='ocrx_word' id='word_1_291' title='bbox 1809 2011 1914 2054; x_wconf 85' lang='lat' dir='ltr'>par-</span> 
     </span>
     <span class='ocr_line' id='line_1_30' title="bbox 132 2056 1918 2122; baseline -0.002 -13"><span class='ocrx_word' id='word_1_292' title='bbox 132 2072 229 2109; x_wconf 87' lang='lat' dir='ltr'>tem</span> <span class='ocrx_word' id='word_1_293' title='bbox 250 2059 493 2122; x_wconf 73' lang='lat' dir='ltr'>capesseret</span> <span class='ocrx_word' id='word_1_294' title='bbox 516 2074 527 2102; x_wconf 78' lang='lat'>2</span> <span class='ocrx_word' id='word_1_295' title='bbox 549 2072 741 2120; x_wconf 89' lang='lat' dir='ltr'>remque</span> <span class='ocrx_word' id='word_1_296' title='bbox 763 2058 988 2103; x_wconf 87' lang='lat' dir='ltr'>Scoticam</span> <span class='ocrx_word' id='word_1_297' title='bbox 1007 2057 1122 2117; x_wconf 85' lang='lat' dir='ltr'>saepe</span> <span class='ocrx_word' id='word_1_298' title='bbox 1144 2069 1276 2103; x_wconf 90' lang='lat' dir='ltr'>antea</span> <span class='ocrx_word' id='word_1_299' title='bbox 1297 2056 1322 2102; x_wconf 80' lang='grc' dir='ltr'>ὲ</span> <span class='ocrx_word' id='word_1_300' title='bbox 1345 2056 1529 2104; x_wconf 80' lang='lat' dir='ltr'>summis</span> <span class='ocrx_word' id='word_1_301' title='bbox 1542 2056 1756 2120; x_wconf 88' lang='lat' dir='ltr'>periculis</span> <span class='ocrx_word' id='word_1_302' title='bbox 1778 2058 1918 2122; x_wconf 87' lang='lat' dir='ltr'>Dug-</span> 
     </span>
     <span class='ocr_line' id='line_1_31' title="bbox 132 2120 1911 2187; baseline -0.001 -15"><span class='ocrx_word' id='word_1_303' title='bbox 132 2125 354 2172; x_wconf 86' lang='lat' dir='ltr'>lassiorum</span> <span class='ocrx_word' id='word_1_304' title='bbox 380 2121 515 2169; x_wconf 89' lang='lat' dir='ltr'>armis</span> <span class='ocrx_word' id='word_1_305' title='bbox 537 2133 758 2185; x_wconf 90' lang='lat' dir='ltr'>ereptam,</span> <span class='ocrx_word' id='word_1_306' title='bbox 799 2136 921 2168; x_wconf 89' lang='lat' dir='ltr'>nunc</span> <span class='ocrx_word' id='word_1_307' title='bbox 957 2121 1175 2168; x_wconf 88' lang='lat' dir='ltr'>intestinis</span> <span class='ocrx_word' id='word_1_308' title='bbox 1218 2120 1350 2168; x_wconf 86' lang='lat' dir='ltr'>malis</span> <span class='ocrx_word' id='word_1_309' title='bbox 1374 2120 1656 2169; x_wconf 87' lang='lat' dir='ltr'>laborantem</span> <span class='ocrx_word' id='word_1_310' title='bbox 1686 2122 1762 2170; x_wconf 88' lang='lat' dir='ltr'>sua</span> <span class='ocrx_word' id='word_1_311' title='bbox 1795 2136 1911 2187; x_wconf 75' lang='lat' dir='ltr'>prae-</span> 
     </span>
     <span class='ocr_line' id='line_1_32' title="bbox 133 2186 1613 2252; baseline -0.007 -14"><span class='ocrx_word' id='word_1_312' title='bbox 133 2189 277 2242; x_wconf 79' lang='lat' dir='ltr'>sentia</span> <span class='ocrx_word' id='word_1_313' title='bbox 292 2189 504 2252; x_wconf 86' lang='lat' dir='ltr'>erigeret,</span> <span class='ocrx_word' id='word_1_314' title='bbox 529 2193 570 2235; x_wconf 73' lang='grc' dir='ltr'>δε</span> <span class='ocrx_word' id='word_1_315' title='bbox 588 2186 893 2233; x_wconf 87' lang='lat' dir='ltr'>confirmaret.</span> <span class='ocrx_word' id='word_1_316' title='bbox 1609 2241 1613 2243; x_wconf 16' lang='grc' dir='ltr'><strong><em>μ</em></strong></span> 
     </span>
    </p>

    <p class='ocr_par' dir='ltr' id='par_1_3' title="bbox 129 2249 1920 3478">
     <span class='ocr_line' id='line_1_33' title="bbox 200 2249 1912 2316; baseline -0.002 -14"><span class='ocrx_word' id='word_1_317' title='bbox 200 2255 334 2302; x_wconf 88' lang='lat' dir='ltr'><strong>XVI.</strong></span> <span class='ocrx_word' id='word_1_318' title='bbox 369 2253 457 2300; x_wconf 92' lang='lat' dir='ltr'>His</span> <span class='ocrx_word' id='word_1_319' title='bbox 478 2253 584 2299; x_wconf 77' lang='lat' dir='ltr'>cum</span> <span class='ocrx_word' id='word_1_320' title='bbox 603 2249 861 2298; x_wconf 76' lang='lat' dir='ltr'>adolescens</span> <span class='ocrx_word' id='word_1_321' title='bbox 884 2257 924 2298; x_wconf 85' lang='lat'>&amp;</span> <span class='ocrx_word' id='word_1_322' title='bbox 948 2263 1123 2306; x_wconf 86' lang='lat' dir='ltr'>natura,</span> <span class='ocrx_word' id='word_1_323' title='bbox 1160 2253 1210 2302; x_wconf 84' lang='lat'>&amp;</span> <span class='ocrx_word' id='word_1_324' title='bbox 1233 2260 1364 2298; x_wconf 84' lang='lat' dir='ltr'>aetate</span> <span class='ocrx_word' id='word_1_325' title='bbox 1385 2250 1546 2315; x_wconf 83' lang='lat' dir='ltr'>gloriae</span> <span class='ocrx_word' id='word_1_326' title='bbox 1567 2249 1764 2316; x_wconf 89' lang='lat' dir='ltr'>cupidus</span> <span class='ocrx_word' id='word_1_327' title='bbox 1782 2266 1912 2299; x_wconf 90' lang='lat' dir='ltr'>com-</span> 
     </span>
     <span class='ocr_line' id='line_1_34' title="bbox 135 2315 1912 2380; baseline -0.003 -12"><span class='ocrx_word' id='word_1_328' title='bbox 135 2330 414 2372; x_wconf 87' lang='lat' dir='ltr'>moveretur,</span> <span class='ocrx_word' id='word_1_329' title='bbox 439 2318 711 2364; x_wconf 81' lang='lat' dir='ltr'>accefferunt</span> <span class='ocrx_word' id='word_1_330' title='bbox 744 2316 997 2362; x_wconf 86' lang='lat' dir='ltr'>amicorum</span> <span class='ocrx_word' id='word_1_331' title='bbox 1039 2315 1397 2371; x_wconf 87' lang='lat' dir='ltr'>adhortationes,</span> <span class='ocrx_word' id='word_1_332' title='bbox 1421 2332 1536 2379; x_wconf 89' lang='lat' dir='ltr'>quos</span> <span class='ocrx_word' id='word_1_333' title='bbox 1578 2316 1654 2363; x_wconf 90' lang='lat' dir='ltr'>sua</span> <span class='ocrx_word' id='word_1_334' title='bbox 1695 2333 1912 2380; x_wconf 74' lang='lat' dir='ltr'>querique</span> 
     </span>
     <span class='ocr_line' id='line_1_35' title="bbox 136 2379 1914 2448; baseline -0.002 -17"><span class='ocrx_word' id='word_1_335' title='bbox 136 2386 234 2448; x_wconf 88' lang='lat' dir='ltr'>spes</span> <span class='ocrx_word' id='word_1_336' title='bbox 257 2393 585 2435; x_wconf 86' lang='lat' dir='ltr'>occoecaverat,</span> <span class='ocrx_word' id='word_1_337' title='bbox 610 2393 660 2427; x_wconf 92' lang='lat' dir='ltr'>ut</span> <span class='ocrx_word' id='word_1_338' title='bbox 681 2381 751 2442; x_wconf 90' lang='lat'>(1)</span> <span class='ocrx_word' id='word_1_339' title='bbox 793 2381 986 2427; x_wconf 75' lang='lat' dir='ltr'>adversis</span> <span class='ocrx_word' id='word_1_340' title='bbox 1011 2380 1037 2426; x_wconf 74' lang='lat' dir='ltr'>a</span> <span class='ocrx_word' id='word_1_341' title='bbox 1060 2380 1282 2428; x_wconf 87' lang='lat' dir='ltr'>memoria</span> <span class='ocrx_word' id='word_1_342' title='bbox 1302 2380 1611 2442; x_wconf 89' lang='lat' dir='ltr'>periculorum</span> <span class='ocrx_word' id='word_1_343' title='bbox 1634 2379 1823 2435; x_wconf 80' lang='lat' dir='ltr'>animis,</span> <span class='ocrx_word' id='word_1_344' title='bbox 1855 2383 1914 2427; x_wconf 88' lang='lat' dir='ltr'>de</span> 
     </span>
     <span class='ocr_line' id='line_1_36' title="bbox 135 2444 1916 2512; baseline -0.001 -17"><span class='ocrx_word' id='word_1_345' title='bbox 135 2448 330 2512; x_wconf 83' lang='lat' dir='ltr'>privatis</span> <span class='ocrx_word' id='word_1_346' title='bbox 350 2446 492 2494; x_wconf 78' lang='lat' dir='ltr'>modo</span> <span class='ocrx_word' id='word_1_347' title='bbox 516 2445 791 2492; x_wconf 88' lang='lat' dir='ltr'>utilitatibus</span> <span class='ocrx_word' id='word_1_348' title='bbox 810 2445 1083 2509; x_wconf 78' lang='lat' dir='ltr'>cogitarent.</span> <span class='ocrx_word' id='word_1_349' title='bbox 1152 2444 1465 2492; x_wconf 79' lang='lat' dir='ltr'>Cancell&#39;arius</span> <span class='ocrx_word' id='word_1_350' title='bbox 1504 2445 1712 2503; x_wconf 67' lang='lat' dir='ltr'>ubieum</span> <span class='ocrx_word' id='word_1_351' title='bbox 1734 2445 1916 2497; x_wconf 82' lang='lat' dir='ltr'>rescivit</span> 
     </span>
     <span class='ocr_line' id='line_1_37' title="bbox 134 2509 1912 2573; baseline -0.001 -13"><span class='ocrx_word' id='word_1_352' title='bbox 134 2514 402 2565; x_wconf 82' lang='lat' dir='ltr'>adventare,</span> <span class='ocrx_word' id='word_1_353' title='bbox 441 2511 627 2558; x_wconf 86' lang='lat' dir='ltr'>obviam</span> <span class='ocrx_word' id='word_1_354' title='bbox 671 2509 732 2556; x_wconf 81' lang='lat' dir='ltr'>ad</span> <span class='ocrx_word' id='word_1_355' title='bbox 763 2511 908 2557; x_wconf 84' lang='lat' dir='ltr'>multa</span> <span class='ocrx_word' id='word_1_356' title='bbox 945 2510 1092 2556; x_wconf 87' lang='lat' dir='ltr'>millia</span> <span class='ocrx_word' id='word_1_357' title='bbox 1111 2510 1313 2573; x_wconf 75' lang='lat' dir='ltr'>passuum</span> <span class='ocrx_word' id='word_1_358' title='bbox 1336 2509 1378 2556; x_wconf 88' lang='lat' dir='ltr'>ei</span> <span class='ocrx_word' id='word_1_359' title='bbox 1400 2511 1462 2555; x_wconf 92' lang='lat' dir='ltr'>est</span> <span class='ocrx_word' id='word_1_360' title='bbox 1496 2509 1766 2571; x_wconf 58' lang='lat' dir='ltr'>profestus:</span> <span class='ocrx_word' id='word_1_361' title='bbox 1791 2513 1841 2559; x_wconf 72' lang='grc' dir='ltr'>δε</span> <span class='ocrx_word' id='word_1_362' title='bbox 1863 2510 1912 2559; x_wconf 83' lang='grc' dir='ltr'>ἰη</span> 
     </span>
     <span class='ocr_line' id='line_1_38' title="bbox 136 2572 1915 2638; baseline -0.002 -14"><span class='ocrx_word' id='word_1_363' title='bbox 136 2594 289 2624; x_wconf 84' lang='lat' dir='ltr'>arcem</span> <span class='ocrx_word' id='word_1_364' title='bbox 312 2577 435 2624; x_wconf 87' lang='lat' dir='ltr'>suam</span> <span class='ocrx_word' id='word_1_365' title='bbox 457 2575 543 2621; x_wconf 88' lang='lat' dir='ltr'>viae</span> <span class='ocrx_word' id='word_1_366' title='bbox 567 2573 873 2638; x_wconf 75' lang='lat' dir='ltr'>propinq-uam</span> <span class='ocrx_word' id='word_1_367' title='bbox 900 2573 1244 2636; x_wconf 87' lang='lat' dir='ltr'>(Cri-chtonium</span> <span class='ocrx_word' id='word_1_368' title='bbox 1266 2575 1462 2633; x_wconf 79' lang='lat' dir='ltr'>vocant)</span> <span class='ocrx_word' id='word_1_369' title='bbox 1488 2572 1636 2622; x_wconf 73' lang='lat' dir='ltr'>amice</span> <span class='ocrx_word' id='word_1_370' title='bbox 1656 2573 1837 2627; x_wconf 87' lang='lat' dir='ltr'>invitat,</span> <span class='ocrx_word' id='word_1_371' title='bbox 1862 2576 1915 2624; x_wconf 74' lang='grc' dir='ltr'>δε</span> 
     </span>
     <span class='ocr_line' id='line_1_39' title="bbox 134 2637 1914 2707; baseline -0.003 -18"><span class='ocrx_word' id='word_1_372' title='bbox 134 2640 384 2707; x_wconf 76' lang='lat' dir='ltr'>magnifice</span> <span class='ocrx_word' id='word_1_373' title='bbox 405 2638 594 2704; x_wconf 82' lang='lat' dir='ltr'>excipit.</span> <span class='ocrx_word' id='word_1_374' title='bbox 661 2638 736 2685; x_wconf 88' lang='lat' dir='ltr'>Ibi</span> <span class='ocrx_word' id='word_1_375' title='bbox 753 2652 834 2701; x_wconf 87' lang='lat' dir='ltr'>per</span> <span class='ocrx_word' id='word_1_376' title='bbox 852 2638 1046 2686; x_wconf 84' lang='lat' dir='ltr'>biduum</span> <span class='ocrx_word' id='word_1_377' title='bbox 1076 2637 1272 2686; x_wconf 85' lang='lat' dir='ltr'>comiter-</span> <span class='ocrx_word' id='word_1_378' title='bbox 1290 2638 1450 2685; x_wconf 86' lang='lat' dir='ltr'>habito</span> <span class='ocrx_word' id='word_1_379' title='bbox 1471 2640 1576 2686; x_wconf 78' lang='lat' dir='ltr'>cum</span> <span class='ocrx_word' id='word_1_380' title='bbox 1611 2638 1816 2701; x_wconf 87' lang='lat' dir='ltr'>plurima-</span> <span class='ocrx_word' id='word_1_381' title='bbox 1842 2639 1914 2686; x_wconf 82' lang='lat' dir='ltr'>os.-·</span> 
     </span>
     <span class='ocr_line' id='line_1_40' title="bbox 133 2702 1920 2765; baseline -0.002 -10"><span class='ocrx_word' id='word_1_382' title='bbox 133 2706 345 2755; x_wconf 79' lang='lat' dir='ltr'>tendiffet</span> <span class='ocrx_word' id='word_1_383' title='bbox 381 2705 519 2752; x_wconf 87' lang='lat' dir='ltr'>amici</span> <span class='ocrx_word' id='word_1_384' title='bbox 541 2702 684 2750; x_wconf 88' lang='lat' dir='ltr'>animi</span> <span class='ocrx_word' id='word_1_385' title='bbox 720 2703 910 2758; x_wconf 89' lang='lat' dir='ltr'>indicia,</span> <span class='ocrx_word' id='word_1_386' title='bbox 945 2717 995 2751; x_wconf 84' lang='lat' dir='ltr'>ut</span> <span class='ocrx_word' id='word_1_387' title='bbox 1028 2703 1360 2751; x_wconf 84' lang='lat' dir='ltr'>adolescentem</span> <span class='ocrx_word' id='word_1_388' title='bbox 1386 2702 1699 2765; x_wconf 84' lang='lat' dir='ltr'>improvidum</span> <span class='ocrx_word' id='word_1_389' title='bbox 1733 2702 1920 2751; x_wconf 85' lang='lat' dir='ltr'>facilius-</span> 
     </span>
     <span class='ocr_line' id='line_1_41' title="bbox 135 2766 1911 2831; baseline -0.002 -12"><span class='ocrx_word' id='word_1_390' title='bbox 135 2770 508 2824; x_wconf 78' lang='lat' dir='ltr'>circumveniret,</span> <span class='ocrx_word' id='word_1_391' title='bbox 532 2767 813 2831; x_wconf 77' lang='lat' dir='ltr'>omnemque</span> <span class='ocrx_word' id='word_1_392' title='bbox 845 2768 1052 2815; x_wconf 66' lang='lat' dir='ltr'>alienatae</span> <span class='ocrx_word' id='word_1_393' title='bbox 1075 2767 1240 2815; x_wconf 88' lang='lat' dir='ltr'>mentis</span> <span class='ocrx_word' id='word_1_394' title='bbox 1262 2767 1466 2814; x_wconf 84' lang='lat' dir='ltr'>aboleret</span> <span class='ocrx_word' id='word_1_395' title='bbox 1486 2766 1796 2831; x_wconf 86' lang='lat' dir='ltr'>suspitionem,</span> <span class='ocrx_word' id='word_1_396' title='bbox 1816 2784 1911 2815; x_wconf 90' lang='lat' dir='ltr'>coe-</span> 
     </span>
     <span class='ocr_line' id='line_1_42' title="bbox 135 2831 1914 2899; baseline -0.001 -18"><span class='ocrx_word' id='word_1_397' title='bbox 135 2836 208 2899; x_wconf 82' lang='lat' dir='ltr'>pit</span> <span class='ocrx_word' id='word_1_398' title='bbox 230 2834 516 2881; x_wconf 85' lang='lat' dir='ltr'>familiariter</span> <span class='ocrx_word' id='word_1_399' title='bbox 537 2833 738 2888; x_wconf 88' lang='lat' dir='ltr'>suadere,</span> <span class='ocrx_word' id='word_1_400' title='bbox 765 2844 816 2879; x_wconf 89' lang='lat' dir='ltr'>ut</span> <span class='ocrx_word' id='word_1_401' title='bbox 837 2848 1014 2895; x_wconf 89' lang='lat' dir='ltr'>memor</span> <span class='ocrx_word' id='word_1_402' title='bbox 1034 2831 1274 2896; x_wconf 84' lang='lat' dir='ltr'>dignitatis</span> <span class='ocrx_word' id='word_1_403' title='bbox 1295 2831 1477 2895; x_wconf 78' lang='lat' dir='ltr'>Regiae,</span> <span class='ocrx_word' id='word_1_404' title='bbox 1500 2847 1552 2879; x_wconf 91' lang='lat' dir='ltr'>ac</span> <span class='ocrx_word' id='word_1_405' title='bbox 1569 2831 1638 2878; x_wconf 87' lang='lat' dir='ltr'>sui</span> <span class='ocrx_word' id='word_1_406' title='bbox 1657 2832 1825 2896; x_wconf 86' lang='lat' dir='ltr'>pariter</span> <span class='ocrx_word' id='word_1_407' title='bbox 1841 2832 1914 2880; x_wconf 78' lang='lat' dir='ltr'>of·</span> 
     </span>
     <span class='ocr_line' id='line_1_43' title="bbox 136 2895 1915 2962; baseline -0.002 -15"><span class='ocrx_word' id='word_1_408' title='bbox 136 2897 247 2954; x_wconf 83' lang='lat' dir='ltr'>ficii,</span> <span class='ocrx_word' id='word_1_409' title='bbox 269 2915 410 2962; x_wconf 89' lang='lat' dir='ltr'>quem</span> <span class='ocrx_word' id='word_1_410' title='bbox 432 2897 643 2945; x_wconf 88' lang='lat' dir='ltr'>nascendi</span> <span class='ocrx_word' id='word_1_411' title='bbox 666 2899 739 2959; x_wconf 80' lang='lat' dir='ltr'>(z)</span> <span class='ocrx_word' id='word_1_412' title='bbox 762 2897 872 2952; x_wconf 85' lang='lat' dir='ltr'>fors,</span> <span class='ocrx_word' id='word_1_413' title='bbox 897 2903 938 2944; x_wconf 76' lang='grc' dir='ltr'>δε</span> <span class='ocrx_word' id='word_1_414' title='bbox 963 2897 1126 2960; x_wconf 85' lang='lat' dir='ltr'>patriae</span> <span class='ocrx_word' id='word_1_415' title='bbox 1162 2897 1306 2960; x_wconf 77' lang='lat' dir='ltr'>legeS,</span> <span class='ocrx_word' id='word_1_416' title='bbox 1328 2895 1639 2960; x_wconf 69' lang='lat' dir='ltr'>ordinumque</span> <span class='ocrx_word' id='word_1_417' title='bbox 1675 2896 1915 2945; x_wconf 88' lang='lat' dir='ltr'>consensus</span> 
     </span>
     <span class='ocr_line' id='line_1_44' title="bbox 136 2959 1914 3026; baseline -0.001 -15"><span class='ocrx_word' id='word_1_418' title='bbox 136 2964 197 3011; x_wconf 87' lang='lat' dir='ltr'>ad</span> <span class='ocrx_word' id='word_1_419' title='bbox 220 2979 369 3008; x_wconf 87' lang='lat' dir='ltr'>rerum</span> <span class='ocrx_word' id='word_1_420' title='bbox 392 2962 705 3026; x_wconf 86' lang='lat' dir='ltr'>gubernacula</span> <span class='ocrx_word' id='word_1_421' title='bbox 722 2961 1037 3016; x_wconf 74' lang='lat' dir='ltr'>admovissent,</span> <span class='ocrx_word' id='word_1_422' title='bbox 1061 2977 1167 3009; x_wconf 90' lang='lat' dir='ltr'>eum</span> <span class='ocrx_word' id='word_1_423' title='bbox 1191 2961 1284 3024; x_wconf 91' lang='lat' dir='ltr'>ipse</span> <span class='ocrx_word' id='word_1_424' title='bbox 1301 2976 1386 3024; x_wconf 91' lang='lat' dir='ltr'>pro</span> <span class='ocrx_word' id='word_1_425' title='bbox 1416 2959 1608 3008; x_wconf 89' lang='lat' dir='ltr'>domino</span> <span class='ocrx_word' id='word_1_426' title='bbox 1624 2961 1831 3018; x_wconf 87' lang='lat' dir='ltr'>haberet,</span> <span class='ocrx_word' id='word_1_427' title='bbox 1871 2967 1914 3009; x_wconf 77' lang='grc' dir='ltr'>δε</span> 
     </span>
     <span class='ocr_line' id='line_1_45' title="bbox 136 3024 1916 3091; baseline -0.001 -17"><span class='ocrx_word' id='word_1_428' title='bbox 136 3025 416 3091; x_wconf 86' lang='lat' dir='ltr'>agnosceret.</span> <span class='ocrx_word' id='word_1_429' title='bbox 452 3025 785 3073; x_wconf 89' lang='lat' dir='ltr'>Patrimonium</span> <span class='ocrx_word' id='word_1_430' title='bbox 809 3025 950 3091; x_wconf 70' lang='lat' dir='ltr'>longe</span> <span class='ocrx_word' id='word_1_431' title='bbox 968 3025 1288 3090; x_wconf 86' lang='lat' dir='ltr'>ampliffimum</span> <span class='ocrx_word' id='word_1_432' title='bbox 1313 3024 1498 3079; x_wconf 90' lang='lat' dir='ltr'>virtute,</span> <span class='ocrx_word' id='word_1_433' title='bbox 1521 3030 1562 3073; x_wconf 76' lang='grc' dir='ltr'>δι</span> <span class='ocrx_word' id='word_1_434' title='bbox 1582 3025 1802 3089; x_wconf 88' lang='lat' dir='ltr'>sanguine</span> <span class='ocrx_word' id='word_1_435' title='bbox 1817 3036 1916 3073; x_wconf 88' lang='lat' dir='ltr'>ma-</span> 
     </span>
     <span class='ocr_line' id='line_1_46' title="bbox 129 3089 1917 3156; baseline -0.001 -18"><span class='ocrx_word' id='word_1_436' title='bbox 129 3092 286 3154; x_wconf 87' lang='lat' dir='ltr'>jorum</span> <span class='ocrx_word' id='word_1_437' title='bbox 326 3101 504 3152; x_wconf 88' lang='lat' dir='ltr'>partum</span> <span class='ocrx_word' id='word_1_438' title='bbox 523 3091 582 3137; x_wconf 88' lang='lat' dir='ltr'>ad</span> <span class='ocrx_word' id='word_1_439' title='bbox 611 3090 809 3154; x_wconf 86' lang='lat' dir='ltr'>posteros</span> <span class='ocrx_word' id='word_1_440' title='bbox 840 3091 926 3146; x_wconf 86' lang='lat' dir='ltr'>ita,</span> <span class='ocrx_word' id='word_1_441' title='bbox 970 3091 1036 3138; x_wconf 91' lang='lat' dir='ltr'>uti</span> <span class='ocrx_word' id='word_1_442' title='bbox 1058 3090 1266 3154; x_wconf 85' lang='lat' dir='ltr'>accaepit,</span> <span class='ocrx_word' id='word_1_443' title='bbox 1290 3089 1644 3138; x_wconf 87' lang='lat' dir='ltr'>transmitteret:</span> <span class='ocrx_word' id='word_1_444' title='bbox 1681 3090 1917 3156; x_wconf 86' lang='lat' dir='ltr'>Duglaffi-</span> 
     </span>
     <span class='ocr_line' id='line_1_47' title="bbox 138 3153 1917 3220; baseline 0.001 -16"><span class='ocrx_word' id='word_1_445' title='bbox 138 3156 285 3220; x_wconf 75' lang='lat' dir='ltr'>aeque</span> <span class='ocrx_word' id='word_1_446' title='bbox 302 3153 454 3217; x_wconf 90' lang='lat' dir='ltr'>gentis</span> <span class='ocrx_word' id='word_1_447' title='bbox 472 3169 638 3200; x_wconf 85' lang='lat' dir='ltr'>nomen</span> <span class='ocrx_word' id='word_1_448' title='bbox 662 3169 755 3202; x_wconf 85' lang='lat' dir='ltr'>non</span> <span class='ocrx_word' id='word_1_449' title='bbox 773 3153 924 3204; x_wconf 88' lang='lat' dir='ltr'>minus</span> <span class='ocrx_word' id='word_1_450' title='bbox 947 3155 1054 3211; x_wconf 84' lang='lat' dir='ltr'>fide,</span> <span class='ocrx_word' id='word_1_451' title='bbox 1073 3154 1214 3218; x_wconf 70' lang='lat' dir='ltr'>quam</span> <span class='ocrx_word' id='word_1_452' title='bbox 1239 3153 1368 3202; x_wconf 65' lang='lat' dir='ltr'>facitis</span> <span class='ocrx_word' id='word_1_453' title='bbox 1390 3153 1577 3209; x_wconf 88' lang='lat' dir='ltr'>illustre,</span> <span class='ocrx_word' id='word_1_454' title='bbox 1602 3170 1694 3202; x_wconf 86' lang='lat' dir='ltr'>non</span> <span class='ocrx_word' id='word_1_455' title='bbox 1717 3157 1859 3202; x_wconf 88' lang='lat' dir='ltr'>modo</span> <span class='ocrx_word' id='word_1_456' title='bbox 1887 3153 1917 3206; x_wconf 66' lang='grc' dir='ltr'>εἴ</span> 
     </span>
     <span class='ocr_line' id='line_1_48' title="bbox 135 3215 1917 3282; baseline -0.001 -15"><span class='ocrx_word' id='word_1_457' title='bbox 135 3221 264 3269; x_wconf 86' lang='lat' dir='ltr'>foeda</span> <span class='ocrx_word' id='word_1_458' title='bbox 285 3215 561 3280; x_wconf 88' lang='lat' dir='ltr'>proditionis</span> <span class='ocrx_word' id='word_1_459' title='bbox 595 3219 791 3275; x_wconf 87' lang='lat' dir='ltr'>macula,</span> <span class='ocrx_word' id='word_1_460' title='bbox 814 3218 889 3268; x_wconf 88' lang='lat' dir='ltr'>sed</span> <span class='ocrx_word' id='word_1_461' title='bbox 923 3221 982 3267; x_wconf 84' lang='lat' dir='ltr'>ab</span> <span class='ocrx_word' id='word_1_462' title='bbox 1002 3220 1132 3267; x_wconf 91' lang='lat' dir='ltr'>omni</span> <span class='ocrx_word' id='word_1_463' title='bbox 1167 3218 1426 3282; x_wconf 84' lang='lat' dir='ltr'>suspitionis</span> <span class='ocrx_word' id='word_1_464' title='bbox 1447 3229 1557 3267; x_wconf 81' lang='lat' dir='ltr'>nota</span> <span class='ocrx_word' id='word_1_465' title='bbox 1572 3217 1786 3267; x_wconf 85' lang='lat' dir='ltr'>liberaret</span> <span class='ocrx_word' id='word_1_466' title='bbox 1809 3238 1824 3267; x_wconf 75' lang='lat' dir='ltr'>t</span> <span class='ocrx_word' id='word_1_467' title='bbox 1856 3219 1917 3266; x_wconf 90' lang='lat' dir='ltr'>ab</span> 
     </span>
     <span class='ocr_line' id='line_1_49' title="bbox 136 3280 1918 3348; baseline -0.001 -15"><span class='ocrx_word' id='word_1_468' title='bbox 136 3281 318 3347; x_wconf 89' lang='lat' dir='ltr'>injuriis</span> <span class='ocrx_word' id='word_1_469' title='bbox 339 3280 550 3328; x_wconf 85' lang='lat' dir='ltr'>adversus</span> <span class='ocrx_word' id='word_1_470' title='bbox 571 3280 805 3330; x_wconf 87' lang='lat' dir='ltr'>imbellem</span> <span class='ocrx_word' id='word_1_471' title='bbox 827 3285 1014 3347; x_wconf 83' lang='lat' dir='ltr'>plebem</span> <span class='ocrx_word' id='word_1_472' title='bbox 1035 3285 1096 3340; x_wconf 91' lang='lat' dir='ltr'>se,</span> <span class='ocrx_word' id='word_1_473' title='bbox 1131 3281 1627 3346; x_wconf 49' lang='lat' dir='ltr'>suosquecontineret:</span> <span class='ocrx_word' id='word_1_474' title='bbox 1662 3283 1918 3348; x_wconf 85' lang='lat' dir='ltr'>segregaret</span> 
     </span>
     <span class='ocr_line' id='line_1_50' title="bbox 137 3343 1915 3411; baseline -0.001 -17"><span class='ocrx_word' id='word_1_475' title='bbox 137 3348 164 3398; x_wconf 70' lang='lat'>31</span> <span class='ocrx_word' id='word_1_476' title='bbox 186 3348 230 3396; x_wconf 90' lang='lat' dir='ltr'>se</span> <span class='ocrx_word' id='word_1_477' title='bbox 247 3347 445 3394; x_wconf 88' lang='lat' dir='ltr'>latrones</span> <span class='ocrx_word' id='word_1_478' title='bbox 466 3361 479 3397; x_wconf 72' lang='grc' dir='ltr'><strong><em>ε</em></strong></span> <span class='ocrx_word' id='word_1_479' title='bbox 511 3343 559 3391; x_wconf 86' lang='lat' dir='ltr'>in</span> <span class='ocrx_word' id='word_1_480' title='bbox 576 3346 801 3407; x_wconf 83' lang='lat' dir='ltr'>posterum</span> <span class='ocrx_word' id='word_1_481' title='bbox 822 3347 1092 3409; x_wconf 86' lang='lat' dir='ltr'>itajusticiae</span> <span class='ocrx_word' id='word_1_482' title='bbox 1110 3348 1293 3396; x_wconf 85' lang='lat' dir='ltr'>tuendae</span> <span class='ocrx_word' id='word_1_483' title='bbox 1314 3345 1358 3394; x_wconf 80' lang='lat' dir='ltr'>se</span> <span class='ocrx_word' id='word_1_484' title='bbox 1379 3347 1526 3402; x_wconf 83' lang='lat' dir='ltr'>daret,</span> <span class='ocrx_word' id='word_1_485' title='bbox 1548 3359 1599 3394; x_wconf 81' lang='lat' dir='ltr'>ut</span> <span class='ocrx_word' id='word_1_486' title='bbox 1620 3347 1651 3393; x_wconf 83' lang='lat' dir='ltr'><strong>fi</strong></span> <span class='ocrx_word' id='word_1_487' title='bbox 1672 3348 1788 3411; x_wconf 89' lang='lat' dir='ltr'>quid</span> <span class='ocrx_word' id='word_1_488' title='bbox 1808 3345 1915 3394; x_wconf 66' lang='lat' dir='ltr'>ante</span> 
     </span>
     <span class='ocr_line' id='line_1_51' title="bbox 136 3407 1915 3478; baseline -0.001 -17"><span class='ocrx_word' id='word_1_489' title='bbox 136 3410 402 3465; x_wconf 87' lang='lat' dir='ltr'>offenderit,</span> <span class='ocrx_word' id='word_1_490' title='bbox 426 3424 520 3461; x_wconf 81' lang='lat' dir='ltr'>non</span> <span class='ocrx_word' id='word_1_491' title='bbox 537 3407 652 3456; x_wconf 79' lang='lat' dir='ltr'>vitio</span> <span class='ocrx_word' id='word_1_492' title='bbox 683 3421 876 3470; x_wconf 78' lang='lat' dir='ltr'>naturae,</span> <span class='ocrx_word' id='word_1_493' title='bbox 899 3411 974 3462; x_wconf 86' lang='lat' dir='ltr'>sed</span> <span class='ocrx_word' id='word_1_494' title='bbox 1009 3412 1329 3477; x_wconf 85' lang='lat' dir='ltr'>improborum</span> <span class='ocrx_word' id='word_1_495' title='bbox 1365 3410 1555 3459; x_wconf 75' lang='lat' dir='ltr'>consilio</span> <span class='ocrx_word' id='word_1_496' title='bbox 1572 3410 1714 3460; x_wconf 84' lang='lat' dir='ltr'>tribui</span> <span class='ocrx_word' id='word_1_497' title='bbox 1731 3412 1874 3478; x_wconf 82' lang='lat' dir='ltr'>poffet</span> <span class='ocrx_word' id='word_1_498' title='bbox 1896 3427 1915 3459; x_wconf 70' lang='grc' dir='ltr'><em>ι</em></span> 
     </span>
    </p>
   </div>
   <div class='ocr_carea' id='block_1_3' title="bbox 192 3516 1665 3595">
    <p class='ocr_par' dir='ltr' id='par_1_4' title="bbox 192 3516 1665 3595">
     <span class='ocr_line' id='line_1_52' title="bbox 192 3516 1665 3595; baseline 0.001 -16"><span class='ocrx_word' id='word_1_499' title='bbox 192 3538 255 3595; x_wconf 81' lang='lat'>(1)</span> <span class='ocrx_word' id='word_1_500' title='bbox 283 3537 433 3582; x_wconf 68' lang='lat' dir='ltr'>Averfis</span> <span class='ocrx_word' id='word_1_501' title='bbox 467 3516 576 3583; x_wconf 52' lang='lat' dir='ltr'>MS,</span> <span class='ocrx_word' id='word_1_502' title='bbox 600 3536 656 3579; x_wconf 80' lang='lat' dir='ltr'>ita</span> <span class='ocrx_word' id='word_1_503' title='bbox 673 3538 779 3583; x_wconf 78' lang='lat' dir='ltr'>Gen.</span> <span class='ocrx_word' id='word_1_504' title='bbox 1106 3541 1174 3594; x_wconf 82' lang='lat'>(2)</span> <span class='ocrx_word' id='word_1_505' title='bbox 1203 3539 1288 3585; x_wconf 84' lang='lat' dir='ltr'>Alii</span> <span class='ocrx_word' id='word_1_506' title='bbox 1307 3542 1414 3583; x_wconf 85' lang='lat' dir='ltr'>codd.</span> <span class='ocrx_word' id='word_1_507' title='bbox 1428 3541 1524 3582; x_wconf 64' lang='grc' dir='ltr'>Λή.</span> <span class='ocrx_word' id='word_1_508' title='bbox 1544 3540 1665 3587; x_wconf 45' lang='lat' dir='ltr'>forsa*</span> 
     </span>
    </p>
   </div>
   <div class='ocr_carea' id='block_1_4' title="bbox 1968 0 1992 845">
    <p class='ocr_par' dir='ltr' id='par_1_5' title="bbox 1968 0 1992 845">
     <span class='ocr_line' id='line_1_53' title="bbox 1968 0 1992 845; baseline 0 0"><span class='ocrx_word' id='word_1_509' title='bbox 1968 0 1992 845; x_wconf 95' lang='lat' dir='ltr'> </span> 
     </span>
    </p>
   </div>
  </div>
 </body>
</html>
