1992 3801
149 148 279 210 312
481 130 842 204 RERUM
930 130 1612 199 Sco‘rtcARuM

150 225 375 274 clariffimi
406 228 596 276 Ioannes
630 227 954 282 Ronentonius„
979 235 1020 275 &
1054 229 1281 276 Robertus
1308 230 1637 278 Harentonius.
1705 231 1899 280 Comitis

147 291 498 340 Northumbriae
512 293 629 340 filius
652 311 752 340 cum
772 294 964 339 evadere
986 294 1141 355 posset,
1159 293 1267 340 dum
1292 309 1463 356 patrem
1485 295 1531 341 in
1554 311 1724 357 equum
1744 296 1897 357 impo-

147 355 236 408 nit,
259 355 351 417 ipse
371 356 418 403 in
442 374 601 403 manus
622 359 814 403 hostium
833 356 971 402 venit.
1040 358 1189 419 Capta
1209 359 1378 419 praeda,
1402 372 1619 419 quantam
1641 360 1768 405 nullo
1791 374 1894 405 ante

151 420 311 478 praelio
334 420 646 467 meminerant.
716 421 861 482 Angli
882 419 1005 466 enim
1039 425 1079 466 δε
1112 437 1301 467 numero
1325 423 1539 476 militum,
1571 428 1617 471 δε
1640 439 1823 484 genere,
1860 429 1901 469 δε

151 485 389 531 Scotorum
406 485 629 531 discordia
655 484 758 530 freti
790 486 903 530 adeo
934 483 1074 530 securi
1096 486 1152 531 εὸ
1173 498 1405 539 venerant,
1431 500 1479 531 ut
1502 502 1590 531 non
1626 489 1680 532 ad
1705 488 1896 539 bellum,

152 547 230 595 sed
259 550 316 594 ad
351 566 565 610 pompam
597 549 816 610 proficisci
852 548 1128 595 viderentur.
1195 549 1350 595 Tanta
1378 549 1444 595 sui
1477 550 1656 604 fiducia,
1682 550 1905 611 hostisque

153 625 442 674 contemptus
464 612 623 658 inerat.
675 613 810 659 Valla
830 612 1000 658 saucius
1022 613 1211 669 domum
1233 613 1392 659 leffica
1415 614 1589 660 delatus
1607 615 1701 676 post
1721 615 1904 661 tertium

154 677 351 723 mensem
374 677 566 723 deceffit.
633 676 903 723 Ormundiae
927 678 1095 723 Comes
1115 677 1259 723 victor
1279 677 1480 739 captivos
1505 677 1737 724 recensuit.
1804 679 1905 724 Pri·

151 757 302 791 mores
324 741 369 787 in
387 757 533 787 arcem
552 741 608 786 ad
627 742 776 787 lacum
795 741 1046 787 Mabanum
1071 740 1385 788 custodiendos
1407 740 1559 788 dedit:
1576 740 1671 803 'ipse
1693 741 1737 788 in
1753 743 1905 790 aulam

151 806 380 869 profectus
398 805 544 850 effusis
566 805 778 850 omnibus
796 803 980 851 obviam
999 805 1125 851 omni
1144 822 1308 866 genere
1325 804 1508 852 honoris
1526 806 1767 867 excipitur.
1813 808 1903 854 Res

154 869 266 916 belli
289 870 430 932 gestas
445 870 545 915 Rex
567 869 744 930 magnis
765 869 975 915 laudibus
998 869 1277 930 prosecutus,
1292 886 1396 914 eum
1421 885 1508 915 una
1529 886 1633 916 cum
1656 870 1790 915 fratre
1806 886 1906 917 mo·

155 933 274 989 nuit,
299 946 348 979 ut
368 932 756 995 quemadmodum
781 933 894 993 saepe
916 931 1024 978 foris
1055 932 1279 994 specimen
1302 932 1583 978 fortitudinis
1605 934 1905 990 ostendissent,

153 996 344 1060 remque
367 996 590 1042 Scoticam
612 995 689 1041 suo
711 997 883 1049 labore,
917 1000 956 1040 &
978 995 1145 1042 virtute
1167 995 1426 1058 periculosis
1449 996 1729 1058 temp01ibus
1751 998 1909 1044 defen-

153 1062 331 1115 dissent,
354 1061 418 1107 ita
438 1061 564 1107 domi
587 1059 813 1107 modestiae
835 1058 1139 1114 assuescerent,
1164 1060 1220 1106 ab
1241 1059 1540 1106 infirmiorum
1575 1060 1741 1121 injuria
1761 1061 1843 1123 ipsi
1867 1062 1909 1110 se

153 1126 441 1179 abstinerent,
465 1124 651 1185 suosque
673 1125 967 1172 continerent.
1046 1124 1320 1177 Potentiam,
1344 1140 1483 1184 quam
1506 1125 1662 1171 multis
1684 1124 1907 1184 majorum

152 1188 202 1236 in
239 1191 432 1251 Regem,
455 1188 665 1252 civesque
700 1189 797 1235 suos
833 1186 1005 1235 meritis
1038 1189 1275 1234 collectam
1304 1189 1538 1242 haberent,
1571 1187 1618 1235 in
1653 1190 1904 1236 latronibus

152 1251 414 1300 coercendis
452 1252 774 1315 potiuS,quam
800 1250 1007 1299 fovendis
1049 1253 1350 1307 ostenderent,
1373 1252 1422 1299 id
1462 1269 1604 1298 unum
1637 1253 1700 1300 eis
1734 1254 1790 1300 ad
1825 1253 1907 1298 ab·

152 1317 343 1364 solutam
365 1318 548 1365 laudem
578 1317 753 1364 deesse:
786 1317 912 1379 quod
946 1316 977 1362 fi
1010 1330 1253 1380 pergerent
1275 1321 1438 1368 facere,
1462 1316 1768 1363 intellecturos
1790 1316 1907 1364 nihil

152 1382 197 1428 se
218 1382 471 1429 commodis
493 1381 737 1445 Duglafiiae
759 1381 907 1444 gentis
930 1380 1052 1443 prius
1074 1381 1353 1428 habiturum.
1408 1381 1486 1427 Ad
1506 1398 1559 1428 ea
1581 1381 1779 1445 benigne
1801 1396 1907 1429 cum

152 1445 490 1507 respondissent,
516 1445 542 1492 a
564 1448 691 1509 Rege
713 1445 874 1492 dimissi
896 1444 989 1491 laeti
1009 1445 1200 1492 domum
1218 1445 1409 1492 rediere.

216 1512 391 1557 XXXI.
426 1512 525 1561 Post
547 1511 635 1558 hoc
657 1511 715 1557 ad
749 1512 928 1557 Sarcam
960 1509 1188 1570 praelium,
1229 1524 1279 1556 ut
1301 1510 1431 1556 limes
1465 1509 1705 1556 Scotiaeab
1728 1521 1907 1556 extero-

151 1592 254 1622 rum
275 1573 452 1636 injuriis
475 1575 564 1621 fuit
587 1574 804 1637 pacatior,
817 1574 881 1621 ita
901 1590 969 1619 res
993 1574 1259 1620 Londinum
1282 1574 1497 1620 nunciata
1515 1575 1773 1636 Anglorum
1808 1574 1907 1620 ani-

152 1656 253 1685 mos
278 1638 423 1702 magis
445 1639 655 1694 irritavit,
680 1638 819 1702 quam
843 1637 1024 1699 dejecit.
1079 1639 1282 1685 Consilio
1305 1639 1361 1685 de
1383 1639 1505 1684 bello
1528 1639 1573 1684 in
1598 1640 1754 1684 Scotos
1777 1637 1909 1684 habi-

150 1715 218 1759 to,
239 1719 381 1750 novus
402 1704 602 1750 delectus
620 1705 678 1750 ad
695 1702 996 1766 ignominiam
1015 1701 1255 1748 delendam
1278 1702 1551 1749 decernitur.
1607 1703 1836 1748 Omnibus
1859 1702 1907 1750 in

150 1767 201 1817 id
236 1785 375 1815 unum
409 1767 614 1823 intentis,
649 1767 805 1815 civiles
838 1778 1023 1828 repente
1058 1779 1208 1812 motus
1229 1766 1393 1820 exorti,
1433 1765 1678 1828 validaque
1701 1766 1909 1814 adversus

151 1833 329 1894 Regem
364 1832 510 1894 plebis
546 1831 819 1892 conspiratio
841 1831 953 1877 belli
985 1830 1162 1877 externi
1182 1830 1367 1877 consilia
1389 1830 1594 1877 discuffit.
1663 1830 1826 1893 Legati
1860 1831 1910 1878 in

150 1896 353 1942 Scotiam
371 1897 428 1943 de
450 1913 559 1956 pace
579 1895 688 1943 miffi
714 1914 725 1943 ε
757 1911 953 1959 quorum
971 1895 1191 1941 adventus
1215 1897 1271 1945 eo
1292 1894 1464 1959 gratior
1485 1893 1590 1949 fuit,
1611 1895 1736 1957 quod
1758 1911 1814 1941 ne
1835 1894 1910 1958 ip-

149 1962 205 2009 fis
227 1961 413 2023 quidem
437 1960 538 2008 satis
559 1973 692 2007 certae
710 1977 778 2008 res
800 1959 927 2006 domi
948 1972 1091 2006 erant.
1126 1960 1246 2007 Cum
1270 1960 1326 2006 de
1349 1975 1458 2022 pace
1480 1975 1570 2004 non
1595 1959 1910 2015 convenirent,

150 2024 295 2088 legati
313 2025 361 2072 in
385 2024 631 2072 triennium
650 2023 858 2071 inducias
879 2023 1000 2087 pafti
1021 2036 1141 2071 retro
1158 2024 1348 2071 domum
1371 2023 1618 2069 redierunt.
1652 2023 1771 2069 Haec
1792 2025 1914 2087 gesta

151 2089 254 2138 sunt
289 2105 408 2138 anno
442 2089 610 2136 Christi
641 2088 881 2136 millesimo
902 2087 1354 2151 quadringentesimo.
1367 2087 1710 2149 quadragesimo
1732 2090 1912 2137 octavo,

156 2151 304 2201 Au'xit
323 2154 440 2200 hanc
463 2153 698 2215 publicam
719 2152 933 2200 laeticiam
963 2152 1091 2198 brevi
1120 2152 1217 2214 post
1238 2151 1436 2199 nuncius
1459 2151 1483 2198 ὲ
1507 2150 1719 2198 Flandria
1741 2151 1767 2198 a
1789 2153 1916 2200 Can-

151 2218 337 2267 cellario
377 2217 544 2275 missus,
581 2217 664 2280 qui
696 2217 754 2265 ad
777 2219 848 2279 (1)
875 2214 1094 2263 Carolum
1116 2215 1356 2279 septimum
1394 2215 1508 2262 ierat
1538 2215 1594 2260 de
1620 2217 1914 2264 matrimonio
1956 2234 1961 2238 ’

150 2282 479 2330 contrahendo.
547 2282 657 2342 Ejus
678 2298 816 2345 opera
836 2279 1052 2344 desponsa
1080 2282 1141 2327 est
1172 2280 1341 2327 Iacobo
1364 2279 1514 2326 Maria
1538 2281 1733 2326 Arnoldi
1767 2281 1915 2329 Ducis

152 2347 360 2396 Geldriae
381 2346 491 2405 ‚filia
511 2364 594 2410 per
622 2359 814 2394 matrem
840 2347 911 2408 (2)
935 2344 1175 2408 Burgundi
1197 2344 1392 2391 sororem
1414 2342 1616 2405 Regium
1638 2360 1781 2407 genus
1805 2361 1915 2392 con-

152 2417 352 2475 tingens.
383 2412 450 2460 Ea
467 2427 588 2458 anno
599 2410 812 2473 proximo
831 2424 1000 2473 magno
1020 2408 1221 2457 virorum
1244 2408 1469 2455 nobilium
1493 2407 1714 2454 comitatu
1737 2408 1783 2454 in
1803 2411 1917 2456 Sco-

152 2475 266 2524 tiam
287 2475 445 2523 venit:
479 2491 532 2537 ac
551 2474 700 2522 mense
723 2474 843 2523 Iulio
864 2475 913 2522 in
947 2475 1072 2521 Fano
1106 2474 1281 2521 Sanetae
1302 2471 1448 2521 cru-cis
1486 2470 1544 2518 ad
1570 2471 1917 2538 ‘Edimburgum

149 2552 364 2589 coronata
385 2542 461 2587 est.

217 2605 403 2655 XXXII
436 2606 573 2652 Hanc
602 2615 696 2652 tam
715 2601 1022 2665 multiplicem
1052 2601 1268 2649 laeticiam
1298 2603 1355 2649 de
1380 2599 1585 2654 viaoria,
1617 2599 1675 2647 de
1705 2617 1833 2664 pace,
1858 2601 1918 2649 de

151 2667 326 2732 nuptiis
349 2666 559 2717 nonnihil
596 2668 798 2715 turbavit
823 2669 893 2730 (3)
933 2665 1154 2714 Richardi
1177 2665 1386 2715 Colvillii
1422 2664 1589 2725 equitis
1623 2681 1719 2711 non
1740 2665 1919 2714 obscuri

151 2750 294 2789 mors,
316 2750 408 2781 non
430 2745 522 2780 tam
545 2732 641 2795 ipsa
657 2732 844 2780 fortaffis
866 2729 1113 2785 immerita,
1139 2731 1278 2790 quam
1301 2729 1483 2794 peffimo
1503 2728 1552 2774 in
1575 2728 1811 2790 publicum
1836 2745 1916 2777 ex-

154 2795 310 2862 emplo
330 2810 603 2862 perpetrata.
670 2796 927 2845 Richardus
948 2795 1073 2845 enim
1109 2797 1180 2860 (4)
1207 2797 1428 2844 Ioannem
1462 2792 1747 2841 Achleccum
1781 2794 1918 2858 Dug-

150 2969 152 2971 ,
210 2935 272 2984 (ι)
299 2939 454 2976 Charles
473 2938 540 2987 7th
560 2938 605 2977 of
626 2939 778 2986 France,
811 2938 857 2977 of
881 2937 1010 2977 whom

158 2989 276 3028 much
296 2990 328 3027 is
346 2991 482 3040 spoken
494 2992 632 3032 before.

212 3042 278 3093 (2)
305 3042 393 3080 The
409 3043 527 3084 dukes
559 3045 605 3085 of
625 3045 827 3095 Burgundy
847 3042 946 3083 were
972 3044 1019 3082 of

157 3095 227 3133 the
244 3095 353 3133 blood
369 3097 469 3145 royal
487 3097 531 3134 of
543 3099 706 3147 France5
726 3099 785 3137 for
803 3098 932 3148 Philip
946 3097 1013 3136 the

158 3147 276 3197 hardy
301 3161 376 3186 was
414 3148 544 3186 second
576 3150 640 3188 son
674 3159 713 3188 to
742 3151 838 3200 king
854 3151 957 3204 John
973 3149 1019 3188 of

156 3201 312 3249 france,
330 3202 402 3243 and
418 3201 493 3240 first
508 3201 608 3241 duke
625 3203 670 3241 of
681 3204 896 3257 Burgundy,
916 3216 1016 3245 anno

159 3265 178 3293 1
212 3265 277 3304 70.

185 3268 282 3357 3(3)
308 3306 419 3346 Laird
450 3306 496 3346 of
520 3307 709 3346 Ochiltrie
740 3308 782 3347 in
798 3311 898 3359 Kyle
919 3324 930 3348 ε
975 3309 1017 3349 in

158 3359 226 3398 the
242 3362 328 3410 days
345 3360 391 3408 of
398 3360 628 3412 king'James
641 3361 706 3398 the
725 3362 807 3414 5th,
826 3363 873 3400 su·
884 3364 1012 3414 James

158 3412 298 3451 Colvin
314 3413 474 3458 married
499 3413 567 3452 the
584 3413 720 3451 heiress
746 3415 797 3452 of·
807 3415 1011 3461 Ochiltrie,

156 3468 232 3504 and
260 3466 458 3505 excambed
474 3465 506 3505 it
539 3466 634 3504 with
651 3466 696 3503 sn·
717 3467 844 3518 James
860 3467 1014 3506 Hamil-

160 3526 243 3568 (οη,
261 3519 400 3561 bastard
417 3518 483 3562 son
498 3527 540 3562 to
557 3517 626 3560 the
639 3518 716 3563 carl
732 3518 778 3560 of
789 3521 928 3568 Ari-an,
958 3519 1018 3560 for

1063 2938 1147 2976 East
1164 2937 1317 2974 Weems
1334 2948 1345 2984 ;
1375 2933 1433 2972 for
1450 2932 1525 2971 this
1543 2932 1589 2970 fir
1617 2932 1745 2985 james
1765 2929 1922 2969 Hamil-

1063 2999 1130 3028 ton
1147 2989 1220 3027 had
1232 2989 1390 3026 married
1574 2992 1577 2995 '
1632 2985 1829 3023 Levinston
1847 2983 1921 3022 he-

1065 3042 1179 3082 retrix
1213 3041 1259 3080 of
1288 3042 1371 3079 East
1397 3042 1552 3078 Weems
1586 3053 1596 3076 2
1641 3037 1843 3076 thereafter
1876 3036 1924 3075 sir

1062 3099 1192 3149 James
1201 3096 1240 3133 H
1244 3094 1400 3132 amilton
1413 3093 1612 3131 excambed
1621 3089 1810 3130 Ochiltrie
1822 3089 1922 3127 with

1066 3149 1146 3188 lord
1163 3149 1328 3186 Andrew
1339 3148 1497 3185 Stewart
1513 3145 1558 3185 of
1567 3143 1761 3183 Avendale
1783 3143 1843 3182 for
1853 3141 1925 3182 the

1067 3201 1225 3251 lordthip
1242 3200 1287 3238 of
1300 3200 1510 3238 Avendale.
1585 3229 1587 3232 .

1124 3253 1190 3304 (4)
1209 3253 1319 3291 Laird
1337 3253 1381 3290 of
1393 3251 1584 3291 Achleck.
1601 3264 1644 3289 or
1661 3246 1922 3300 Auchinleck,

1071 3309 1113 3348 in
1132 3307 1257 3358 Kyle:
1287 3305 1327 3343 in
1340 3305 1407 3345 the
1423 3307 1508 3355 days
1523 3304 1568 3342 of
1579 3304 1676 3353 king
1692 3305 1820 3356 james
1835 3299 1923 3349 4th,

1065 3362 1112 3411 by
1144 3359 1374 3408 recognition
1414 3358 1480 3396 the
1515 3358 1652 3406 barony
1679 3357 1725 3394 of
1744 3351 1923 3393 Achleck

1066 3427 1141 3452 was
1159 3413 1278 3452 seized
1296 3412 1336 3450 in
1353 3410 1419 3449 the
1437 3410 1563 3459 king’s
1581 3409 1711 3456 hands,
1730 3408 1818 3447 who
1831 3415 1921 3452 gave

1066 3466 1135 3505 the
1151 3466 1224 3515 gift
1240 3463 1392 3504 thereof
1409 3472 1449 3501 to
1462 3463 1633 3501 Thomas
1649 3458 1822 3504 Boswen,
1835 3456 1923 3494 bro-

1068 3519 1155 3565 ther
1166 3528 1206 3561 to
1223 3517 1290 3563 the
1305 3516 1400 3562 laixd
1416 3516 1462 3559 of
1474 3516 1651 3558 Balmuto
1670 3528 1686 3567 3
1711 3511 1777 3554 the
1794 3512 1866 3550 rest
1881 3507 1929 3546 of

1823 3608 1935 3663 lami
