2025 3831
1604 130 1611 156 l

294 203 594 271 Lmen
688 196 1576 271 DECIMUSQUARTUS.
1725 215 1860 282 405

14 319 22 359 l
104 314 172 352 ter
186 299 404 348 violentia
426 295 700 360 tempestatis
723 295 892 350 afflicti,
919 308 968 342 ut
989 312 1015 341 a
1038 292 1194 357 paucis
1215 292 1444 356 equitibus
1467 291 1666 338 maximo
1690 293 1860 342 damno

106 364 238 414 facile
255 364 371 409 affici
395 363 579 423 possent.
649 361 702 406 In
726 359 924 407 comitiis
942 377 1075 422 aqua,
1097 365 1136 405 &
1155 356 1254 421 igni
1275 355 1566 404 interdictum
1589 355 1677 401 fuit
1699 359 1867 406 Comi.

16 367 21 482 l
65 446 72 451 ¹
103 431 136 476 ti
163 428 439 490 Angusiano,
459 423 667 488 Georgio
691 424 835 479 fratri,
856 424 1106 470 Arcibaldo
1129 435 1305 486 patruo,
1330 432 1548 483 praeterca
1572 421 1641 481 (1)
1661 422 1862 470 Alexan-

14 499 18 552 l
47 496 63 502 '‘
103 495 186 540 dro
201 490 454 540 Drumanio
475 490 746 536 Carnocenfi
770 504 926 536 eorum
947 487 1111 534 intimo
1134 487 1283 533 amico
1307 503 1321 532 t
1342 485 1460 532 bona
1481 500 1638 532 eorum
1657 483 1759 532 fisco
1782 489 1863 535 ad..

12 553 17 624 i
99 557 317 618 judicata.
387 554 629 614 Adjeetum
652 570 810 599 eorum
834 551 1207 599 condemnationi
1228 552 1445 606 edictum,
1465 566 1559 613 quo
1572 548 1653 611 qui
1675 566 1751 595 eos
1768 565 1863 598 tec·
1931 582 1935 590 -

19 673 21 675 ,
96 635 152 680 ,to
171 620 415 682 recepisset,
444 635 577 681 aqua,
598 618 714 680 igni,
749 618 892 663 aliave
913 633 1000 679 ope
1017 614 1213 676 juvisset,
1238 616 1387 663 eidem
1411 630 1560 678 poenae
1581 613 1866 675 obnoxiiju.

103 684 325 732 dicantur.
394 682 602 729 Maxime
635 681 692 726 ad
726 698 802 728 eos
826 680 1107 727 damnandos
1130 679 1336 727 homines
1372 677 1592 726 commoti
1627 691 1861 739 putantur,

103 749 226 810 quod
263 749 364 794 Rex
388 747 686 809 jurejurando
718 746 976 799 affirmavit,
1011 744 1072 798 se,
1095 744 1299 807 quandiu
1321 744 1445 806 apud
1470 741 1728 806 Duglassios
1756 742 1863 799 fuit,

95 812 273 874 semper
293 812 398 859 vitae
423 811 508 860 suae
532 810 723 857 timuisse
749 828 759 856 :
793 827 991 872 eumque
1027 809 1235 855 timorem
1262 809 1359 871 post
1382 808 1578 871 Georgii
1615 807 1758 854 minas
1782 825 1866 856 vem

97 876 353 923 hementius
376 879 558 922 austum
581 873 853 922 affeveraxit.
897 874 1032 922 Unus
1054 872 1101 919 in
1125 872 1212 920 hoc
1233 873 1422 920 consilio
1443 875 1513 934 (2)
1531 874 1723 918 Ioannes
1748 875 1867 920 Ban-

34 944 42 954 '
101 942 280 989 narinus
303 942 362 987 est
382 941 593 986 inventus
617 939 954 1002 Deglassiorum
977 938 1136 992 cliens,
1161 938 1241 999 qui
1263 937 1447 1000 publice
1473 938 1701 997 protestari
1723 939 1867 985 aude-

100 1017 185 1057 ret,
211 1005 325 1050 nihil
351 1019 655 1066 eorumsquae
678 1016 774 1050 tum
798 1015 1039 1066 agerentur
1063 1002 1237 1048 Comiti
1257 1001 1406 1048 fraudi
1427 1003 1511 1048 effe
1527 1001 1693 1049 debere
1715 1020 1725 1048 ε
1758 1004 1863 1050 cum

93 1068 198 1132 justi
218 1069 258 1114 ei
283 1084 428 1116 metus
450 1069 581 1115 causa
602 1070 722 1123 esset,
747 1085 828 1114 cur
849 1069 904 1114 ad
929 1067 1099 1113 dietum
1123 1067 1243 1113 diem
1270 1083 1360 1113 non
1384 1066 1635 1113 adveniret.
1703 1068 1864 1115 Paucis

100 1134 195 1196 post
219 1133 378 1180 diebus
413 1135 527 1179 alter
549 1133 748 1179 Comitis
782 1131 919 1179 frater
953 1132 1218 1178 Gulielmus
1254 1131 1411 1177 Abbas
1447 1130 1665 1177 Coenobii
1689 1133 1864 1180 Sanitae

102 1198 246 1244 crucis
271 1199 432 1243 morbo
454 1198 603 1250 simul,
645 1201 689 1242 <k
721 1197 863 1243 animi
892 1196 1136 1250 anxietate,
1161 1200 1211 1245 ὅτ
1233 1212 1381 1242 rerum
1415 1195 1700 1258 praesentium
1727 1197 1866 1243 taedio

98 1263 160 1307 est
176 1262 417 1309 extinistus.
488 1262 803 1308 Sacerdotium
826 1261 921 1322 ejus
942 1261 1168 1307 Robertus
1193 1259 1513 1307 Carnicrucius
1536 1259 1676 1306 homo
1699 1260 1867 1308 humili

97 1326 201 1373 loco
224 1340 371 1382 natus,
414 1326 489 1373 sed
509 1325 776 1387 pecuniosus
799 1343 826 1371 a
847 1328 975 1388 Rege
1000 1337 1096 1371 tum
1119 1341 1144 1369 a
1166 1323 1369 1387 pecuniis
1393 1323 1520 1387 inopi
1542 1325 1754 1378 redemit,
1780 1343 1863 1372 no'·

98 1407 158 1435 vo
190 1407 355 1454 genere
378 1390 548 1442 fraudis
584 1388 704 1436 elusa
726 1392 828 1454 lege
849 1389 1063 1443 ambitus,
1099 1404 1203 1450 quae
1228 1388 1475 1435 sacerdotia
1511 1388 1666 1435 venire
1698 1402 1823 1436 vetat
1842 1409 1860 1439 ε

96 1454 330 1516 sponsione
354 1455 524 1502 scilicet
540 1455 701 1509 vicus,
725 1472 815 1517 qua
838 1471 1003 1517 magna
1021 1453 1216 1515 pecunia
1234 1453 1436 1515 deposita
1457 1454 1754 1501 contenderat
1769 1456 1865 1501 Re-

96 1535 203 1582 gem
229 1537 318 1565 non
339 1520 442 1566 eum
464 1520 674 1581 proximo
697 1519 945 1565 sacerdotio
962 1534 1107 1564 vacuo
1130 1519 1422 1564 donaturum.

161 1585 386 1630 XXXVI.
422 1583 645 1646 Duglassii
668 1597 766 1630 tum
786 1584 969 1631 demum
986 1582 1114 1629 omni
1132 1581 1278 1628 veniae
1297 1582 1595 1645 impetrandae
1615 1582 1689 1645 spe
1712 1583 1866 1644 abjec-

96 1658 142 1694 ta
163 1649 220 1693 ad
258 1648 350 1694 vim
375 1662 596 1710 apertam,
628 1651 677 1696 δε
698 1647 914 1694 νίηάῑᾶεε
944 1646 1152 1693 solatium
1185 1662 1241 1692 ex
1271 1646 1568 1693 inimicorum
1606 1648 1866 1696 calamitate

16 1723 22 1737 ¹
95 1713 312 1765 conversi,
351 1713 523 1775 praedia
546 1729 718 1758 eorum
740 1712 868 1759 omni
890 1728 1055 1774 genere
1079 1709 1291 1758 molestiae
1312 1712 1556 1758 vexabant.
1626 1713 1882 1774 Cossandif

95 1791 187 1830 am,
230 1782 268 1822 Sc
293 1778 593 1824 Cranstonum
626 1776 749 1822 vicos
774 1790 1031 1823 cremarunt
1057 1795 1067 1821 :
1113 1780 1161 1824 ὅ(
1191 1775 1399 1837 quotidie
1424 1777 1563 1839 portis
1586 1777 1864 1840 Edimburgi

94 1839 159 1886 ita
181 1841 528 1903 obequitabant,
555 1855 604 1887 ut
629 1842 731 1887 urbs
756 1858 898 1904 prope
921 1841 1086 1887 obsessa
1119 1840 1351 1886 videretur
1378 1859 1389 1886 ε
1420 1854 1557 1904 atque
1581 1842 1747 1888 delicta
1781 1860 1865 1905 po-

94 1905 342 1952 tentiorum
358 1907 523 1968 vulgus
546 1905 786 1951 innoxium
811 1908 974 1952 lueret.
1042 1908 1164 1952 Inter
1187 1905 1282 1955 haec
1305 1905 1361 1950 ad
1386 1906 1680 1954 undecimum
1693 1907 1864 1955 Calen-

99 1969 177 2014 das
197 1969 490 2024 Decembris,
530 1969 598 2032 (3)
638 1970 841 2016 Martina
858 1969 1092 2034 navigium
1117 1986 1170 2030 ea
1191 1983 1321 2015 aetate
1340 1971 1495 2017 nobile
1517 1971 1727 2033 preciosis
1749 1988 1867 2020 mer-

70 2040 75 2046 '
96 2033 226 2079 cibus
249 2051 305 2080 on
316 2036 405 2081 usta
428 2035 484 2081 ad
506 2036 814 2082 Ennervicum
845 2037 890 2082 vi
914 2034 1188 2098 tempestatis
1211 2033 1258 2079 in
1281 2034 1389 2080 litus
1412 2034 1622 2098 impegit.
1691 2037 1867 2086 Merci-

96 2110 172 2144 um
194 2115 295 2159 pars
319 2099 662 2162 aDugla'ffi'anis
686 2099 920 2162 equitibus
935 2100 979 2145 iu
1005 2117 1058 2146 ea
1071 2098 1258 2162 regione
1280 2099 1407 2162 vagis
1430 2102 1490 2146 est
1502 2102 1695 2164 direpta.
1735 2104 1866 2150 Reli-

94 2178 238 2222 quum
262 2164 340 2209 etsi
364 2163 512 2209 rustici
535 2163 798 2210 sustulissent
821 2177 944 2211 tanta
966 2165 1253 2228 ignoratione
1275 2163 1434 2226 precii,
1473 2178 1522 2212 ut
1552 2167 1868 2217 cinamomum

92 2239 310 2288 tanquam
334 2227 437 2273 vilis
456 2239 611 2273 cortex
630 2229 685 2273 ad
706 2227 827 2292 ignis
853 2229 978 2275 usum
998 2228 1256 2276 distractum
1280 2229 1384 2275 esset
1407 2247 1417 2275 2
1452 2242 1548 2277 tota
1570 2245 1719 2280 tamen
1741 2232 1865 2281 invi·

92 2289 171 2336 dia
193 2292 238 2336 in
263 2292 578 2355 Duglaflianos
601 2291 723 2339 versa
744 2295 820 2339 est.
890 2294 994 2340 Hac
1023 2309 1171 2339 rerum
1197 2293 1556 2342 commutatione
1586 2296 1704 2346 facta
1726 2301 1867 2346 latro.

93 2371 190 2408 nes,
216 2355 296 2418 qui
316 2357 410 2417 jam
436 2356 515 2403 diu
539 2370 664 2403 metu
687 2374 713 2404 a
740 2357 973 2404 maleficiis
996 2357 1367 2412 continebantur,
1391 2375 1415 2404 e
1439 2361 1624 2408 latebris
1647 2390 1658 2408 1
1686 2364 1733 2411 is
1757 2380 1866 2426 pro·

8 2458 26 2485 b.
93 2418 283 2466 deuntes
322 2436 480 2467 omnes
503 2424 715 2483 regiones
738 2421 908 2469 vicinas
941 2421 1274 2469 incursionibus
1295 2422 1475 2470 infestas
1498 2425 1728 2475 habebant
1754 2446 1767 2476 t
1814 2433 1871 2487 ὅς

48 2527 60 2550 ,χ
92 2484 284 2545 quanvis
309 2496 334 2530 a
355 2485 511 2532 multis
536 2486 658 2532 varia
679 2485 883 2535 facinora
904 2486 1057 2549 paffim
1080 2487 1339 2541 ederentur,
1364 2488 1519 2535 omnia
1541 2492 1748 2540 omnium
1770 2494 1866 2540 fur-

98 2559 161 2602 ta,
188 2554 227 2594 &
251 2549 396 2596 caedes
419 2551 476 2596 ab
498 2549 675 2605 aulicis,
696 2550 777 2614 qui
796 2550 837 2596 se
859 2551 981 2615 Regi
1002 2552 1087 2598 hac
1109 2568 1156 2598 re
1179 2550 1509 2614 gratifi-caturos
1530 2555 1865 2614 existimabant,

91 2609 139 2657 in
163 2612 424 2676 Duglaffios.
441 2614 774 2672 referebantur,
809 2627 859 2663 ut
879 2632 1049 2664 nomen
1072 2615 1249 2680 alioqui
1268 2619 1490 2680 populare
1524 2621 1581 2667 ad
1603 2623 1770 2687 vulgus
1793 2623 1864 2671 in-

51 2694 55 2697 ’
79 2674 312 2730 ινὶᾶὶοῐιιιῐι
332 2680 454 2726 esset.
1147 2700 1152 2703 “

153 2741 420 2790 XXXVII:
442 2742 741 2806 ineuntejam.
758 2743 915 2796 hieme
932 2747 1052 2799 Rex,
1072 2760 1130 2790 ne
1149 2744 1253 2807 quis
1276 2745 1382 2794 esset
1404 2748 1614 2797 exulibus
1635 2765 1864 2816 receptus,

22 2854 32 2862 ἣ
87 2803 146 2850 ad
169 2805 498 2855 Tentallonem
533 2824 683 2856 arcem
707 2809 1051 2872 Duglassiorum
1091 2810 1369 2859 maritimam
1398 2813 1695 2863 obsidendam
1725 2819 1866 2880 profi-

87 2867 284 2915 ciscitur.
337 2872 390 2918 Id
409 2889 502 2936 quo
520 2872 696 2920 minore
716 2874 895 2928 labore,
915 2881 955 2922 δι
975 2874 1213 2936 impendio
1237 2874 1419 2931 faceret,
1447 2878 1677 2927 machin'as
1700 2899 1864 2937 aeneas,

23 2945 52 2980 .·
88 2937 130 2979 &
149 2935 384 2996 pulverem
407 2953 432 2983 e
450 2936 699 2992 Dumbaro„
710 2938 904 3002 accepit.
972 2940 1040 2986 Ea
1060 2955 1139 2985 arx
1156 2956 1182 2986 a
1202 2940 1483 2989 Tentallone
1501 2940 1742 2994 sex‘millia
1767 2948 1874 3011 pas·

10 631 15 749 l

6 752 12 896 ί,ἰ

87 3112 99 3121 .
140 3060 204 3120 (1)
233 3063 692 3121 AlexanderDrummond
712 3068 939 3108 ofCarnock
998 3068 1090 3119 19th
1109 3069 1155 3107 of
1182 3069 1241 3107 his
1274 3071 1377 3121 reign
1410 3073 1477 3111 the
1512 3075 1609 3125 27111
1628 3091 1726 3126 year,
1753 3076 1869 3124 bears,

87 3126 127 3151 in
148 3114 303 3161 Stirling
321 3117 426 3165 ffiire,
447 3121 511 3157 the
530 3123 602 3159 earl
622 3122 666 3159 of
680 3123 844 3170 Augus-'s
858 3137 940 3160 mo-
995 3123 1086 3159 that
1104 3123 1154 3160 he
1172 3123 1310 3172 having
1329 3125 1455 3164 caused
1476 3130 1641 3167 Andr-ew
1660 3132 1749 3168 Bul<
1766 3131 1845 3169 skio
1863 3153 1869 3160 -

87 3166 172 3204 ther
190 3180 263 3203 was
284 3168 346 3206 the
367 3171 444 3209 lord
458 3173 728 3212 Drummond's
747 3177 939 3224 daughter.
996 3190 1060 3225 per
1081 3176 1126 3214 of
1146 3177 1213 3214 the
1229 3178 1383 3219 Nicolas
1411 3181 1457 3217 of
1471 3183 1689 3229 Aberdeen,
1731 3188 1802 3222 and
1821 3171 1865 3222 o-

88 3270 100 3279 ·
141 3220 201 3269 (2)
221 3219 324 3271 John
344 3223 560 3283 Bannatyne
577 3229 677 3264 tu'tor
696 3229 942 3266 ofCorhouse
998 3229 1083 3266 ther
1119 3229 1352 3270 inhabitants
1388 3234 1434 3271 of
1467 3236 1680 3284 Aberdeen,
1717 3248 1754 3276 to
1789 3239 1867 3288 pass

87 3284 128 3308 m
146 3273 351 3321 Clydsdale,
370 3285 472 3323 great
482 3279 718 3325 grandfather
733 3289 773 3319 to
787 3295 850 3332 my
864 3283 943 3320 lord
997 3282 1095 3319 with
1115 3282 1198 3320 him
1219 3284 1259 3320 in
1277 3284 1336 3322 his
1358 3284 1491 3325 service
1521 3289 1704 3340 presently
1726 3292 1763 3329 in
1800 3291 1867 3328 the

88 3324 282 3364 Newhall.
405 3380 413 3389 ο
1000 3335 1095 3381 isses,
1115 3336 1210 3374 with
1232 3337 1298 3374 the
1318 3339 1394 3390 ffiip
1424 3342 1543 3380 called
1578 3343 1643 3381 the
1680 3344 1865 3389 Martiae,

50 3403 55 3409 -
93 3398 95 3400 ·
141 3377 204 3438 (3.)
233 3392 298 3428 27.
320 3381 430 3430 April
464 3393 579 3441 15-40.
634 3385 729 3423 War
747 3387 823 3438 ship
841 3397 881 3426 to
900 3388 946 3426 be
1000 3402 1050 3425 no
1070 3389 1147 3439 ihip
1166 3389 1359 3429 therefore
1371 3401 1410 3430 to
1440 3394 1482 3432 be
1501 3397 1583 3433 load
1617 3397 1678 3434 till
1706 3398 1770 3434 the
1791 3398 1865 3441 said

90 3427 276 3470 furmr'hed
313 3443 349 3470 at
374 3433 438 3471 the
472 3435 598 3484 king's
632 3444 843 3480 command.
881 3454 944 3494 ¹5·
1001 3437 1157 3480 Nicolas
1177 3444 1220 3480 be
1241 3444 1318 3483 first
1332 3445 1470 3492 served,
1488 3452 1559 3486 and
1574 3463 1620 3486 no
1636 3450 1810 3498 strangers
1826 3458 1866 3487 to

22 3504 25 3505 ν
93 3479 198 3532 May,
215 3493 392 3536 expences
423 3487 469 3524 of
494 3487 566 3526 said
586 3489 662 3539 ship
681 3498 720 3528 to
738 3491 782 3529 be
813 3493 891 3533 sent
909 3505 948 3532 to
1004 3495 1046 3534 be
1063 3497 1163 3543 lead,
1185 3496 1245 3535 till
1275 3497 1341 3535 the
1359 3512 1555 3540 ornament
1575 3503 1619 3540 of
1633 3501 1697 3539 the
1716 3503 1811 3553 ships
1826 3504 1872 3541 of

87 3534 153 3580 the
171 3538 263 3586 king
281 3540 376 3578 with
405 3540 470 3577 the
490 3553 511 3577 2
519 3556 542 3601 5.
556 3555 644 3579 men
663 3543 693 3579 it
728 3545 880 3585 exte'nds
908 3555 948 3585 to
1001 3548 1069 3586 the
1086 3557 1189 3588 town
1210 3551 1252 3590 be
1270 3552 1349 3591 first
1364 3553 1512 3605 ssaykit.
1567 3556 1731 3594 Records
1748 3557 1792 3596 of
1806 3559 1867 3595 A·
1939 3601 1941 3603 r

91 3600 167 3637 500
186 3591 326 3631 merks.
382 3593 470 3630 The
501 3594 629 3643 kmg's
662 3596 774 3634 letter
807 3606 849 3635 to
883 3600 948 3637 the
1002 3597 1174 3647 berdeen.
1927 3614 1930 3617 ’

87 3647 202 3694 town,
236 3646 347 3686 dated
374 3646 568 3687 Kirkwall
599 3648 640 3688 iu
659 3648 823 3705 Orkney
845 3653 949 3705 june

1807 3746 1881 3800 su,
