1992 3801
120 138 252 219 53:76
462 142 827 208 RERUM
917 138 1610 210 58οΤ101111οΜ

115 240 173 293 de
196 252 282 286 caet
287 236 371 286 eris
398 250 448 287 ut
468 243 627 303 sponte
649 236 867 286 secuturis
887 251 1015 285 erant
1039 238 1196 286 securi.
1265 241 1442 290 Contra
1463 258 1592 296 vero,
1616 240 1697 305 qui
1719 258 1744 290 a
1767 241 1896 308 Rege

115 303 312 359 stabant,
332 320 484 352 unum
493 305 540 352 id
566 303 804 351 studebant
827 303 1045 357 maxime,
1075 316 1123 350 ut
1144 320 1321 352 moram
1342 306 1514 369 nuptiis
1537 308 1762 354 afferrent.
1819 310 1899 355 In-

115 380 240 414 terea
260 368 406 415 multa
427 370 614 417 consilia
637 368 818 415 occulta
852 367 994 430 spatio
1015 368 1284 442 interpofito
1309 382 1543 434 eruptura,
1576 377 1619 418 &
1651 371 1900 433 conjurati·
1929 427 1934 431 Ι

116 448 251 478 onem
280 433 496 480 consensu
519 436 702 496 Regum
725 432 964 478 amborum
990 431 1193 495 opprimi
1215 434 1353 494 posse.

158 497 332 544 XLV.
372 500 422 545 In
448 500 537 545 hoc
561 513 709 543 rerum
735 497 864 550 statu,
893 497 1078 543 decreto
1101 497 1278 544 confiiii
1302 498 1469 546 Scotici
1493 500 1551 546 ad
1574 499 1774 564 Anglam
1798 502 1900 561 per·
1982 547 1983 550 ,

113 536 229 616 iate,
252 578 314 608 ea
323 564 464 634 quod
475 579 557 608 nec
581 560 683 607 satis
708 560 877 607 factum
900 561 980 607 fibi
1004 578 1061 607 eo
1083 563 1301 624 responso
1313 563 1501 618 diceret,
1525 564 1660 628 &qui
1653 542 1830 610 omissus
1851 580 1900 609 e·
1954 590 1957 591 ν

117 638 188 672 rat
211 642 304 672 non
327 626 428 673 satis
451 626 670 673 idoneum
695 624 860 680 videri,
885 639 989 675 cum
1016 643 1107 689 quo
1132 628 1190 673 de
1215 627 1348 674 tantis
1372 629 1505 674 rebus
1528 640 1620 675 tam
1646 627 1899 692 periculoso

115 702 327 753 tempore
350 692 536 738 consilia
558 689 803 742 conferret,
828 690 1025 752 amplius
1049 690 1140 736 de
1129 690 1184 737 iis
1203 692 1338 738 rebus
1361 692 1542 740 edoceri
1566 694 1774 754 postulat.
1853 695 1902 740 I·

119 768 261 819 taque
284 756 398 800 iteri
408 767 448 800 m
474 772 556 800 con
566 767 704 799 ventu
729 770 969 816 procerum
996 755 1181 802 Sterlini
1199 752 1359 803 'habito
1381 757 1475 813 res-p
1468 757 1658 811 onsum,
1694 766 1728 786 “
1752 760 1809 805 de
1829 759 1902 804 ul-

118 820 241 864 timo
264 819 545 881 superiorum
571 818 781 880 petition
775 835 846 864 1111
871 818 1027 881 capite
1041 821 1162 881 poffe
1184 820 1529 867 conditionibus
1549 820 1751 884 transigi.
1819 824 1902 868 Se·

114 885 251 930 eund·
245 900 317 930 lm
342 900 448 928 vero
475 884 563 929 tale
598 883 701 937 effe,
739 895 787 929 ut
811 884 902 929 fine
926 884 1100 930 summo
1122 883 1285 930 scelere
1308 885 1365 930 de
1382 897 1444 930 ‘eo
1465 884 1707 930 consultari
1727 895 1902 948 neque·

117 963 200 994 nt:
234 949 405 1009 quippe
445 949 572 1009 quod
609 964 699 993 non
730 948 1029 994 imminueret
1053 950 1208 998 modo,
1245 947 1320 995 sed
1340 947 1532 994 omnino
1556 949 1737 995 tolleret
1758 951 1900 1012 Regia

116 1030 156 1058 a
161 1016 449 1058 130111318111.
518 1013 644 1059 him
664 1025 968 1074 praeterquam
993 1011 1122 1074 quod
1147 1013 1296 1059 omnis
1319 1011 1451 1075 regni
1487 1011 1672 1058 societas
1695 1014 1756 1058 est
1781 1013 1902 1060 caeri-

117 1077 284 1128 culnia
309 1093 445 1137 quam
471 1078 656 1123 tande-m
679 1093 856 1138 aequam
884 1075 1144 1139 imperandi
1166 1076 1481 1124 ¹conditionem
1514 1075 1619 1123 fore
1634 1091 1778 1138 puero
1799 1078 1904 1124 vix-

117 1141 259 1186 dum
249 1141 489 1188 infantiam
514 1143 684 1204 egresso
707 1158 761 1186 cu
770 1158 814 1187 m
837 1142 1027 1188 muliere
1050 1140 1252 1188 florentis
1274 1153 1379 1188 aetat
1383 1141 1436 1195 is,
1464 1142 1903 1196 naturatallida,&
1860 1148 1903 1190 8³

117 1204 382 1251 varietatem
409 1206 605 1252 fortunae
625 1218 815 1278 experta
836 1209 853 1251 ?
887 1222 993 1267 quae
1018 1205 1097 1254 ubi
1121 1205 1291 1253 semel
1281 1223 1326 1252 m
1346 1219 1521 1269 partem
1546 1204 1906 1253 administratio-

118 1270 191 1316 nis
211 1269 409 1332 publicae
432 1269 685 1333 irrepserit,
705 1271 777 1316 vel
798 1270 1005 1316 factionis
1029 1270 1126 1331 ejus
1148 1270 1341 1325 viribus,
1368 1284 1472 1334 quae
1503 1271 1688 1317 decreto
1712 1271 1902 1334 publico

117 1351 142 1380 a
165 1350 312 1381 rerum
341 1335 658 1396 gubernaculo
678 1348 900 1381 remotam
926 1351 1017 1381 non
1016 1335 1277 1405 precibUS,
1292 1335 1366 1381 sed
1389 1334 1528 1381 minis
1549 1351 1648 1381 eam
1669 1335 1813 1381 studet
1831 1352 1906 1382 re-

119 1399 164 1447 sti
175 1412 315 1452 tuere
337 1402 405 1445 vel
429 1414 656 1462 corruptis
683 1398 860 1463 Regis
845 1397 1069 1472 inimicis,
1089 1400 1164 1446 vei
1182 1400 1425 1463 peregrino
1445 1399 1609 1453 milite,
1625 1416 1762 1462 quem
1780 1411 1902 1446 nunc

116 1464 315 1510 seduioa
297 1465 526 1519 accersit,
514 1477 576 1514 „ot
582 1481 651 1510 am
673 1463 859 1527 imperii
879 1464 975 1510 vim
994 1464 1040 1510 in
1061 1464 1101 1511 se
1120 1463 1255 1511 facile
1279 1463 1457 1512 trahere
1481 1463 1647 1539 possit.
1639 1468 1654 1498 ¹³
1688 1477 1766 1511 aut
1782 1480 1906 1526 quo·

118 1529 260 1574 modo
295 1528 493 1590 patietur
515 1529 737 1576 infantem
771 1528 851 1575 fibi
876 1527 1064 1592 aequari,
1105 1546 1209 1592 quae
1233 1528 1448 1575 maritum
1472 1545 1563 1574 non
1590 1528 1779 1576 tulerit.
1771 1532 1786 1563 Ρ
1822 1529 1905 1577 ad·-

117 1592 217 1640 11338
240 1593 267 1638 fi
293 1594 417 1639 homi
425 1594 485 1639 ni
494 1592 634 1640 alicui
657 1593 843 1657 potenti
877 1594 1022 1656 (quod
1061 1608 1182 1639 nunc
1207 1594 1406 1640 maxime
1430 1594 1716 1652 tractaretur)
1758 1594 1905 1640 nube-

119 1670 207 1712 ret,
229 1657 475 1719 duplicatis
502 1656 706 1721 Reginae
730 1658 922 1713 viribus,
947 1663 986 1704 &
1010 1658 1174 1704 marito
1198 1658 1299 1719 ejus
1321 1660 1469 1720 (quod
1491 1658 1663 1705 neceffe
1684 1657 1867 1717 foret)
1854 1675 1904 1705 m
1969 1685 1977 1689 -

119 1737 199 1783 pax
205 1735 295 1769 tem
318 1722 500 1784 imperii
523 1735 730 1785 accepto,
756 1726 804 1771 &
837 1739 892 1769 eo
918 1720 1099 1777 maritO,
1123 1722 1205 1784 qui
1241 1738 1334 1768 non
1368 1723 1567 1768 libenter
1589 1735 1820 1783 pateretur
1845 1722 1905 1769 li-

120 1788 252 1833 beros
276 1787 376 1833 suos
398 1804 423 1833 a
442 1788 658 1850 privigno
681 1787 726 1834 in
747 1788 1007 1850 poffesfione
1039 1787 1171 1850 regni
1194 1785 1399 1833 anteiri?
1423 1798 1559 1849 quam
1587 1786 1717 1847 pueri
1743 1786 1907 1834 condi·

125 1851 298 1897 tionem
323 1853 420 1897 fore
445 1855 462 1898 ?
506 1853 620 1914 quid
656 1853 687 1898 fi
710 1852 807 1912 ejus
832 1851 969 1897 amici
997 1854 1069 1912 (ut
1092 1851 1152 1898 est
1173 1851 1415 1898 hominum
1439 1851 1761 1923 inconstantia)
1787 1867 1907 1913 prae-

118 1914 288 1962 sentem
313 1917 608 1979 largitionem
631 1916 799 1963 futurae
823 1915 1236 1988 speianteferentes
1254 1920 1312 1962 ad
1332 1915 1657 1977 potentiorum
1651 1909 1843 1962 cultum
1865 1914 1906 1962 se

120 1982 359 2037 conserant
386 1984 402 2025 ?
436 1981 503 2027 ibi
541 1980 655 2044 quid
679 1997 821 2043 puero
844 1998 890 2027 111
915 1980 1183 2035 secundum,
1226 1996 1280 2027 ac
1315 1994 1424 2026 mox
1454 1978 1504 2026 in
1542 1979 1727 2026 tertium
1749 1980 1905 2027 locum

118 2046 299 2092 detruso
325 2059 488 2107 praeter
520 2045 830 2118 praecipitium
855 2044 1091 2109 superest?
1127 2056 1290 2091 caetera
1310 2045 1353 2091 se
1376 2043 1527 2092 tacitis
1546 2043 1906 2118 cogitationibus

116 2109 200 2156 reli
188 2127 394 2173 inquere,
434 2127 575 2172 quam
615 2109 811 2157 ominar1
833 2112 988 2164 malle,
1023 2108 1138 2172 quid
1166 2108 1363 2156 mulier
1352 2122 1484 2164 trata,
1521 2107 1732 2155 viribus
1721 2108 1906 2171 rmperii

117 2173 251 2229 freta,
274 2175 606 2237 impotentibus
640 2174 973 2221 avunculorum
995 2173 1198 2220 consiliis
1238 2173 1470 2228 instructa,
1510 2171 1870 2220 crudelitatem*
1857 2189 1908 2221 m
1952 2191 1961 2201 ι

120 2238 223 2286 viro
245 2253 446 2303 experta,
475 2247 514 2287 Sc
538 2239 679 2286 exilio
702 2238 1006 2287 exacerbata'
994 2255 1042 2284 111
1067 2254 1210 2312 puero
1231 2237 1448 2285 omnibus
1473 2251 1661 2291 naturae,
1686 2239 1737 2286 &
1759 2238 1908 2285 fortu-

118 2321 191 2351 nae
208 2304 428 2367 praelidiis
462 2306 652 2358 nudato,
689 2307 738 2352 &c
773 2304 903 2350 velut
920 2302 1012 2350 ad
999 2319 1081 2349 1rae
1103 2302 1335 2365 piaculum
1360 2303 1568 2365 expolito
1591 2302 1711 2348 foret
1731 2302 1905 2349 ausura·-

118 2371 237 2430 Qae
260 2369 354 2415 vita
375 2385 503 2440 pueri
489 2370 698 2415 amicos
722 2381 943 2423 maneret,
979 2385 1006 2414 a
1026 2366 1197 2430 quibus
1231 2366 1486 2429 graviffime
1507 2366 1549 2413 se
1573 2365 1724 2412 laesam
1756 2366 1908 2414 existi-

118 2436 305 2480 maret?
336 2450 597 2497 qu13‚cum
619 2433 733 2479 iram
769 2432 1076 2496 superioribus
1115 2432 1401 2494 temporibus
1425 2443 1551 2477 metu
1575 2430 1804 2477 occultam
1826 2447 1911 2478 ex-

117 2512 368 2560 promeret,
395 2496 631 2571 religionis
655 2499 790 2544 status
813 2498 920 2544 effet
941 2497 1122 2544 futurus
1150 2500 1168 2543 ἓ
1204 2495 1452 2559 praesertim
1469 2495 1566 2556 ejus
1584 2495 1907 2543 crudelitatem

118 2575 327 2610 innatam
341 2576 563 2610 incitante
587 2575 709 2608 notae
731 2561 954 2635 superbiae
979 2563 1141 2608 marito
1179 2560 1364 2633 :quam
1388 2559 1523 2606 facile
1551 2559 1626 2606 vel
1659 2574 1805 2621 puero
1826 2577 1909 2607 ex-

120 2626 267 2675 tinCto
287 2627 444 2682 amici,
468 2627 541 2673 vel
568 2643 682 2690 puer
704 2628 957 2673 amicorum
981 2624 1172 2672 interitu
1191 2627 1246 2672 ad
1267 2624 1560 2672 iolitudinem
1579 2623 1786 2672 redactus
1805 2625 1911 2672 sub-

118 2691 236 2766 verti
265 2694 407 2754 posset
432 2696 449 2738 ?
484 2692 554 2738 his
576 2692 635 2738 de
657 2691 798 2738 causis
820 2690 1053 2755 Reginam
1087 2689 1136 2736 in
1158 2701 1333 2752 partem
1353 2689 1539 2750 imperii
1558 2689 1649 2735 fine
1670 2702 1794 2736 certa
1814 2690 1910 2736 Re-

118 2756 193 2820 gis
219 2757 424 2830 pernicie
447 2756 606 2803 assumi
638 2772 730 2803 non
756 2756 894 2817 poss‘e.
962 2755 1083 2803 Haec
1104 2770 1212 2801 cum
1235 2753 1299 2802 ita
1319 2753 1363 2801 se
1384 2752 1603 2808 habeant,
1639 2752 1760 2800 nihil
1792 2768 1908 2818 opus

115 2822 202 2869 effe
224 2822 281 2868 de
305 2822 455 2884 primo
471 2823 622 2894 capite
644 2820 853 2883 pluribus
863 2819 999 2894 agi.”

181 2887 360 2933 XLVI.
395 2887 514 2934 Haec
535 2885 616 2948 qui
639 2885 873 2933 deferret
860 2902 908 2932 m
934 2884 1154 2948 Angliam
1177 2882 1240 2930 est
1266 2880 1417 2930 miffus
1444 2883 1517 2954 (1)
1550 2880 1781 2930 Robertus
1801 2881 1910 2931 Pet-

116 2951 319 3004 carnius,
343 2951 485 2998 homo
508 2967 599 2996 non
620 2949 808 2996 minoris
827 2949 1023 3001 consilii,
1043 2964 1182 3012 quam
1207 2946 1331 2994 fidei.
1400 2946 1479 2993 Is
1466 2963 1515 2994 m
1537 2946 1634 3010 ipso
1657 2947 1773 2994 adeo
1793 2956 1912 2994 tem·

117 3031 234 3078 pore
251 3014 298 3060 in
320 3016 471 3062 aulam
501 3014 704 3069 advenit,
728 3013 1046 3074 conjuratione
1079 3013 1139 3065 de
1171 3025 1365 3075 utroque
1386 3027 1530 3085 regno
1553 3013 1676 3058 caefis
1699 3011 1911 3083 Regibus

117 3079 394 3141 occupando
427 3080 573 3142 palam
599 3080 852 3141 explorata,
890 3084 931 3126 &
955 3075 1211 3141 divulgata.
1280 3077 1391 3138 Ejus
1413 3075 1745 3137 conjurationis
1771 3087 1909 3122 tantae

115 3159 231 3206 opes
254 3155 400 3198 erant,
439 3157 488 3190 ut
510 3145 666 3207 Angla
689 3143 747 3190 de
783 3142 861 3190 suo
884 3144 996 3190 statu
1031 3141 1226 3188 sollicita
1246 3140 1494 3188 Hauarto
1481 3157 1530 3187 111
1555 3154 1705 3186 arcem
1731 3139 1911 3186 Londi-

117 3198 303 3255 nensem
326 3207 531 3254 incluso
520 3225 567 3254 111
591 3207 828 3271 Reginam
842 3210 1029 3255 exulem
1053 3222 1144 3253 non
1165 3205 1270 3251 ausa
1292 3204 1656 3252 animadvertere
1679 3202 1912 3251 delibera-

117 3285 189 3329 ret
209 3274 268 3319 de
285 3287 340 3319 ea
361 3271 477 3320 mari
499 3272 557 3319 ad
575 3273 823 3334 Proregem
844 3272 1012 3319 Scotiae
1037 3269 1280 3318 mittenda.
1350 3269 1442 3317 Sed
1461 3269 1513 3317 id
1530 3266 1771 3333 confilium
1793 3279 1912 3343 tem·

117 3337 287 3403 pestate
310 3338 498 3399 paulum
520 3336 686 3389 sedata,
712 3337 800 3384 fuit
821 3336 1080 3383 discuffum·

182 3401 386 3450 XLVII.
417 3401 600 3448 Interea
620 3401 790 3447 Prorex
812 3399 1118 3448 crescentibus
1141 3397 1276 3463 supra
1297 3397 1492 3446 modum
1516 3385 1728 3445 fafflonis
1748 3375 1913 3454 adver·

175 3530 243 3582 (ι)
263 3531 310 3569 M
315 3546 344 3570 r
364 3504 509 3570 Robert
521 3530 689 3568 Pitcairn
702 3531 812 3569 abbot
826 3504 983 3569 othm-
1046 3528 1191 3577 before)
1228 3526 1381 3567 brother
1413 3535 1454 3566 to
1470 3521 1538 3569 the
1555 3525 1650 3566 laird
1668 3524 1710 3566 of
1725 3520 1908 3568 Pitcairn,

121 3585 313 3636 fermling,
335 3585 410 3636 (of
439 3584 567 3624 whom
590 3585 761 3624 mention
781 3597 856 3624 was
874 3586 983 3625 made
1047 3597 1090 3624 or
1106 3584 1135 3621 F
1137 3580 1294 3623 orthar
1281 3594 1325 3622 m
1342 3580 1444 3625 Fife.
1853 3631 1911 3679 {ae
