2025 3831
329 149 627 215 Lrssaa
706 146 1573 222 Dsscxmustaws.
1721 162 1844 229 393

4 249 14 293 1,ss
79 242 369 307 Cunigamiae
400 259 478 289 arx
500 243 579 300 est)
603 241 891 290 obsederunt.
958 243 1072 288 Eam
1104 242 1287 288 tenebat
1309 242 1380 300 (ι)
1407 242 1632 289 Robertus
1674 243 1844 290 Boetius

1 316 13 359 ²!
81 306 476 371 Duglaffianorum
499 306 658 353 cliens.
727 308 816 353 Sed
837 307 966 353 illinc
989 306 1117 353 brevi
1139 323 1184 353 re
1206 303 1373 352 infecta
1395 308 1624 353 recessum.
1681 307 1844 353 Proxi-

9 372 11 379 ’
82 381 161 420 mo
182 386 301 418 anno
340 371 599 434 Duglaffius
620 369 678 418 ad
706 385 757 434 13
783 372 992 418 calendas
1015 371 1206 443 Augusti
1230 366 1459 431 assumptis
1487 368 1674 416 Huiniis
1694 370 1844 418 exuli·

78 434 162 483 bus
184 433 309 482 venit
329 434 685 499 Edimburgum,
709 445 845 497 a'tque
863 436 1135 490 Alexandri,
1155 441 1195 481 δε
1215 433 1443 481 Gulielmi
1461 431 1743 482 Humiorurn
1765 452 1843 483 ca*

78 500 174 564 pita
194 516 219 546 e
243 498 445 560 publico,
467 498 548 546 ubi
565 500 698 546 affixa
717 512 860 553 erant,
884 499 1094 546 detraxit.
1571 557 1574 559 ‚

139 563 273 609 XIII.
306 560 414 610 Hoc
437 575 585 611 totum
607 563 702 611 fere
738 563 1104 626 quinquennium
1128 578 1153 608 a
1189 560 1398 625 Proiegis
1421 560 1604 609 discessu
1627 560 1763 624 usque
1785 561 1846 610 ad

73 627 171 687 ejus
194 627 409 681 reditum,
432 628 707 675 tumultuose
724 631 875 674 actum
896 645 907 673 ε
933 643 1017 674 nec
1034 627 1253 679 caedibus,
1275 632 1313 673 δι
1332 626 1502 687 rapinis
1522 625 1707 689 usquam
1728 638 1845 673 tem·

69 702 299 761 peratum.
330 691 491 738 Rediit
510 703 662 739 autem
684 690 739 738 ad
760 689 945 738 tertium
966 692 1175 738 calendas
1192 691 1491 743 Novembris,
1515 691 1624 736 anni
1658 690 1843 738 millesi-

61 753 140 807 'mi
192 755 510 818 ningentefimi
532 754 732 803 vicesimi
752 755 909 818 primi.
946 756 1016 803 Ut
1029 769 1177 802 motus
1200 772 1281 816 per
1302 753 1545 801 absentiam
1568 754 1689 802 suam
1713 770 1846 802 coor-

75 832 146 868 tos
158 772 346 867 ti'acilius
369 819 557 876 sedaret,
577 820 729 868 statuit
749 818 1088 883 Duglaffiorum
1111 819 1384 866 imminuere
1397 818 1670 880 potentiam.
1742 822 1844 868 An-

74 885 214 947 guliae
248 884 484 932 Comitem
515 884 702 933 familiae
723 885 972 932 ciariffimae
1009 884 1267 949 principem
1304 883 1351 930 in
1375 882 1581 930 Galliam
1603 884 1845 948 relegavit.

74 948 184 1008 Ejus
208 962 421 1011 patruum
443 948 719 1013 Episcopum
755 950 1116 997 Caledoniorum
1153 951 1352 996 Romam
1389 966 1469 1011 per
1491 948 1761 996 Pontificem
1795 967 1846 996 e-

0 1058 1 1062 ,
73 1015 352 1063 vocandum.
376 1015 434 1059 ad
456 1015 633 1061 causam
654 1015 895 1061 dicendam
917 1014 1109 1061 curavit.
1168 1015 1212 1060 Is
1238 1012 1448 1075 proximo
1470 1028 1589 1059 anno
1611 1013 1723 1060 dnm
1746 1015 1846 1061 Ro·

75 1087 200 1124 mam
223 1078 536 1139 proficiscitur,
561 1079 766 1126 Londini
787 1080 905 1142 peste
928 1092 1161 1140 correptus
1188 1077 1321 1132 obiit,
1362 1094 1532 1141 magno
1554 1076 1640 1124 suae
1662 1077 1845 1125 virtutis

77 1142 199 1205 apud
224 1143 368 1188 bonos
387 1143 608 1190 desiderio
628 1143 804 1190 relicto·
870 1145 1040 1190 Praeter
1070 1142 1192 1190 enim
1221 1141 1441 1188 natalium
1471 1142 1772 1204 splendorem,
1795 1147 1848 1193 &:

77 1206 279 1269 corporis
304 1206 597 1270 dignitatem,
633 1222 761 1255 erant
795 1207 845 1254 in
868 1224 923 1254 eo
946 1209 1118 1262 multae,
1161 1219 1209 1252 ut
1245 1206 1336 1253 illis
1371 1206 1653 1268 temporibus
1681 1208 1844 1261 literae,

79 1269 255 1318 summa
278 1272 579 1334 temperantia
600 1277 640 1319 δε
663 1272 901 1335 singularis
915 1271 1057 1318 animi
1080 1270 1349 1324 moderatio,
1375 1284 1510 1333 atque
1532 1270 1577 1316 in
1597 1272 1730 1318 rebus
1751 1285 1849 1318 tur—

77 1333 278 1382 bulentis
299 1337 419 1382 inter
439 1335 642 1383 adversas
665 1336 882 1383 factiones
905 1349 1126 1399 perpetua
1147 1336 1275 1387 fides,
1300 1339 1349 1384 ὃς
1371 1335 1631 1382 aucloritas.
1719 1336 1848 1383 Reli»

75 1399 181 1461 quit
203 1406 243 1448 &
265 1400 440 1464 ingenii
479 1407 519 1448 δε
541 1400 758 1448 doftrinae
781 1418 874 1448 non
895 1401 1101 1465 vulgaria
1123 1402 1193 1463 (2)
1223 1412 1521 1447 monumenta
1540 1399 1742 1448 sermone
1764 1416 1849 1464 pa.

77 1463 167 1510 trio
189 1462 455 1528 conscripta.

144 1530 276 1576 XIV.
313 1530 528 1579 Proximo
551 1530 648 1592 post
668 1530 868 1578 reditum
902 1529 1110 1594 Protegis
1133 1547 1252 1577 anno
1275 1541 1504 1577 conventu
1526 1528 1739 1576 ordinum
1764 1526 1847 1575 ha—

79 1591 195 1648 bito,
231 1595 456 1640 exercitus
478 1593 536 1640 ad
556 1594 893 1659 Edimburgum
929 1596 1039 1641 stato
1060 1595 1136 1641 die
1157 1596 1301 1641 adeffe
1317 1595 1472 1654 juffus,
1507 1593 1607 1639 satis
1633 1595 1844 1656 nequens

79 1659 298 1705 convenit
322 1676 333 1705 :
368 1659 450 1721 qui
486 1675 592 1705 cum
613 1659 662 1706 in
683 1660 855 1722 campis
879 1659 1095 1706 Roselino
1122 1659 1337 1721 proximis
1357 1661 1495 1705 castra
1518 1658 1636 1718 pos-‚r
1652 1661 1722 1704 si'et
1746 1672 1848 1704 on·

78 1722 214 1768 nibus
233 1722 421 1770 incertis
439 1737 533 1785 quo
551 1723 842 1780 ducerentur,
867 1742 946 1788 per
970 1739 1201 1786 praecones
1224 1723 1547 1771 denunciatum
1571 1726 1646 1777 eit,
1677 1735 1724 1767 nt
1754 1725 1849 1768 „tn-

78 1786 294 1834 nandiam
317 1788 469 1835 versus<
504 1802 763 1852 pergerent,
808 1788 936 1853 gravi
959 1804 1097 1852 poena
1128 1789 1175 1835 in
1218 1791 1288 1851 (3)
1328 1788 1578 1835 abnuentes
1603 1789 1847 1850 preposita,

80 1852 156 1898 Ad
180 1853 410 1898 Solvaeum
433 1853 599 1900 Scotiae
629 1854 842 1908 limitem,
881 1853 981 1900 satis
1020 1853 1208 1915 quidem
1233 1852 1501 1900 obedienter
1522 1869 1548 1897 a
1579 1854 1756 1898 caeterie
1789 1853 1850 1897 est

79 1930 286 1963 ventum.
357 1917 491 1965 Un'us
518 1920 589 1982 (4)
617 1919 879 1967 Alexander
901 1918 1186 1971 Gordonius‚
1229 1922 1278 1966 Sc
1301 1918 1382 1980 qui
1421 1934 1526 1963 euin
1549 1916 1852 1979 sequebantur

79 1981 138 2027 ad
161 1982 246 2028 tria
267 1981 411 2030 ferme
445 1981 592 2029 millia
608 1982 789 2046 longius
813 1984 870 2030 ab
894 1983 1066 2046 Anglia
1087 1982 1388 2029 substiterunt.
1458 1981 1513 2028 Id
1533 1996 1635 2026 cum
1661 1980 1852 2043 Proreg‘i

77 2042 184 2092 effet
204 2046 488 2102 nunciatum,
515 2048 730 2110 postridie
753 2059 872 2094 retro
890 2048 948 2094 ad
966 2064 1071 2097 eum
1093 2047 1233 2102 venit,
1255 2053 1293 2092 Sc
1313 2048 1366 2093 ad
1393 2046 1468 2093 sua
1490 2045 1628 2092 castra
1653 2045 1851 2103 perdux·

78 2109 132 2156 it.
202 2111 272 2157 Ibi
297 2112 559 2158 convocatis
581 2112 844 2174 proceribus
868 2127 973 2158 cum
1003 2111 1211 2175 plurimis
1237 2117 1275 2158 δε
1300 2109 1564 2173 graviffi·nis
1596 2109 1851 2156 rationibus

80 2175 350 2229 ostendisset,
390 2191 471 2222 cur
500 2192 600 2222 earn
630 2177 905 2239 potiffimum
944 2188 1119 2238 partem
1172 2175 1351 2239 Angliae
1390 2174 1580 2238 aggredi
1620 2173 1849 2229 statuisset,

81 2256 251 2303 magna
272 2256 372 2302 pars
394 2240 648 2288 nobilitatis
663 2241 861 2288 maxime
879 2245 1058 2288 auctore
1075 2240 1336 2294 Gordonio,
1356 2241 1438 2303 qui
1455 2251 1640 2285 caeteros
1665 2239 1850 2301 opibus,
1922 2281 1925 2282 ⁷

79 2307 132 2352 δί
157 2317 287 2350 aetate
309 2304 528 2358 anteibat,
552 2305 734 2369 ingredi
751 2305 942 2352 omnino
967 2305 1182 2368 Angliam
1210 2319 1474 2359 renuerunt,
1503 2304 1589 2348 five
1618 2320 1756 2366 prava
1780 2318 1854 2350 er-

76 2385 140 2431 ga
159 2370 401 2432 Proregem
425 2368 620 2424 invidia,
661 2371 755 2417 five·
792 2371 940 2433 (quod
974 2369 1172 2416 maxime
1195 2385 1288 2431 prae
1313 2369 1352 2416 se
1372 2368 1596 2427 ferebant)
1623 2367 1731 2429 quia
1752 2381 1855 2415 tum

78 2431 146 2481 rei
169 2433 361 2479 Scozicae
381 2434 431 2481 id
454 2434 670 2498 expedire
694 2436 930 2496 putabant.
967 2434 1423 2497 Causaejaetabantur
1445 2434 1493 2481 in
1516 2432 1729 2495 speciem,
1752 2435 1856 2479 vul-

78 2514 142 2561 go
166 2514 256 2544 non
277 2497 485 2561 ingratae.
553 2498 676 2547 Nam
700 2499 731 2546 st
758 2517 812 2547 ea
832 2516 971 2561 opera
994 2499 1146 2546 Gallis
1169 2512 1426 2553 navaretur,
1452 2514 1508 2544 ne
1536 2498 1712 2560 Anglus
1732 2500 1786 2544 in‘
1802 2514 1856 2543 e·

78 2578 130 2609 os
163 2561 268 2609 totis
289 2562 464 2610 viribus
484 2563 790 2617 incumberet,
825 2564 928 2611 satis
952 2564 1009 2610 ad
1029 2563 1078 2610 id
1099 2564 1245 2611 videri
1268 2563 1441 2610 bellum
1465 2563 1700 2608 ostentare.
1769 2562 1853 2610 Sia

77 2643 230 2674 rerum
253 2626 603 2675 domesticarum
639 2628 756 2676 ratio
777 2629 1015 2683 habeatur,
1055 2628 1169 2675 statu
1198 2628 1386 2692 publico
1409 2627 1536 2674 domi
1565 2626 1763 2681 turbato,
1797 2643 1852 2674 ac

78 2691 211 2756 Rege
233 2691 383 2738 adhuc
404 2708 546 2755 puero
568 2693 665 2740 suas
686 2693 938 2741 existimare
955 2704 1104 2756 partes
1124 2694 1234 2740 fines
1253 2705 1427 2740 veteres
1442 2689 1577 2745 tueri,
1593 2699 1634 2737 §c
1655 2707 1853 2755 regnum

72 2754 310 2803 incolume
327 2755 514 2805 servare.
583 2757 665 2806 Sin
685 2774 823 2821 porro
841 2759 905 2805 ire
929 2772 1186 2820 pergerent,
1214 2760 1284 2823 (ς)
1310 2757 1598 2805 fortuitarum
1621 2757 1758 2804 etiarn
1779 2757 1851 2802 of—

20 2845 22 2847 >
78 2819 334 2867 fenssonum
369 2820 474 2883 ipfis
506 2823 693 2886 culpam
717 2824 803 2870 effe
824 2822 1103 2870 subeundam
1128 2842 1139 2871 ε
1173 2838 1225 2869 ac
1242 2821 1310 2870 rei
1333 2823 1450 2869 male
1470 2821 1604 2883 gestae
1626 2822 1852 2867 rationem

77 2884 197 2933 intra
228 2901 398 2947 paucos
419 2902 562 2934 annos
578 2888 665 2935 effe
684 2888 983 2935 reddendam.
1050 2889 1280 2935 Postremo
1314 2886 1344 2934 fi
1369 2886 1566 2934 maxime
1589 2887 1774 2939 veilent,
1800 2889 1853 2936 δε

78 2964 323 2996 commune
346 2949 602 3012 periculum
624 2951 833 3000 adversus
855 2952 1027 2999 hostem
1050 2952 1302 3017 negligere,
1329 2957 1368 2998 &-
1389 2952 1568 2998 suarum
1591 2949 1721 3015 dorni
1744 2950 1854 2998 rati-

79 3012 463 3070 onum’oblivisci,
484 3014 527 3063 se
559 3029 715 3064 tamen
747 3016 911 3071 vereri,
934 3033 992 3064 ne
1012 3017 1061 3063 in
1085 3018 1256 3064 hostico
1278 3016 1403 3064 Scoti
1423 3012 1620 3080 imperio
1646 3012 1748 3063 satis
1771 3031 1855 3061 au-

79 3077 256 3124 dientes
279 3075 430 3125 forent
450 3096 464 3126 :
497 3096 551 3127 ac
565 3081 878 3145 maximopere
898 3081 1172 3137 cavendum,
1186 3097 1242 3128 ne
1259 3082 1331 3128 vel
1356 3081 1665 3138 aemulatione,
1685 3081 1758 3128 vel
1781 3080 1858 3127 in·

82 3139 223 3192 vidia,
260 3139 334 3186 vel
365 3144 624 3193 recentibus
650 3145 803 3193 adhuc
834 3146 954 3194 odiis
975 3145 1234 3210 ignominia
1254 3144 1523 3209 accipiatur.

144 3205 256 3253 XV.
290 3205 476 3262 Prorex,
499 3209 584 3271 qui
613 3209 892 3258 adversando
918 3208 962 3258 se
983 3210 1100 3257 nihil
1132 3212 1340 3258 acturum
1374 3210 1578 3270 videbat,
1617 3208 1854 3258 consensit.

136 3332 201 3384 (1)
230 3335 305 3372 Son
322 3343 360 3372 to
373 3335 518 3374 Robert
530 3348 571 3393 or
587 3336 712 3377 rather
725 3340 938 3379 Alexander
1045 3340 1110 3392 (3)
1140 3340 1186 3378 M
1200 3341 1238 3379 S.
1268 3340 1461 3379 abeuntes.

12 3403 16 3407 ·
81 3386 195 3433 Boid‚
225 3388 441 3425 mentioned
458 3390 524 3427 lib.
549 3401 610 3428 12.
629 3403 709 3441 cap.
728 3405 794 3431 21.
813 3394 938 3433 father
1041 3393 1114 3446 (4)
1143 3397 1228 3433 Earl
1258 3395 1302 3432 of
1317 3396 1479 3444 Huntly.

84 3449 124 3478 to
142 3441 286 3479 Robert
311 3441 405 3479 Boid
422 3442 638 3481 mentiones
669 3445 738 3482 lib.
770 3455 833 3498 15.
855 3449 935 3498 cap.
1046 3449 1108 3500 (5)
1138 3448 1218 3486 Not
1234 3449 1323 3497 only
1346 3448 1408 3486 sor
1424 3445 1676 3497 enterprizing
1711 3438 1797 3482 such
1828 3453 1850 3481 a

86 3503 150 3543 »19-
169 3494 245 3532 first
261 3495 416 3532 restored
433 3496 513 3533 lord
528 3495 635 3534 Boid.
992 3513 1070 3538 war
1088 3500 1250 3540 without
1275 3515 1296 3538 a
1323 3504 1487 3538 warrand
1505 3502 1603 3538 frozn
1623 3499 1687 3536 the
1706 3499 1850 3543 estate5,

140 3547 204 3598 (2)
246 3546 408 3597 Virgil's
441 3548 592 3588 AEneid
631 3548 833 3590 transsatcd'
861 3552 942 3592 into
998 3554 1065 3604 but
1083 3554 1156 3592 also
1175 3554 1232 3592 for
1248 3553 1338 3596 such
1358 3554 1583 3593 mischames
1598 3565 1634 3591 as
1651 3551 1774 3601 might
1787 3552 1851 3588 baa

83 3595 249 3639 Scottifla
263 3608 381 3641 mette
395 3603 468 3641 and
483 3614 599 3654 many
613 3603 736 3644 other.
996 3605 1068 3661 tan
1087 3607 1130 3646 in
1146 3608 1224 3647 this
1241 3615 1332 3646 war.

864 3679 1071 3749 ‚Ded
1794 3683 1877 3733 Ne
