<?xml version="1.0" encoding="UTF-8"?>
<!DOCTYPE html PUBLIC "-//W3C//DTD XHTML 1.0 Transitional//EN"
    "http://www.w3.org/TR/xhtml1/DTD/xhtml1-transitional.dtd">
<html xmlns="http://www.w3.org/1999/xhtml" xml:lang="en" lang="en">
 <head>
  <title>
</title>
<meta http-equiv="Content-Type" content="text/html;charset=utf-8" />
  <meta name='ocr-system' content='tesseract 3.04.00' />
  <meta name='ocr-capabilities' content='ocr_page ocr_carea ocr_par ocr_line ocrx_word'/>
</head>
<body>
  <div class='ocr_page' id='page_1' title='image "./rerumscoticarumh01buch_0556.png"; bbox 0 0 1992 3801; ppageno 0'>
   <div class='ocr_carea' id='block_1_1' title="bbox 168 93 1663 192">
    <p class='ocr_par' dir='ltr' id='par_1_1' title="bbox 168 93 1663 192">
     <span class='ocr_line' id='line_1_1' title="bbox 168 93 1663 192; baseline 0.005 -18"><span class='ocrx_word' id='word_1_1' title='bbox 168 111 285 192; x_wconf 53' lang='lat'>...4238</span> <span class='ocrx_word' id='word_1_2' title='bbox 403 137 406 140; x_wconf 93' lang='lat'>·</span> <span class='ocrx_word' id='word_1_3' title='bbox 532 107 906 177; x_wconf 69' lang='lat' dir='ltr'>RERUM</span> <span class='ocrx_word' id='word_1_4' title='bbox 963 93 1663 181; x_wconf 69' lang='lat' dir='ltr'>Sco’ricARuM</span> 
     </span>
    </p>
   </div>
   <div class='ocr_carea' id='block_1_2' title="bbox 158 181 182 195">
    <p class='ocr_par' dir='ltr' id='par_1_2' title="bbox 158 181 182 195">
     <span class='ocr_line' id='line_1_2' title="bbox 158 181 182 195; baseline 0 0"><span class='ocrx_word' id='word_1_5' title='bbox 158 181 182 195; x_wconf 59' lang='grc' dir='ltr'><em>ν</em></span> 
     </span>
    </p>
   </div>
   <div class='ocr_carea' id='block_1_3' title="bbox 101 209 1992 3317">
    <p class='ocr_par' dir='ltr' id='par_1_3' title="bbox 101 209 1992 852">
     <span class='ocr_line' id='line_1_3' title="bbox 156 209 1923 274; baseline 0.003 -18"><span class='ocrx_word' id='word_1_6' title='bbox 156 229 205 257; x_wconf 88' lang='lat' dir='ltr'>re</span> <span class='ocrx_word' id='word_1_7' title='bbox 230 227 242 257; x_wconf 75' lang='grc' dir='ltr'>ε</span> <span class='ocrx_word' id='word_1_8' title='bbox 277 209 424 256; x_wconf 86' lang='lat' dir='ltr'>donec</span> <span class='ocrx_word' id='word_1_9' title='bbox 446 225 546 272; x_wconf 81' lang='lat' dir='ltr'>pars</span> <span class='ocrx_word' id='word_1_10' title='bbox 569 215 728 256; x_wconf 81' lang='lat' dir='ltr'>eorum</span> <span class='ocrx_word' id='word_1_11' title='bbox 751 209 974 271; x_wconf 73' lang='lat' dir='ltr'>supplices</span> <span class='ocrx_word' id='word_1_12' title='bbox 999 211 1092 270; x_wconf 86' lang='lat' dir='ltr'>post</span> <span class='ocrx_word' id='word_1_13' title='bbox 1107 209 1387 258; x_wconf 87' lang='lat' dir='ltr'>humillimas</span> <span class='ocrx_word' id='word_1_14' title='bbox 1411 227 1564 274; x_wconf 83' lang='lat' dir='ltr'>preces</span> <span class='ocrx_word' id='word_1_15' title='bbox 1588 213 1770 260; x_wconf 86' lang='lat' dir='ltr'>fuerunt</span> <span class='ocrx_word' id='word_1_16' title='bbox 1793 229 1817 259; x_wconf 91' lang='lat' dir='ltr'>a</span> <span class='ocrx_word' id='word_1_17' title='bbox 1834 230 1923 262; x_wconf 76' lang='lat' dir='ltr'>no-</span> 
     </span>
     <span class='ocr_line' id='line_1_4' title="bbox 155 274 1924 338; baseline 0.002 -18"><span class='ocrx_word' id='word_1_18' title='bbox 155 275 225 337; x_wconf 78' lang='lat' dir='ltr'>bis</span> <span class='ocrx_word' id='word_1_19' title='bbox 248 274 296 320; x_wconf 87' lang='lat' dir='ltr'>in</span> <span class='ocrx_word' id='word_1_20' title='bbox 319 274 513 338; x_wconf 77' lang='lat' dir='ltr'>gratiam</span> <span class='ocrx_word' id='word_1_21' title='bbox 534 275 722 335; x_wconf 86' lang='lat' dir='ltr'><strong>recepti.</strong></span> <span class='ocrx_word' id='word_1_22' title='bbox 790 274 870 320; x_wconf 88' lang='lat' dir='ltr'>Ob</span> <span class='ocrx_word' id='word_1_23' title='bbox 913 274 1111 334; x_wconf 64' lang='lat' dir='ltr'>reliquos</span> <span class='ocrx_word' id='word_1_24' title='bbox 1137 291 1243 320; x_wconf 87' lang='lat' dir='ltr'>vero</span> <span class='ocrx_word' id='word_1_25' title='bbox 1267 275 1473 322; x_wconf 72' lang='lat' dir='ltr'>reduc&#39;tos</span> <span class='ocrx_word' id='word_1_26' title='bbox 1516 293 1656 338; x_wconf 88' lang='lat' dir='ltr'>quarn</span> <span class='ocrx_word' id='word_1_27' title='bbox 1689 278 1924 338; x_wconf 84' lang='lat' dir='ltr'>perfidiose</span> 
     </span>
     <span class='ocr_line' id='line_1_5' title="bbox 154 335 1926 401; baseline 0.002 -17"><span class='ocrx_word' id='word_1_28' title='bbox 154 337 320 385; x_wconf 85' lang='lat' dir='ltr'>fuerim</span> <span class='ocrx_word' id='word_1_29' title='bbox 347 340 531 384; x_wconf 68' lang='lat' dir='ltr'>traftata</span> <span class='ocrx_word' id='word_1_30' title='bbox 552 355 631 400; x_wconf 89' lang='lat' dir='ltr'>per</span> <span class='ocrx_word' id='word_1_31' title='bbox 652 354 746 391; x_wconf 85' lang='lat' dir='ltr'>eos,</span> <span class='ocrx_word' id='word_1_32' title='bbox 770 352 883 400; x_wconf 86' lang='lat' dir='ltr'>quos</span> <span class='ocrx_word' id='word_1_33' title='bbox 910 338 1173 398; x_wconf 76' lang='lat' dir='ltr'>majoribus,</span> <span class='ocrx_word' id='word_1_34' title='bbox 1197 355 1334 400; x_wconf 87' lang='lat' dir='ltr'>quam</span> <span class='ocrx_word' id='word_1_35' title='bbox 1359 335 1733 401; x_wconf 79' lang='lat' dir='ltr'>promerebantur</span> <span class='ocrx_word' id='word_1_36' title='bbox 1754 335 1926 388; x_wconf 83' lang='lat' dir='ltr'>benefi-</span> 
     </span>
     <span class='ocr_line' id='line_1_6' title="bbox 157 397 1945 466; baseline 0.002 -17"><span class='ocrx_word' id='word_1_37' title='bbox 157 403 240 449; x_wconf 86' lang='lat' dir='ltr'>ciis</span> <span class='ocrx_word' id='word_1_38' title='bbox 264 401 514 455; x_wconf 54' lang='lat' dir='ltr'>affecimus„</span> <span class='ocrx_word' id='word_1_39' title='bbox 540 418 627 447; x_wconf 78' lang='lat' dir='ltr'>non</span> <span class='ocrx_word' id='word_1_40' title='bbox 654 402 833 464; x_wconf 74' lang='lat' dir='ltr'>ignorat</span> <span class='ocrx_word' id='word_1_41' title='bbox 855 402 999 448; x_wconf 79' lang='lat' dir='ltr'>noster</span> <span class='ocrx_word' id='word_1_42' title='bbox 1035 403 1304 455; x_wconf 87' lang='lat' dir='ltr'>avunculus,</span> <span class='ocrx_word' id='word_1_43' title='bbox 1343 403 1539 466; x_wconf 87' lang='lat' dir='ltr'>ideoque</span> <span class='ocrx_word' id='word_1_44' title='bbox 1564 399 1854 466; x_wconf 76' lang='lat' dir='ltr'>paucioribus</span> <span class='ocrx_word' id='word_1_45' title='bbox 1875 397 1945 453; x_wconf 68' lang='lat' dir='ltr'>e&#39;a‘</span> 
     </span>
     <span class='ocr_line' id='line_1_7' title="bbox 101 465 1981 532; baseline 0 -18"><span class='ocrx_word' id='word_1_46' title='bbox 101 496 104 498; x_wconf 97' lang='lat'>-</span> <span class='ocrx_word' id='word_1_47' title='bbox 159 467 355 532; x_wconf 80' lang='lat' dir='ltr'>attingo.</span> <span class='ocrx_word' id='word_1_48' title='bbox 423 467 527 514; x_wconf 88' lang='lat' dir='ltr'>Nec</span> <span class='ocrx_word' id='word_1_49' title='bbox 546 479 695 511; x_wconf 88' lang='lat' dir='ltr'>tamen</span> <span class='ocrx_word' id='word_1_50' title='bbox 721 465 896 511; x_wconf 70' lang='lat' dir='ltr'>silentio</span> <span class='ocrx_word' id='word_1_51' title='bbox 926 466 1291 527; x_wconf 82' lang='lat' dir='ltr'>praetereundum</span> <span class='ocrx_word' id='word_1_52' title='bbox 1335 468 1411 521; x_wconf 84' lang='lat' dir='ltr'>est,</span> <span class='ocrx_word' id='word_1_53' title='bbox 1436 481 1606 531; x_wconf 86' lang='lat' dir='ltr'>quanta</span> <span class='ocrx_word' id='word_1_54' title='bbox 1624 484 1728 514; x_wconf 88' lang='lat' dir='ltr'>cum</span> <span class='ocrx_word' id='word_1_55' title='bbox 1752 469 1931 516; x_wconf 78' lang='lat' dir='ltr'>solertia</span> <span class='ocrx_word' id='word_1_56' title='bbox 1973 480 1981 514; x_wconf 63' lang='lat'>¹,</span> 
     </span>
     <span class='ocr_line' id='line_1_8' title="bbox 160 529 1936 596; baseline 0.001 -18"><span class='ocrx_word' id='word_1_57' title='bbox 160 530 186 578; x_wconf 83' lang='grc' dir='ltr'>ὲ</span> <span class='ocrx_word' id='word_1_58' title='bbox 208 531 415 578; x_wconf 84' lang='lat' dir='ltr'>manibus</span> <span class='ocrx_word' id='word_1_59' title='bbox 439 545 615 584; x_wconf 83' lang='lat' dir='ltr'>eornm,</span> <span class='ocrx_word' id='word_1_60' title='bbox 640 529 721 590; x_wconf 89' lang='lat' dir='ltr'>qui</span> <span class='ocrx_word' id='word_1_61' title='bbox 745 547 815 575; x_wconf 86' lang='lat' dir='ltr'>me</span> <span class='ocrx_word' id='word_1_62' title='bbox 831 544 926 575; x_wconf 87' lang='lat' dir='ltr'>tum</span> <span class='ocrx_word' id='word_1_63' title='bbox 943 529 1172 591; x_wconf 83' lang='lat' dir='ltr'>captivam</span> <span class='ocrx_word' id='word_1_64' title='bbox 1191 529 1474 581; x_wconf 75' lang='lat' dir='ltr'>detinebant,</span> <span class='ocrx_word' id='word_1_65' title='bbox 1496 533 1699 579; x_wconf 78' lang='lat' dir='ltr'>liberarit</span> <span class='ocrx_word' id='word_1_66' title='bbox 1724 550 1735 579; x_wconf 74' lang='lat' dir='ltr'>t</span> <span class='ocrx_word' id='word_1_67' title='bbox 1771 549 1936 596; x_wconf 79' lang='lat' dir='ltr'>quam·</span> 
     </span>
     <span class='ocr_line' id='line_1_9' title="bbox 165 592 1937 659; baseline 0.002 -18"><span class='ocrx_word' id='word_1_68' title='bbox 165 606 256 659; x_wconf 80' lang='lat' dir='ltr'>que</span> <span class='ocrx_word' id='word_1_69' title='bbox 275 595 481 641; x_wconf 81' lang='lat' dir='ltr'><strong>celeriter</strong></span> <span class='ocrx_word' id='word_1_70' title='bbox 503 594 598 655; x_wconf 82' lang='lat' dir='ltr'>ejus</span> <span class='ocrx_word' id='word_1_71' title='bbox 625 593 838 655; x_wconf 65' lang='lat' dir='ltr'>singulari</span> <span class='ocrx_word' id='word_1_72' title='bbox 862 592 1149 655; x_wconf 86' lang='lat' dir='ltr'>providentia</span> <span class='ocrx_word' id='word_1_73' title='bbox 1191 601 1230 642; x_wconf 86' lang='lat'>&amp;</span> <span class='ocrx_word' id='word_1_74' title='bbox 1254 612 1341 658; x_wconf 81' lang='lat' dir='ltr'>ego</span> <span class='ocrx_word' id='word_1_75' title='bbox 1370 595 1393 641; x_wconf 77' lang='grc' dir='ltr'>ὲ</span> <span class='ocrx_word' id='word_1_76' title='bbox 1417 596 1616 643; x_wconf 84' lang='lat' dir='ltr'>custodia</span> <span class='ocrx_word' id='word_1_77' title='bbox 1637 592 1871 651; x_wconf 86' lang='lat' dir='ltr'>evaserim,</span> <span class='ocrx_word' id='word_1_78' title='bbox 1895 602 1937 644; x_wconf 75' lang='grc' dir='ltr'>ὅτ</span> 
     </span>
     <span class='ocr_line' id='line_1_10' title="bbox 165 657 1992 723; baseline 0.002 -18"><span class='ocrx_word' id='word_1_79' title='bbox 165 669 262 706; x_wconf 75' lang='lat' dir='ltr'>tota</span> <span class='ocrx_word' id='word_1_80' title='bbox 285 659 482 705; x_wconf 64' lang='lat' dir='ltr'>faetione</span> <span class='ocrx_word' id='word_1_81' title='bbox 504 658 840 717; x_wconf 83' lang='lat' dir='ltr'>conjuratorum</span> <span class='ocrx_word' id='word_1_82' title='bbox 867 657 1068 719; x_wconf 84' lang='lat' dir='ltr'>diflipata</span> <span class='ocrx_word' id='word_1_83' title='bbox 1091 658 1320 717; x_wconf 81' lang='lat' dir='ltr'>pristinam</span> <span class='ocrx_word' id='word_1_84' title='bbox 1345 659 1657 706; x_wconf 58' lang='lat' dir='ltr'>auetoritatem</span> <span class='ocrx_word' id='word_1_85' title='bbox 1697 657 1939 723; x_wconf 83' lang='lat' dir='ltr'>recupera·</span> <span class='ocrx_word' id='word_1_86' title='bbox 1987 715 1992 718; x_wconf 47' lang='grc'><strong>,</strong></span> 
     </span>
     <span class='ocr_line' id='line_1_11' title="bbox 152 720 1935 786; baseline 0.002 -17"><span class='ocrx_word' id='word_1_87' title='bbox 152 724 324 770; x_wconf 51' lang='lat' dir='ltr'>verim.</span> <span class='ocrx_word' id='word_1_88' title='bbox 370 722 466 769; x_wconf 89' lang='lat' dir='ltr'>Hic</span> <span class='ocrx_word' id='word_1_89' title='bbox 489 721 702 784; x_wconf 79' lang='lat' dir='ltr'>equidem</span> <span class='ocrx_word' id='word_1_90' title='bbox 727 720 859 768; x_wconf 84' lang='lat' dir='ltr'>fateri</span> <span class='ocrx_word' id='word_1_91' title='bbox 884 738 1026 786; x_wconf 85' lang='lat' dir='ltr'>cogor</span> <span class='ocrx_word' id='word_1_92' title='bbox 1049 722 1195 769; x_wconf 79' lang='lat' dir='ltr'>officia</span> <span class='ocrx_word' id='word_1_93' title='bbox 1217 723 1313 785; x_wconf 81' lang='lat' dir='ltr'>ejus</span> <span class='ocrx_word' id='word_1_94' title='bbox 1337 736 1432 769; x_wconf 83' lang='lat' dir='ltr'>turn</span> <span class='ocrx_word' id='word_1_95' title='bbox 1463 724 1576 770; x_wconf 87' lang='lat' dir='ltr'>mihi</span> <span class='ocrx_word' id='word_1_96' title='bbox 1601 725 1795 786; x_wconf 69' lang='lat' dir='ltr'>praestita</span> <span class='ocrx_word' id='word_1_97' title='bbox 1818 726 1935 772; x_wconf 80' lang='lat' dir='ltr'>adeo</span> 
     </span>
     <span class='ocr_line' id='line_1_12' title="bbox 159 786 1749 852; baseline 0.001 -18"><span class='ocrx_word' id='word_1_98' title='bbox 159 800 289 852; x_wconf 80' lang='lat' dir='ltr'>grata</span> <span class='ocrx_word' id='word_1_99' title='bbox 315 787 454 841; x_wconf 65' lang='lat' dir='ltr'>fuisse,</span> <span class='ocrx_word' id='word_1_100' title='bbox 485 800 532 832; x_wconf 88' lang='lat' dir='ltr'>ut</span> <span class='ocrx_word' id='word_1_101' title='bbox 558 802 790 848; x_wconf 82' lang='lat' dir='ltr'>nunquam</span> <span class='ocrx_word' id='word_1_102' title='bbox 821 787 953 833; x_wconf 84' lang='lat' dir='ltr'>nobis</span> <span class='ocrx_word' id='word_1_103' title='bbox 978 787 1002 834; x_wconf 79' lang='grc' dir='ltr'>ὲ</span> <span class='ocrx_word' id='word_1_104' title='bbox 1028 786 1246 833; x_wconf 87' lang='lat' dir='ltr'>memoria</span> <span class='ocrx_word' id='word_1_105' title='bbox 1268 788 1501 850; x_wconf 85' lang='lat' dir='ltr'>potuerint</span> <span class='ocrx_word' id='word_1_106' title='bbox 1523 788 1749 835; x_wconf 86' lang='lat' dir='ltr'>excidere.</span> 
     </span>
    </p>

    <p class='ocr_par' dir='ltr' id='par_1_4' title="bbox 118 850 1949 2898">
     <span class='ocr_line' id='line_1_13' title="bbox 229 850 1935 913; baseline 0.001 -15"><span class='ocrx_word' id='word_1_107' title='bbox 229 852 451 898; x_wconf 83' lang='lat' dir='ltr'>XXXlV.</span> <span class='ocrx_word' id='word_1_108' title='bbox 489 858 523 879; x_wconf 89' lang='lat'><strong>“</strong></span> <span class='ocrx_word' id='word_1_109' title='bbox 558 851 674 897; x_wconf 84' lang='lat' dir='ltr'>Haec</span> <span class='ocrx_word' id='word_1_110' title='bbox 697 862 846 898; x_wconf 88' lang='lat' dir='ltr'>autem</span> <span class='ocrx_word' id='word_1_111' title='bbox 872 867 975 896; x_wconf 87' lang='lat' dir='ltr'>cum</span> <span class='ocrx_word' id='word_1_112' title='bbox 1001 852 1086 897; x_wconf 90' lang='lat' dir='ltr'>fint</span> <span class='ocrx_word' id='word_1_113' title='bbox 1110 868 1188 913; x_wconf 77' lang='lat' dir='ltr'>per</span> <span class='ocrx_word' id='word_1_114' title='bbox 1212 850 1253 897; x_wconf 90' lang='lat' dir='ltr'>se</span> <span class='ocrx_word' id='word_1_115' title='bbox 1276 851 1489 906; x_wconf 74' lang='lat' dir='ltr'>maxima,</span> <span class='ocrx_word' id='word_1_116' title='bbox 1535 865 1659 898; x_wconf 88' lang='lat' dir='ltr'>tanta</span> <span class='ocrx_word' id='word_1_117' title='bbox 1680 852 1935 907; x_wconf 84' lang='lat' dir='ltr'><strong>sedulitate,</strong></span> 
     </span>
     <span class='ocr_line' id='line_1_14' title="bbox 158 914 1936 978; baseline 0 -16"><span class='ocrx_word' id='word_1_118' title='bbox 158 920 211 968; x_wconf 65' lang='grc' dir='ltr'>’ὃς</span> <span class='ocrx_word' id='word_1_119' title='bbox 236 915 476 978; x_wconf 80' lang='lat' dir='ltr'>diligentia</span> <span class='ocrx_word' id='word_1_120' title='bbox 497 931 549 960; x_wconf 90' lang='lat' dir='ltr'>ea</span> <span class='ocrx_word' id='word_1_121' title='bbox 571 914 787 962; x_wconf 59' lang='lat' dir='ltr'>hasienus</span> <span class='ocrx_word' id='word_1_122' title='bbox 825 915 1094 968; x_wconf 82' lang='lat' dir='ltr'>cumulavit,</span> <span class='ocrx_word' id='word_1_123' title='bbox 1140 927 1187 961; x_wconf 87' lang='lat' dir='ltr'>ut</span> <span class='ocrx_word' id='word_1_124' title='bbox 1211 931 1294 960; x_wconf 89' lang='lat' dir='ltr'>nec</span> <span class='ocrx_word' id='word_1_125' title='bbox 1334 914 1553 973; x_wconf 88' lang='lat' dir='ltr'>majorem</span> <span class='ocrx_word' id='word_1_126' title='bbox 1585 915 1936 972; x_wconf 75' lang='lat' dir='ltr'>observantiam,</span> 
     </span>
     <span class='ocr_line' id='line_1_15' title="bbox 152 978 1949 1042; baseline -0.001 -14"><span class='ocrx_word' id='word_1_127' title='bbox 152 983 245 1029; x_wconf 68' lang='lat' dir='ltr'>*nec</span> <span class='ocrx_word' id='word_1_128' title='bbox 264 979 398 1026; x_wconf 83' lang='lat' dir='ltr'>fidem</span> <span class='ocrx_word' id='word_1_129' title='bbox 422 980 468 1026; x_wconf 90' lang='lat' dir='ltr'>in</span> <span class='ocrx_word' id='word_1_130' title='bbox 493 994 726 1041; x_wconf 87' lang='lat' dir='ltr'>quoquam</span> <span class='ocrx_word' id='word_1_131' title='bbox 750 980 899 1040; x_wconf 79' lang='lat' dir='ltr'>optari</span> <span class='ocrx_word' id='word_1_132' title='bbox 917 979 1141 1040; x_wconf 78' lang='lat' dir='ltr'>possirnus,</span> <span class='ocrx_word' id='word_1_133' title='bbox 1165 978 1305 1040; x_wconf 76' lang='lat' dir='ltr'>quam</span> <span class='ocrx_word' id='word_1_134' title='bbox 1328 978 1376 1024; x_wconf 90' lang='lat' dir='ltr'>in</span> <span class='ocrx_word' id='word_1_135' title='bbox 1399 995 1453 1025; x_wconf 92' lang='lat' dir='ltr'>eo</span> <span class='ocrx_word' id='word_1_136' title='bbox 1478 979 1949 1042; x_wconf 55' lang='lat' dir='ltr'><strong>deprehenderimus,</strong></span> 
     </span>
     <span class='ocr_line' id='line_1_16' title="bbox 161 1041 1937 1106; baseline -0.001 -13"><span class='ocrx_word' id='word_1_137' title='bbox 161 1047 302 1106; x_wconf 79' lang='lat' dir='ltr'>usque</span> <span class='ocrx_word' id='word_1_138' title='bbox 344 1045 400 1089; x_wconf 90' lang='lat' dir='ltr'>ad</span> <span class='ocrx_word' id='word_1_139' title='bbox 439 1044 537 1090; x_wconf 83' lang='lat' dir='ltr'>haec</span> <span class='ocrx_word' id='word_1_140' title='bbox 575 1044 799 1106; x_wconf 88' lang='lat' dir='ltr'>postrema</span> <span class='ocrx_word' id='word_1_141' title='bbox 842 1057 1063 1105; x_wconf 87' lang='lat' dir='ltr'>tempora,</span> <span class='ocrx_word' id='word_1_142' title='bbox 1088 1059 1192 1105; x_wconf 86' lang='lat' dir='ltr'>quae</span> <span class='ocrx_word' id='word_1_143' title='bbox 1212 1041 1528 1105; x_wconf 64' lang='lat' dir='ltr'>Regis&#39;mariti</span> <span class='ocrx_word' id='word_1_144' title='bbox 1552 1043 1687 1090; x_wconf 88' lang='lat' dir='ltr'>nostri</span> <span class='ocrx_word' id='word_1_145' title='bbox 1710 1045 1937 1092; x_wconf 75' lang='lat' dir='ltr'>decessum</span> 
     </span>
     <span class='ocr_line' id='line_1_17' title="bbox 161 1106 1939 1171; baseline 0 -15"><span class='ocrx_word' id='word_1_146' title='bbox 161 1110 264 1157; x_wconf 88' lang='lat' dir='ltr'>sunt</span> <span class='ocrx_word' id='word_1_147' title='bbox 286 1108 538 1155; x_wconf 89' lang='lat' dir='ltr'>consecuta.</span> <span class='ocrx_word' id='word_1_148' title='bbox 608 1109 684 1153; x_wconf 90' lang='lat' dir='ltr'>Ab</span> <span class='ocrx_word' id='word_1_149' title='bbox 707 1124 762 1154; x_wconf 88' lang='lat' dir='ltr'>eo</span> <span class='ocrx_word' id='word_1_150' title='bbox 783 1107 905 1155; x_wconf 90' lang='lat' dir='ltr'>enim</span> <span class='ocrx_word' id='word_1_151' title='bbox 930 1121 1152 1169; x_wconf 87' lang='lat' dir='ltr'>tempore,</span> <span class='ocrx_word' id='word_1_152' title='bbox 1178 1119 1228 1154; x_wconf 89' lang='lat' dir='ltr'>ut</span> <span class='ocrx_word' id='word_1_153' title='bbox 1260 1106 1562 1171; x_wconf 81' lang='lat' dir='ltr'>cogitationes</span> <span class='ocrx_word' id='word_1_154' title='bbox 1602 1108 1697 1169; x_wconf 88' lang='lat' dir='ltr'>ejus</span> <span class='ocrx_word' id='word_1_155' title='bbox 1720 1109 1777 1155; x_wconf 88' lang='lat' dir='ltr'>ad</span> <span class='ocrx_word' id='word_1_156' title='bbox 1799 1109 1939 1156; x_wconf 89' lang='lat' dir='ltr'>subli-</span> 
     </span>
     <span class='ocr_line' id='line_1_18' title="bbox 161 1170 1935 1234; baseline -0.001 -13"><span class='ocrx_word' id='word_1_157' title='bbox 161 1175 310 1221; x_wconf 85' lang='lat' dir='ltr'>miora</span> <span class='ocrx_word' id='word_1_158' title='bbox 337 1171 421 1220; x_wconf 87' lang='lat' dir='ltr'>niti</span> <span class='ocrx_word' id='word_1_159' title='bbox 462 1172 754 1228; x_wconf 83' lang='lat' dir='ltr'>videbantur,</span> <span class='ocrx_word' id='word_1_160' title='bbox 797 1172 862 1220; x_wconf 91' lang='lat' dir='ltr'>ita</span> <span class='ocrx_word' id='word_1_161' title='bbox 905 1177 951 1221; x_wconf 64' lang='grc' dir='ltr'>ὅ(</span> <span class='ocrx_word' id='word_1_162' title='bbox 996 1171 1193 1218; x_wconf 70' lang='lat' dir='ltr'>afflones</span> <span class='ocrx_word' id='word_1_163' title='bbox 1234 1170 1543 1218; x_wconf 79' lang='lat' dir='ltr'>insolentiores</span> <span class='ocrx_word' id='word_1_164' title='bbox 1566 1172 1771 1234; x_wconf 88' lang='lat' dir='ltr'>quodam</span> <span class='ocrx_word' id='word_1_165' title='bbox 1795 1173 1935 1221; x_wconf 86' lang='lat' dir='ltr'>modo</span> 
     </span>
     <span class='ocr_line' id='line_1_19' title="bbox 150 1235 1938 1302; baseline -0.001 -17"><span class='ocrx_word' id='word_1_166' title='bbox 150 1239 265 1302; x_wconf 25' lang='lat' dir='ltr'>&#39;sunt</span> <span class='ocrx_word' id='word_1_167' title='bbox 289 1236 408 1284; x_wconf 75' lang='lat' dir='ltr'>visae.</span> <span class='ocrx_word' id='word_1_168' title='bbox 478 1239 536 1283; x_wconf 88' lang='lat' dir='ltr'>Et</span> <span class='ocrx_word' id='word_1_169' title='bbox 558 1253 820 1299; x_wconf 84' lang='lat' dir='ltr'>quanquam</span> <span class='ocrx_word' id='word_1_170' title='bbox 864 1239 921 1284; x_wconf 71' lang='lat' dir='ltr'>eb</span> <span class='ocrx_word' id='word_1_171' title='bbox 944 1254 1012 1283; x_wconf 88' lang='lat' dir='ltr'>res</span> <span class='ocrx_word' id='word_1_172' title='bbox 1051 1236 1271 1298; x_wconf 86' lang='lat' dir='ltr'>proceflit,</span> <span class='ocrx_word' id='word_1_173' title='bbox 1299 1248 1346 1282; x_wconf 90' lang='lat' dir='ltr'>ut</span> <span class='ocrx_word' id='word_1_174' title='bbox 1368 1236 1524 1282; x_wconf 81' lang='lat' dir='ltr'>omnia</span> <span class='ocrx_word' id='word_1_175' title='bbox 1546 1235 1678 1283; x_wconf 87' lang='lat' dir='ltr'>nobis</span> <span class='ocrx_word' id='word_1_176' title='bbox 1703 1237 1748 1282; x_wconf 87' lang='lat' dir='ltr'>in</span> <span class='ocrx_word' id='word_1_177' title='bbox 1773 1237 1938 1285; x_wconf 83' lang='lat' dir='ltr'>melio·</span> 
     </span>
     <span class='ocr_line' id='line_1_20' title="bbox 158 1300 1938 1364; baseline -0.001 -15"><span class='ocrx_word' id='word_1_178' title='bbox 158 1318 255 1349; x_wconf 76' lang='lat' dir='ltr'>rein</span> <span class='ocrx_word' id='word_1_179' title='bbox 296 1315 468 1364; x_wconf 87' lang='lat' dir='ltr'>partem</span> <span class='ocrx_word' id='word_1_180' title='bbox 516 1301 600 1348; x_wconf 84' lang='lat' dir='ltr'>fint</span> <span class='ocrx_word' id='word_1_181' title='bbox 643 1302 927 1364; x_wconf 86' lang='lat' dir='ltr'>accipienda,</span> <span class='ocrx_word' id='word_1_182' title='bbox 972 1300 1226 1364; x_wconf 68' lang='lat' dir='ltr'>gravissime</span> <span class='ocrx_word' id='word_1_183' title='bbox 1249 1313 1401 1347; x_wconf 83' lang='lat' dir='ltr'>tamen</span> <span class='ocrx_word' id='word_1_184' title='bbox 1424 1312 1524 1346; x_wconf 90' lang='lat' dir='ltr'>tum</span> <span class='ocrx_word' id='word_1_185' title='bbox 1547 1317 1628 1347; x_wconf 89' lang='lat' dir='ltr'>nos</span> <span class='ocrx_word' id='word_1_186' title='bbox 1651 1301 1938 1349; x_wconf 82' lang='lat' dir='ltr'>offenderant</span> 
     </span>
     <span class='ocr_line' id='line_1_21' title="bbox 153 1364 1938 1429; baseline 0.001 -16"><span class='ocrx_word' id='word_1_187' title='bbox 153 1368 277 1423; x_wconf 70' lang='lat' dir='ltr'>haec,</span> <span class='ocrx_word' id='word_1_188' title='bbox 304 1366 501 1428; x_wconf 88' lang='lat' dir='ltr'>primum</span> <span class='ocrx_word' id='word_1_189' title='bbox 526 1366 800 1428; x_wconf 86' lang='lat' dir='ltr'>arrogantia,</span> <span class='ocrx_word' id='word_1_190' title='bbox 825 1366 950 1429; x_wconf 75' lang='lat' dir='ltr'>quod</span> <span class='ocrx_word' id='word_1_191' title='bbox 972 1365 1146 1413; x_wconf 79' lang='lat' dir='ltr'>nullam</span> <span class='ocrx_word' id='word_1_192' title='bbox 1167 1364 1418 1412; x_wconf 82' lang='lat' dir='ltr'>referendae</span> <span class='ocrx_word' id='word_1_193' title='bbox 1430 1365 1588 1428; x_wconf 73' lang='lat' dir='ltr'>gratiae</span> <span class='ocrx_word' id='word_1_194' title='bbox 1611 1365 1832 1428; x_wconf 88' lang='lat' dir='ltr'>reliquam</span> <span class='ocrx_word' id='word_1_195' title='bbox 1853 1383 1938 1414; x_wconf 87' lang='lat' dir='ltr'>no-</span> 
     </span>
     <span class='ocr_line' id='line_1_22' title="bbox 161 1428 1938 1494; baseline -0.001 -16"><span class='ocrx_word' id='word_1_196' title='bbox 161 1431 231 1478; x_wconf 88' lang='lat' dir='ltr'>bis</span> <span class='ocrx_word' id='word_1_197' title='bbox 253 1443 433 1494; x_wconf 85' lang='lat' dir='ltr'>putaret</span> <span class='ocrx_word' id='word_1_198' title='bbox 455 1429 669 1494; x_wconf 84' lang='lat' dir='ltr'>supereffe</span> <span class='ocrx_word' id='word_1_199' title='bbox 691 1429 971 1484; x_wconf 84' lang='lat' dir='ltr'>facultatem,</span> <span class='ocrx_word' id='word_1_200' title='bbox 992 1429 1071 1476; x_wconf 84' lang='lat' dir='ltr'>nisi</span> <span class='ocrx_word' id='word_1_201' title='bbox 1095 1429 1311 1491; x_wconf 86' lang='lat' dir='ltr'>meipsam</span> <span class='ocrx_word' id='word_1_202' title='bbox 1332 1428 1374 1476; x_wconf 92' lang='lat' dir='ltr'>ei</span> <span class='ocrx_word' id='word_1_203' title='bbox 1396 1429 1522 1476; x_wconf 89' lang='lat' dir='ltr'>velut</span> <span class='ocrx_word' id='word_1_204' title='bbox 1542 1428 1796 1477; x_wconf 86' lang='lat' dir='ltr'>officiorum</span> <span class='ocrx_word' id='word_1_205' title='bbox 1819 1447 1938 1493; x_wconf 85' lang='lat' dir='ltr'>prae·</span> 
     </span>
     <span class='ocr_line' id='line_1_23' title="bbox 162 1493 1934 1556; baseline -0.001 -11"><span class='ocrx_word' id='word_1_206' title='bbox 162 1497 310 1545; x_wconf 81' lang='lat' dir='ltr'>mium</span> <span class='ocrx_word' id='word_1_207' title='bbox 332 1493 554 1543; x_wconf 84' lang='lat' dir='ltr'>traderem</span> <span class='ocrx_word' id='word_1_208' title='bbox 579 1512 592 1541; x_wconf 73' lang='grc' dir='ltr'>ε</span> <span class='ocrx_word' id='word_1_209' title='bbox 624 1495 816 1541; x_wconf 85' lang='lat' dir='ltr'>occultae</span> <span class='ocrx_word' id='word_1_210' title='bbox 838 1493 1054 1548; x_wconf 79' lang='lat' dir='ltr'>ratione5‚</span> <span class='ocrx_word' id='word_1_211' title='bbox 1079 1499 1128 1544; x_wconf 76' lang='grc' dir='ltr'>δε</span> <span class='ocrx_word' id='word_1_212' title='bbox 1150 1493 1354 1549; x_wconf 77' lang='lat' dir='ltr'>consilia,</span> <span class='ocrx_word' id='word_1_213' title='bbox 1379 1510 1430 1539; x_wconf 90' lang='lat' dir='ltr'>ac</span> <span class='ocrx_word' id='word_1_214' title='bbox 1454 1495 1635 1541; x_wconf 88' lang='lat' dir='ltr'>tandem</span> <span class='ocrx_word' id='word_1_215' title='bbox 1661 1506 1840 1555; x_wconf 86' lang='lat' dir='ltr'>apertus</span> <span class='ocrx_word' id='word_1_216' title='bbox 1862 1497 1934 1556; x_wconf 89' lang='lat'>(1)</span> 
     </span>
     <span class='ocr_line' id='line_1_24' title="bbox 155 1557 1936 1624; baseline -0.001 -16"><span class='ocrx_word' id='word_1_217' title='bbox 155 1577 238 1624; x_wconf 19' lang='lat' dir='ltr'>ame</span> <span class='ocrx_word' id='word_1_218' title='bbox 260 1572 573 1621; x_wconf 76' lang='lat' dir='ltr'>contemptuS,</span> <span class='ocrx_word' id='word_1_219' title='bbox 599 1565 638 1606; x_wconf 70' lang='lat' dir='ltr'>Sc</span> <span class='ocrx_word' id='word_1_220' title='bbox 661 1559 727 1605; x_wconf 89' lang='lat' dir='ltr'>vis</span> <span class='ocrx_word' id='word_1_221' title='bbox 750 1557 957 1606; x_wconf 89' lang='lat' dir='ltr'>adhibita</span> <span class='ocrx_word' id='word_1_222' title='bbox 979 1558 1024 1605; x_wconf 88' lang='lat' dir='ltr'>in</span> <span class='ocrx_word' id='word_1_223' title='bbox 1052 1561 1122 1618; x_wconf 92' lang='lat'>(1)</span> <span class='ocrx_word' id='word_1_224' title='bbox 1147 1576 1220 1604; x_wconf 89' lang='lat' dir='ltr'>me</span> <span class='ocrx_word' id='word_1_225' title='bbox 1264 1562 1342 1620; x_wconf 89' lang='lat' dir='ltr'>(ne</span> <span class='ocrx_word' id='word_1_226' title='bbox 1363 1559 1528 1606; x_wconf 87' lang='lat' dir='ltr'>conatu</span> <span class='ocrx_word' id='word_1_227' title='bbox 1560 1558 1861 1617; x_wconf 77' lang='lat' dir='ltr'>trustraretur)</span> <span class='ocrx_word' id='word_1_228' title='bbox 1886 1559 1936 1608; x_wconf 89' lang='lat' dir='ltr'>in</span> 
     </span>
     <span class='ocr_line' id='line_1_25' title="bbox 160 1621 1937 1687; baseline -0.001 -15"><span class='ocrx_word' id='word_1_229' title='bbox 160 1625 285 1672; x_wconf 75' lang='lat' dir='ltr'>suar‘n</span> <span class='ocrx_word' id='word_1_230' title='bbox 312 1626 574 1686; x_wconf 88' lang='lat' dir='ltr'>potestatem</span> <span class='ocrx_word' id='word_1_231' title='bbox 617 1621 882 1687; x_wconf 86' lang='lat' dir='ltr'>redigenda.</span> <span class='ocrx_word' id='word_1_232' title='bbox 951 1624 1129 1670; x_wconf 87' lang='lat' dir='ltr'>Interea</span> <span class='ocrx_word' id='word_1_233' title='bbox 1152 1635 1247 1670; x_wconf 86' lang='lat' dir='ltr'>tota</span> <span class='ocrx_word' id='word_1_234' title='bbox 1288 1623 1395 1670; x_wconf 85' lang='lat' dir='ltr'>vitae</span> <span class='ocrx_word' id='word_1_235' title='bbox 1418 1623 1533 1671; x_wconf 86' lang='lat' dir='ltr'>ratio</span> <span class='ocrx_word' id='word_1_236' title='bbox 1552 1623 1594 1668; x_wconf 90' lang='lat' dir='ltr'>ei</span> <span class='ocrx_word' id='word_1_237' title='bbox 1616 1623 1663 1669; x_wconf 91' lang='lat' dir='ltr'>in</span> <span class='ocrx_word' id='word_1_238' title='bbox 1702 1623 1787 1669; x_wconf 86' lang='lat' dir='ltr'>hac</span> <span class='ocrx_word' id='word_1_239' title='bbox 1810 1633 1937 1685; x_wconf 82' lang='lat' dir='ltr'>parte</span> 
     </span>
     <span class='ocr_line' id='line_1_26' title="bbox 152 1687 1934 1751; baseline -0.002 -13"><span class='ocrx_word' id='word_1_240' title='bbox 152 1690 365 1738; x_wconf 64' lang='lat' dir='ltr'>instituta</span> <span class='ocrx_word' id='word_1_241' title='bbox 400 1688 614 1751; x_wconf 82' lang='lat' dir='ltr'>exemplo</span> <span class='ocrx_word' id='word_1_242' title='bbox 651 1689 736 1734; x_wconf 82' lang='lat' dir='ltr'>effe</span> <span class='ocrx_word' id='word_1_243' title='bbox 775 1689 933 1751; x_wconf 86' lang='lat' dir='ltr'>potest,</span> <span class='ocrx_word' id='word_1_244' title='bbox 977 1687 1118 1750; x_wconf 75' lang='lat' dir='ltr'>quam</span> <span class='ocrx_word' id='word_1_245' title='bbox 1141 1687 1306 1734; x_wconf 89' lang='lat' dir='ltr'>callide</span> <span class='ocrx_word' id='word_1_246' title='bbox 1349 1687 1425 1734; x_wconf 86' lang='lat' dir='ltr'>sua</span> <span class='ocrx_word' id='word_1_247' title='bbox 1445 1687 1632 1735; x_wconf 73' lang='lat' dir='ltr'>consilia</span> <span class='ocrx_word' id='word_1_248' title='bbox 1654 1699 1827 1749; x_wconf 80' lang='lat' dir='ltr'>tegant,</span> <span class='ocrx_word' id='word_1_249' title='bbox 1852 1689 1934 1750; x_wconf 91' lang='lat' dir='ltr'>qui</span> 
     </span>
     <span class='ocr_line' id='line_1_27' title="bbox 161 1751 1937 1818; baseline -0.002 -15"><span class='ocrx_word' id='word_1_250' title='bbox 161 1771 384 1818; x_wconf 80' lang='lat' dir='ltr'>magnum</span> <span class='ocrx_word' id='word_1_251' title='bbox 406 1753 580 1800; x_wconf 85' lang='lat' dir='ltr'>facinus</span> <span class='ocrx_word' id='word_1_252' title='bbox 604 1751 906 1815; x_wconf 87' lang='lat' dir='ltr'>susceperunt,</span> <span class='ocrx_word' id='word_1_253' title='bbox 931 1752 1077 1799; x_wconf 90' lang='lat' dir='ltr'>donec</span> <span class='ocrx_word' id='word_1_254' title='bbox 1098 1752 1196 1798; x_wconf 89' lang='lat' dir='ltr'>voti</span> <span class='ocrx_word' id='word_1_255' title='bbox 1221 1763 1458 1814; x_wconf 87' lang='lat' dir='ltr'>compotes</span> <span class='ocrx_word' id='word_1_256' title='bbox 1481 1752 1605 1799; x_wconf 88' lang='lat' dir='ltr'>fiant.</span> <span class='ocrx_word' id='word_1_257' title='bbox 1685 1753 1787 1815; x_wconf 84' lang='lat' dir='ltr'>Ego</span> <span class='ocrx_word' id='word_1_258' title='bbox 1810 1752 1937 1799; x_wconf 91' lang='lat' dir='ltr'>enim</span> 
     </span>
     <span class='ocr_line' id='line_1_28' title="bbox 158 1814 1935 1882; baseline 0 -17"><span class='ocrx_word' id='word_1_259' title='bbox 158 1819 279 1865; x_wconf 87' lang='lat' dir='ltr'>hanc</span> <span class='ocrx_word' id='word_1_260' title='bbox 304 1832 566 1882; x_wconf 88' lang='lat' dir='ltr'>perpetuam</span> <span class='ocrx_word' id='word_1_261' title='bbox 590 1817 687 1879; x_wconf 88' lang='lat' dir='ltr'>ejus</span> <span class='ocrx_word' id='word_1_262' title='bbox 710 1816 1059 1871; x_wconf 85' lang='lat' dir='ltr'>observantiam,</span> <span class='ocrx_word' id='word_1_263' title='bbox 1085 1821 1130 1865; x_wconf 63' lang='grc' dir='ltr'>ἃ</span> <span class='ocrx_word' id='word_1_264' title='bbox 1157 1816 1443 1863; x_wconf 84' lang='lat' dir='ltr'>sedulitatem</span> <span class='ocrx_word' id='word_1_265' title='bbox 1464 1814 1668 1878; x_wconf 87' lang='lat' dir='ltr'>imperiis</span> <span class='ocrx_word' id='word_1_266' title='bbox 1691 1814 1805 1862; x_wconf 86' lang='lat' dir='ltr'>meis</span> <span class='ocrx_word' id='word_1_267' title='bbox 1827 1832 1935 1865; x_wconf 87' lang='lat' dir='ltr'>cum</span> 
     </span>
     <span class='ocr_line' id='line_1_29' title="bbox 156 1877 1940 1944; baseline -0.001 -14"><span class='ocrx_word' id='word_1_268' title='bbox 156 1877 352 1931; x_wconf 65' lang='lat' dir='ltr'>surnma‘</span> <span class='ocrx_word' id='word_1_269' title='bbox 377 1883 607 1929; x_wconf 85' lang='lat' dir='ltr'>celeritate</span> <span class='ocrx_word' id='word_1_270' title='bbox 651 1881 843 1944; x_wconf 83' lang='lat' dir='ltr'>parendi</span> <span class='ocrx_word' id='word_1_271' title='bbox 873 1898 965 1928; x_wconf 90' lang='lat' dir='ltr'>non</span> <span class='ocrx_word' id='word_1_272' title='bbox 987 1898 1042 1927; x_wconf 86' lang='lat' dir='ltr'>ex</span> <span class='ocrx_word' id='word_1_273' title='bbox 1066 1881 1156 1927; x_wconf 90' lang='lat' dir='ltr'>alio</span> <span class='ocrx_word' id='word_1_274' title='bbox 1180 1878 1307 1926; x_wconf 90' lang='lat' dir='ltr'>fonte</span> <span class='ocrx_word' id='word_1_275' title='bbox 1331 1897 1528 1935; x_wconf 70' lang='lat' dir='ltr'>manare,</span> <span class='ocrx_word' id='word_1_276' title='bbox 1555 1879 1693 1943; x_wconf 71' lang='lat' dir='ltr'>quarn</span> <span class='ocrx_word' id='word_1_277' title='bbox 1717 1897 1774 1927; x_wconf 82' lang='lat' dir='ltr'>ex</span> <span class='ocrx_word' id='word_1_278' title='bbox 1796 1881 1940 1928; x_wconf 83' lang='lat' dir='ltr'>vehe-</span> 
     </span>
     <span class='ocr_line' id='line_1_30' title="bbox 161 1943 1937 2008; baseline -0.002 -13"><span class='ocrx_word' id='word_1_279' title='bbox 161 1947 309 1995; x_wconf 90' lang='lat' dir='ltr'>menti</span> <span class='ocrx_word' id='word_1_280' title='bbox 333 1947 783 2008; x_wconf 83' lang='lat' dir='ltr'>studiodeclarandae</span> <span class='ocrx_word' id='word_1_281' title='bbox 802 1962 912 2008; x_wconf 86' lang='lat' dir='ltr'>erga</span> <span class='ocrx_word' id='word_1_282' title='bbox 941 1962 1014 1992; x_wconf 90' lang='lat' dir='ltr'>me</span> <span class='ocrx_word' id='word_1_283' title='bbox 1037 1944 1284 1992; x_wconf 72' lang='lat' dir='ltr'>voluntatis</span> <span class='ocrx_word' id='word_1_284' title='bbox 1307 1943 1560 1992; x_wconf 75' lang='lat' dir='ltr'>existimavi</span> <span class='ocrx_word' id='word_1_285' title='bbox 1586 1962 1598 1990; x_wconf 73' lang='grc' dir='ltr'>ε</span> <span class='ocrx_word' id='word_1_286' title='bbox 1631 1960 1778 2007; x_wconf 88' lang='lat' dir='ltr'>neque</span> <span class='ocrx_word' id='word_1_287' title='bbox 1802 1944 1937 1993; x_wconf 84' lang='lat' dir='ltr'>altius</span> 
     </span>
     <span class='ocr_line' id='line_1_31' title="bbox 162 2008 1937 2072; baseline -0.001 -13"><span class='ocrx_word' id='word_1_288' title='bbox 162 2014 310 2059; x_wconf 88' lang='lat' dir='ltr'>ullum</span> <span class='ocrx_word' id='word_1_289' title='bbox 334 2024 412 2059; x_wconf 87' lang='lat' dir='ltr'>ant</span> <span class='ocrx_word' id='word_1_290' title='bbox 423 2024 599 2066; x_wconf 88' lang='lat' dir='ltr'>votum,</span> <span class='ocrx_word' id='word_1_291' title='bbox 623 2023 702 2057; x_wconf 89' lang='lat' dir='ltr'>aut</span> <span class='ocrx_word' id='word_1_292' title='bbox 715 2010 1071 2070; x_wconf 9' lang='lat' dir='ltr'>confiliumwillic</span> <span class='ocrx_word' id='word_1_293' title='bbox 1089 2008 1308 2056; x_wconf 73' lang='lat' dir='ltr'>occultari</span> <span class='ocrx_word' id='word_1_294' title='bbox 1324 2010 1559 2072; x_wconf 89' lang='lat' dir='ltr'>putabam.</span> <span class='ocrx_word' id='word_1_295' title='bbox 1607 2009 1710 2055; x_wconf 89' lang='lat' dir='ltr'>Nec</span> <span class='ocrx_word' id='word_1_296' title='bbox 1735 2024 1937 2069; x_wconf 87' lang='lat' dir='ltr'>unquam</span> 
     </span>
     <span class='ocr_line' id='line_1_32' title="bbox 161 2073 1939 2138; baseline -0.002 -14"><span class='ocrx_word' id='word_1_297' title='bbox 161 2078 260 2124; x_wconf 76' lang='lat' dir='ltr'>fore</span> <span class='ocrx_word' id='word_1_298' title='bbox 283 2075 472 2138; x_wconf 88' lang='lat' dir='ltr'>speravi,</span> <span class='ocrx_word' id='word_1_299' title='bbox 501 2089 549 2124; x_wconf 92' lang='lat' dir='ltr'>ut</span> <span class='ocrx_word' id='word_1_300' title='bbox 572 2074 709 2136; x_wconf 88' lang='lat' dir='ltr'>paulo</span> <span class='ocrx_word' id='word_1_301' title='bbox 733 2074 1000 2121; x_wconf 81' lang='lat' dir='ltr'>familiarior</span> <span class='ocrx_word' id='word_1_302' title='bbox 1021 2074 1191 2129; x_wconf 89' lang='lat' dir='ltr'>vultus,</span> <span class='ocrx_word' id='word_1_303' title='bbox 1216 2090 1309 2136; x_wconf 90' lang='lat' dir='ltr'>quo</span> <span class='ocrx_word' id='word_1_304' title='bbox 1333 2073 1400 2121; x_wconf 88' lang='lat' dir='ltr'>uti</span> <span class='ocrx_word' id='word_1_305' title='bbox 1421 2073 1614 2120; x_wconf 87' lang='lat' dir='ltr'>solemus</span> <span class='ocrx_word' id='word_1_306' title='bbox 1657 2090 1762 2136; x_wconf 87' lang='lat' dir='ltr'>erga</span> <span class='ocrx_word' id='word_1_307' title='bbox 1785 2073 1939 2120; x_wconf 87' lang='lat' dir='ltr'>homi·</span> 
     </span>
     <span class='ocr_line' id='line_1_33' title="bbox 157 2137 1938 2201; baseline -0.002 -13"><span class='ocrx_word' id='word_1_308' title='bbox 157 2158 239 2189; x_wconf 84' lang='lat' dir='ltr'>nes</span> <span class='ocrx_word' id='word_1_309' title='bbox 261 2141 468 2195; x_wconf 84' lang='lat' dir='ltr'>illustres,</span> <span class='ocrx_word' id='word_1_310' title='bbox 495 2153 543 2187; x_wconf 87' lang='lat' dir='ltr'>ut</span> <span class='ocrx_word' id='word_1_311' title='bbox 564 2140 823 2186; x_wconf 89' lang='lat' dir='ltr'>voluntates</span> <span class='ocrx_word' id='word_1_312' title='bbox 845 2155 1003 2186; x_wconf 88' lang='lat' dir='ltr'>eorum</span> <span class='ocrx_word' id='word_1_313' title='bbox 1028 2139 1086 2186; x_wconf 90' lang='lat' dir='ltr'>ad</span> <span class='ocrx_word' id='word_1_314' title='bbox 1129 2137 1362 2185; x_wconf 74' lang='lat' dir='ltr'>lubentius</span> <span class='ocrx_word' id='word_1_315' title='bbox 1406 2137 1538 2185; x_wconf 89' lang='lat' dir='ltr'>nobis</span> <span class='ocrx_word' id='word_1_316' title='bbox 1561 2138 1813 2201; x_wconf 85' lang='lat' dir='ltr'>parendum</span> <span class='ocrx_word' id='word_1_317' title='bbox 1856 2138 1938 2184; x_wconf 88' lang='lat' dir='ltr'>de·</span> 
     </span>
     <span class='ocr_line' id='line_1_34' title="bbox 160 2201 1935 2265; baseline -0.002 -12"><span class='ocrx_word' id='word_1_318' title='bbox 160 2206 436 2260; x_wconf 76' lang='lat' dir='ltr'>vinciamuS,</span> <span class='ocrx_word' id='word_1_319' title='bbox 463 2203 670 2251; x_wconf 88' lang='lat' dir='ltr'>animum</span> <span class='ocrx_word' id='word_1_320' title='bbox 693 2203 789 2265; x_wconf 89' lang='lat' dir='ltr'>ejus</span> <span class='ocrx_word' id='word_1_321' title='bbox 811 2202 1024 2265; x_wconf 86' lang='lat' dir='ltr'>erigeret,</span> <span class='ocrx_word' id='word_1_322' title='bbox 1058 2214 1108 2251; x_wconf 90' lang='lat' dir='ltr'>ut</span> <span class='ocrx_word' id='word_1_323' title='bbox 1127 2202 1432 2250; x_wconf 82' lang='lat' dir='ltr'>insolentioris</span> <span class='ocrx_word' id='word_1_324' title='bbox 1455 2201 1788 2248; x_wconf 75' lang='lat' dir='ltr'>benevolentiae</span> <span class='ocrx_word' id='word_1_325' title='bbox 1810 2201 1935 2265; x_wconf 90' lang='lat' dir='ltr'>spem</span> 
     </span>
     <span class='ocr_line' id='line_1_35' title="bbox 160 2266 1940 2332; baseline -0.002 -14"><span class='ocrx_word' id='word_1_326' title='bbox 160 2269 245 2318; x_wconf 85' lang='lat' dir='ltr'>fibi</span> <span class='ocrx_word' id='word_1_327' title='bbox 267 2271 324 2318; x_wconf 89' lang='lat' dir='ltr'>de</span> <span class='ocrx_word' id='word_1_328' title='bbox 346 2271 478 2317; x_wconf 88' lang='lat' dir='ltr'>nobis</span> <span class='ocrx_word' id='word_1_329' title='bbox 503 2268 803 2332; x_wconf 85' lang='lat' dir='ltr'>promitteret.</span> <span class='ocrx_word' id='word_1_330' title='bbox 872 2268 957 2315; x_wconf 88' lang='lat' dir='ltr'>Ille</span> <span class='ocrx_word' id='word_1_331' title='bbox 981 2282 1132 2315; x_wconf 88' lang='lat' dir='ltr'>tamen</span> <span class='ocrx_word' id='word_1_332' title='bbox 1148 2267 1335 2314; x_wconf 87' lang='lat' dir='ltr'>fortuita</span> <span class='ocrx_word' id='word_1_333' title='bbox 1355 2266 1492 2314; x_wconf 88' lang='lat' dir='ltr'>etiam</span> <span class='ocrx_word' id='word_1_334' title='bbox 1515 2267 1563 2312; x_wconf 94' lang='lat' dir='ltr'>in</span> <span class='ocrx_word' id='word_1_335' title='bbox 1584 2266 1707 2312; x_wconf 90' lang='lat' dir='ltr'>suam</span> <span class='ocrx_word' id='word_1_336' title='bbox 1729 2283 1827 2313; x_wconf 89' lang='lat' dir='ltr'>rem</span> <span class='ocrx_word' id='word_1_337' title='bbox 1847 2277 1940 2326; x_wconf 85' lang='lat' dir='ltr'>tra-</span> 
     </span>
     <span class='ocr_line' id='line_1_36' title="bbox 161 2327 1936 2396; baseline -0.002 -14"><span class='ocrx_word' id='word_1_338' title='bbox 161 2334 293 2389; x_wconf 71' lang='lat' dir='ltr'>hem,</span> <span class='ocrx_word' id='word_1_339' title='bbox 318 2334 594 2396; x_wconf 75' lang='lat' dir='ltr'>consiliaque</span> <span class='ocrx_word' id='word_1_340' title='bbox 617 2332 694 2379; x_wconf 87' lang='lat' dir='ltr'>sua</span> <span class='ocrx_word' id='word_1_341' title='bbox 714 2336 833 2379; x_wconf 86' lang='lat' dir='ltr'>clam</span> <span class='ocrx_word' id='word_1_342' title='bbox 849 2348 921 2379; x_wconf 90' lang='lat' dir='ltr'>me</span> <span class='ocrx_word' id='word_1_343' title='bbox 942 2332 1102 2380; x_wconf 86' lang='lat' dir='ltr'>fovens</span> <span class='ocrx_word' id='word_1_344' title='bbox 1117 2345 1216 2379; x_wconf 83' lang='lat' dir='ltr'>turn</span> <span class='ocrx_word' id='word_1_345' title='bbox 1231 2332 1422 2394; x_wconf 81' lang='lat' dir='ltr'>quidem</span> <span class='ocrx_word' id='word_1_346' title='bbox 1444 2331 1573 2378; x_wconf 89' lang='lat' dir='ltr'>solita</span> <span class='ocrx_word' id='word_1_347' title='bbox 1592 2327 1877 2377; x_wconf 77' lang='lat' dir='ltr'>observantia</span> <span class='ocrx_word' id='word_1_348' title='bbox 1893 2335 1936 2378; x_wconf 86' lang='lat'>&amp;</span> 
     </span>
     <span class='ocr_line' id='line_1_37' title="bbox 160 2394 1932 2465; baseline -0.003 -19"><span class='ocrx_word' id='word_1_349' title='bbox 160 2400 398 2465; x_wconf 83' lang='lat' dir='ltr'>pristinum</span> <span class='ocrx_word' id='word_1_350' title='bbox 425 2398 651 2444; x_wconf 87' lang='lat' dir='ltr'>nutriebat</span> <span class='ocrx_word' id='word_1_351' title='bbox 697 2397 919 2452; x_wconf 86' lang='lat' dir='ltr'>favorem,</span> <span class='ocrx_word' id='word_1_352' title='bbox 973 2400 1023 2446; x_wconf 68' lang='lat' dir='ltr'>&amp;c</span> <span class='ocrx_word' id='word_1_353' title='bbox 1047 2397 1296 2460; x_wconf 86' lang='lat' dir='ltr'>prensando</span> <span class='ocrx_word' id='word_1_354' title='bbox 1336 2394 1622 2459; x_wconf 70' lang='lat' dir='ltr'>nobilitatem</span> <span class='ocrx_word' id='word_1_355' title='bbox 1655 2410 1826 2442; x_wconf 87' lang='lat' dir='ltr'>novum</span> <span class='ocrx_word' id='word_1_356' title='bbox 1850 2410 1932 2441; x_wconf 84' lang='lat' dir='ltr'>oc·-</span> 
     </span>
     <span class='ocr_line' id='line_1_38' title="bbox 158 2458 1932 2525; baseline -0.001 -16"><span class='ocrx_word' id='word_1_357' title='bbox 158 2464 284 2525; x_wconf 70' lang='lat' dir='ltr'>culte</span> <span class='ocrx_word' id='word_1_358' title='bbox 307 2462 536 2509; x_wconf 89' lang='lat' dir='ltr'>ambiebat</span> <span class='ocrx_word' id='word_1_359' title='bbox 561 2481 572 2508; x_wconf 89' lang='lat'>:</span> <span class='ocrx_word' id='word_1_360' title='bbox 609 2473 881 2524; x_wconf 85' lang='lat' dir='ltr'>tantumque</span> <span class='ocrx_word' id='word_1_361' title='bbox 912 2462 1075 2508; x_wconf 82' lang='lat' dir='ltr'>affidua</span> <span class='ocrx_word' id='word_1_362' title='bbox 1096 2460 1338 2523; x_wconf 87' lang='lat' dir='ltr'>diligentia</span> <span class='ocrx_word' id='word_1_363' title='bbox 1366 2458 1585 2522; x_wconf 81' lang='lat' dir='ltr'>perfecit,</span> <span class='ocrx_word' id='word_1_364' title='bbox 1611 2471 1659 2504; x_wconf 90' lang='lat' dir='ltr'>ut</span> <span class='ocrx_word' id='word_1_365' title='bbox 1681 2475 1755 2504; x_wconf 90' lang='lat' dir='ltr'>me</span> <span class='ocrx_word' id='word_1_366' title='bbox 1778 2475 1932 2507; x_wconf 87' lang='lat' dir='ltr'>rerum</span> 
     </span>
     <span class='ocr_line' id='line_1_39' title="bbox 157 2522 1934 2588; baseline -0.003 -13"><span class='ocrx_word' id='word_1_367' title='bbox 157 2527 345 2575; x_wconf 79' lang='lat' dir='ltr'>&#39;illarum</span> <span class='ocrx_word' id='word_1_368' title='bbox 367 2525 507 2573; x_wconf 90' lang='lat' dir='ltr'>inscia</span> <span class='ocrx_word' id='word_1_369' title='bbox 527 2527 631 2573; x_wconf 72' lang='lat' dir='ltr'>cum</span> <span class='ocrx_word' id='word_1_370' title='bbox 655 2525 868 2588; x_wconf 79' lang='lat' dir='ltr'>ordinum</span> <span class='ocrx_word' id='word_1_371' title='bbox 891 2539 1141 2573; x_wconf 90' lang='lat' dir='ltr'>conventus</span> <span class='ocrx_word' id='word_1_372' title='bbox 1163 2525 1239 2571; x_wconf 91' lang='lat' dir='ltr'>hic</span> <span class='ocrx_word' id='word_1_373' title='bbox 1261 2526 1382 2580; x_wconf 69' lang='lat' dir='ltr'>esset,</span> <span class='ocrx_word' id='word_1_374' title='bbox 1408 2524 1465 2574; x_wconf 86' lang='lat' dir='ltr'>ab</span> <span class='ocrx_word' id='word_1_375' title='bbox 1490 2522 1693 2569; x_wconf 84' lang='lat' dir='ltr'>universa</span> <span class='ocrx_word' id='word_1_376' title='bbox 1716 2522 1934 2570; x_wconf 86' lang='lat' dir='ltr'>nobilita-</span> 
     </span>
     <span class='ocr_line' id='line_1_40' title="bbox 158 2585 1936 2654; baseline -0.003 -16"><span class='ocrx_word' id='word_1_377' title='bbox 158 2603 206 2641; x_wconf 83' lang='lat' dir='ltr'>te</span> <span class='ocrx_word' id='word_1_378' title='bbox 228 2591 445 2654; x_wconf 88' lang='lat' dir='ltr'>scriptum</span> <span class='ocrx_word' id='word_1_379' title='bbox 468 2589 795 2653; x_wconf 84' lang='lat' dir='ltr'>impetraverit,</span> <span class='ocrx_word' id='word_1_380' title='bbox 822 2591 1030 2637; x_wconf 84' lang='lat' dir='ltr'>omnium</span> <span class='ocrx_word' id='word_1_381' title='bbox 1051 2585 1368 2654; x_wconf 84' lang='lat' dir='ltr'>chirographis</span> <span class='ocrx_word' id='word_1_382' title='bbox 1409 2588 1466 2634; x_wconf 91' lang='lat' dir='ltr'>ad</span> <span class='ocrx_word' id='word_1_383' title='bbox 1510 2588 1646 2634; x_wconf 86' lang='lat' dir='ltr'>fidem</span> <span class='ocrx_word' id='word_1_384' title='bbox 1679 2585 1936 2644; x_wconf 82' lang='lat' dir='ltr'>faciendam</span> 
     </span>
     <span class='ocr_line' id='line_1_41' title="bbox 143 2651 1936 2720; baseline -0.007 -15"><span class='ocrx_word' id='word_1_385' title='bbox 143 2656 395 2720; x_wconf 60' lang='lat' dir='ltr'>«appositis.</span> <span class='ocrx_word' id='word_1_386' title='bbox 464 2656 572 2719; x_wconf 83' lang='lat' dir='ltr'>Qo</span> <span class='ocrx_word' id='word_1_387' title='bbox 594 2653 759 2717; x_wconf 90' lang='lat' dir='ltr'>scripto</span> <span class='ocrx_word' id='word_1_388' title='bbox 776 2671 867 2701; x_wconf 89' lang='lat' dir='ltr'>non</span> <span class='ocrx_word' id='word_1_389' title='bbox 892 2655 1030 2701; x_wconf 91' lang='lat' dir='ltr'>modo</span> <span class='ocrx_word' id='word_1_390' title='bbox 1049 2654 1221 2716; x_wconf 90' lang='lat' dir='ltr'>nuptiis</span> <span class='ocrx_word' id='word_1_391' title='bbox 1242 2652 1361 2700; x_wconf 86' lang='lat' dir='ltr'>inter</span> <span class='ocrx_word' id='word_1_392' title='bbox 1385 2663 1475 2707; x_wconf 82' lang='lat' dir='ltr'>me,</span> <span class='ocrx_word' id='word_1_393' title='bbox 1500 2655 1549 2701; x_wconf 85' lang='lat'>&amp;</span> <span class='ocrx_word' id='word_1_394' title='bbox 1571 2651 1703 2698; x_wconf 87' lang='lat' dir='ltr'>illum</span> <span class='ocrx_word' id='word_1_395' title='bbox 1727 2652 1936 2700; x_wconf 83' lang='lat' dir='ltr'>affentie.</span> 
     </span>
     <span class='ocr_line' id='line_1_42' title="bbox 156 2714 1937 2782; baseline -0.002 -14"><span class='ocrx_word' id='word_1_396' title='bbox 156 2721 346 2775; x_wconf 80' lang='lat' dir='ltr'>bantur,</span> <span class='ocrx_word' id='word_1_397' title='bbox 366 2721 444 2782; x_wconf 78' lang='lat'>(2)</span> <span class='ocrx_word' id='word_1_398' title='bbox 470 2736 521 2765; x_wconf 90' lang='lat' dir='ltr'>ac</span> <span class='ocrx_word' id='word_1_399' title='bbox 545 2719 680 2774; x_wconf 87' lang='lat' dir='ltr'>bona,</span> <span class='ocrx_word' id='word_1_400' title='bbox 704 2719 942 2782; x_wconf 86' lang='lat' dir='ltr'>vitamque</span> <span class='ocrx_word' id='word_1_401' title='bbox 962 2717 1011 2766; x_wconf 88' lang='lat' dir='ltr'>iu</span> <span class='ocrx_word' id='word_1_402' title='bbox 1033 2716 1232 2768; x_wconf 72' lang='lat' dir='ltr'>consiliis</span> <span class='ocrx_word' id='word_1_403' title='bbox 1253 2716 1531 2779; x_wconf 88' lang='lat' dir='ltr'>exequendis</span> <span class='ocrx_word' id='word_1_404' title='bbox 1554 2715 1595 2761; x_wconf 92' lang='lat' dir='ltr'>se</span> <span class='ocrx_word' id='word_1_405' title='bbox 1618 2714 1832 2764; x_wconf 88' lang='lat' dir='ltr'>omnibus</span> <span class='ocrx_word' id='word_1_406' title='bbox 1853 2732 1937 2777; x_wconf 90' lang='lat' dir='ltr'>pe-</span> 
     </span>
     <span class='ocr_line' id='line_1_43' title="bbox 118 2779 1943 2847; baseline -0.002 -15"><span class='ocrx_word' id='word_1_407' title='bbox 118 2845 121 2847; x_wconf 7' lang='lat'><em>*</em></span> <span class='ocrx_word' id='word_1_408' title='bbox 148 2784 316 2832; x_wconf 72' lang='lat' dir='ltr'>·&#39;riculis</span> <span class='ocrx_word' id='word_1_409' title='bbox 357 2784 614 2845; x_wconf 67' lang='lat' dir='ltr'>objeeturos</span> <span class='ocrx_word' id='word_1_410' title='bbox 657 2784 1002 2845; x_wconf 83' lang='lat' dir='ltr'>promittebant,</span> <span class='ocrx_word' id='word_1_411' title='bbox 1029 2782 1166 2846; x_wconf 88' lang='lat' dir='ltr'>seque</span> <span class='ocrx_word' id='word_1_412' title='bbox 1194 2781 1426 2837; x_wconf 88' lang='lat' dir='ltr'>omnibus,</span> <span class='ocrx_word' id='word_1_413' title='bbox 1451 2780 1533 2845; x_wconf 90' lang='lat' dir='ltr'>qui</span> <span class='ocrx_word' id='word_1_414' title='bbox 1576 2796 1673 2828; x_wconf 88' lang='lat' dir='ltr'>rem</span> <span class='ocrx_word' id='word_1_415' title='bbox 1697 2779 1943 2844; x_wconf 65' lang='lat' dir='ltr'>impedire</span> 
     </span>
     <span class='ocr_line' id='line_1_44' title="bbox 155 2848 1409 2898; baseline -0.001 -2"><span class='ocrx_word' id='word_1_416' title='bbox 155 2861 443 2897; x_wconf 49' lang='lat' dir='ltr'>‘conarentur</span> <span class='ocrx_word' id='word_1_417' title='bbox 465 2848 642 2894; x_wconf 87' lang='lat' dir='ltr'>futuros</span> <span class='ocrx_word' id='word_1_418' title='bbox 662 2849 859 2895; x_wconf 86' lang='lat' dir='ltr'>hostes.”</span> <span class='ocrx_word' id='word_1_419' title='bbox 1150 2893 1152 2895; x_wconf 76' lang='grc'>,</span> <span class='ocrx_word' id='word_1_420' title='bbox 1308 2876 1322 2898; x_wconf 72' lang='grc'>,·</span> <span class='ocrx_word' id='word_1_421' title='bbox 1406 2868 1409 2873; x_wconf 61' lang='grc'><em>’</em></span> 
     </span>
    </p>

    <p class='ocr_par' dir='ltr' id='par_1_5' title="bbox 146 2906 1941 3296">
     <span class='ocr_line' id='line_1_45' title="bbox 230 2906 1929 2973; baseline -0.002 -13"><span class='ocrx_word' id='word_1_422' title='bbox 230 2909 429 2963; x_wconf 84' lang='lat' dir='ltr'>XXXV.</span> <span class='ocrx_word' id='word_1_423' title='bbox 459 2920 498 2970; x_wconf 59' lang='lat' dir='ltr'>‘f</span> <span class='ocrx_word' id='word_1_424' title='bbox 529 2911 780 2959; x_wconf 86' lang='lat' dir='ltr'>Nobilitati</span> <span class='ocrx_word' id='word_1_425' title='bbox 801 2923 972 2970; x_wconf 81' lang='lat' dir='ltr'>autem,</span> <span class='ocrx_word' id='word_1_426' title='bbox 1019 2923 1069 2958; x_wconf 90' lang='lat' dir='ltr'>ut</span> <span class='ocrx_word' id='word_1_427' title='bbox 1089 2909 1269 2958; x_wconf 87' lang='lat' dir='ltr'>facilius</span> <span class='ocrx_word' id='word_1_428' title='bbox 1291 2909 1519 2958; x_wconf 89' lang='lat' dir='ltr'>obtineret</span> <span class='ocrx_word' id='word_1_429' title='bbox 1540 2906 1752 2973; x_wconf 77' lang='lat' dir='ltr'>suffragia</span> <span class='ocrx_word' id='word_1_430' title='bbox 1775 2907 1929 2972; x_wconf 84' lang='lat' dir='ltr'>fingu-</span> 
     </span>
     <span class='ocr_line' id='line_1_46' title="bbox 148 2971 1934 3039; baseline -0.003 -14"><span class='ocrx_word' id='word_1_431' title='bbox 148 2977 331 3033; x_wconf 64' lang='lat' dir='ltr'>&gt;lerunt,</span> <span class='ocrx_word' id='word_1_432' title='bbox 354 2975 642 3039; x_wconf 85' lang='lat' dir='ltr'>persuaserat,</span> <span class='ocrx_word' id='word_1_433' title='bbox 667 2992 741 3023; x_wconf 88' lang='lat' dir='ltr'>me</span> <span class='ocrx_word' id='word_1_434' title='bbox 763 2994 853 3024; x_wconf 85' lang='lat' dir='ltr'>non</span> <span class='ocrx_word' id='word_1_435' title='bbox 876 2976 1130 3024; x_wconf 86' lang='lat' dir='ltr'>invitahaec</span> <span class='ocrx_word' id='word_1_436' title='bbox 1151 2991 1178 3022; x_wconf 89' lang='lat' dir='ltr'>a</span> <span class='ocrx_word' id='word_1_437' title='bbox 1197 2974 1239 3021; x_wconf 90' lang='lat' dir='ltr'>se</span> <span class='ocrx_word' id='word_1_438' title='bbox 1256 2975 1370 3039; x_wconf 84' lang='lat' dir='ltr'>geri.</span> <span class='ocrx_word' id='word_1_439' title='bbox 1423 2975 1531 3022; x_wconf 92' lang='lat' dir='ltr'>Hoc</span> <span class='ocrx_word' id='word_1_440' title='bbox 1554 2974 1741 3021; x_wconf 89' lang='lat' dir='ltr'>demum</span> <span class='ocrx_word' id='word_1_441' title='bbox 1764 2971 1934 3035; x_wconf 84' lang='lat' dir='ltr'>scripto</span> 
     </span>
     <span class='ocr_line' id='line_1_47' title="bbox 146 3037 1933 3104; baseline -0.002 -15"><span class='ocrx_word' id='word_1_442' title='bbox 146 3042 222 3089; x_wconf 61' lang='lat' dir='ltr'>„ab</span> <span class='ocrx_word' id='word_1_443' title='bbox 245 3041 336 3087; x_wconf 86' lang='lat' dir='ltr'>illis</span> <span class='ocrx_word' id='word_1_444' title='bbox 359 3043 623 3103; x_wconf 84' lang='lat' dir='ltr'>impetratO,</span> <span class='ocrx_word' id='word_1_445' title='bbox 671 3041 815 3104; x_wconf 89' lang='lat' dir='ltr'>coepit</span> <span class='ocrx_word' id='word_1_446' title='bbox 844 3041 1124 3104; x_wconf 88' lang='lat' dir='ltr'>pedetentim</span> <span class='ocrx_word' id='word_1_447' title='bbox 1151 3038 1492 3095; x_wconf 84' lang='lat' dir='ltr'>accuratiflimis</span> <span class='ocrx_word' id='word_1_448' title='bbox 1516 3037 1933 3101; x_wconf 83' lang='lat' dir='ltr'>precibusnostrum</span> 
     </span>
     <span class='ocr_line' id='line_1_48' title="bbox 159 3101 1935 3168; baseline -0.002 -16"><span class='ocrx_word' id='word_1_449' title='bbox 159 3121 349 3168; x_wconf 83' lang='lat' dir='ltr'>quoque</span> <span class='ocrx_word' id='word_1_450' title='bbox 361 3103 623 3152; x_wconf 84' lang='lat' dir='ltr'>consensum</span> <span class='ocrx_word' id='word_1_451' title='bbox 636 3104 879 3152; x_wconf 86' lang='lat' dir='ltr'>eblandiri.</span> <span class='ocrx_word' id='word_1_452' title='bbox 905 3106 994 3152; x_wconf 86' lang='lat' dir='ltr'>Sed</span> <span class='ocrx_word' id='word_1_453' title='bbox 1011 3119 1117 3150; x_wconf 82' lang='lat' dir='ltr'>cum</span> <span class='ocrx_word' id='word_1_454' title='bbox 1134 3102 1339 3166; x_wconf 80' lang='lat' dir='ltr'>responsa</span> <span class='ocrx_word' id='word_1_455' title='bbox 1357 3104 1502 3150; x_wconf 84' lang='lat' dir='ltr'>nostra</span> <span class='ocrx_word' id='word_1_456' title='bbox 1515 3104 1610 3164; x_wconf 86' lang='lat' dir='ltr'>ejus</span> <span class='ocrx_word' id='word_1_457' title='bbox 1633 3101 1818 3148; x_wconf 86' lang='lat' dir='ltr'>libidini</span> <span class='ocrx_word' id='word_1_458' title='bbox 1841 3117 1935 3148; x_wconf 88' lang='lat' dir='ltr'>non</span> 
     </span>
     <span class='ocr_line' id='line_1_49' title="bbox 158 3164 1940 3231; baseline -0.004 -14"><span class='ocrx_word' id='word_1_459' title='bbox 158 3168 489 3222; x_wconf 52' lang='lat' dir='ltr'>consentirent,</span> <span class='ocrx_word' id='word_1_460' title='bbox 508 3167 652 3230; x_wconf 86' lang='lat' dir='ltr'>coepit</span> <span class='ocrx_word' id='word_1_461' title='bbox 672 3181 777 3216; x_wconf 89' lang='lat' dir='ltr'>ante</span> <span class='ocrx_word' id='word_1_462' title='bbox 789 3169 944 3217; x_wconf 89' lang='lat' dir='ltr'>oculos</span> <span class='ocrx_word' id='word_1_463' title='bbox 962 3182 1172 3216; x_wconf 86' lang='lat' dir='ltr'>revocare</span> <span class='ocrx_word' id='word_1_464' title='bbox 1185 3183 1239 3214; x_wconf 90' lang='lat' dir='ltr'>ea</span> <span class='ocrx_word' id='word_1_465' title='bbox 1249 3167 1470 3231; x_wconf 85' lang='lat' dir='ltr'>fere,quae</span> <span class='ocrx_word' id='word_1_466' title='bbox 1484 3168 1530 3215; x_wconf 86' lang='lat' dir='ltr'>in</span> <span class='ocrx_word' id='word_1_467' title='bbox 1547 3164 1806 3227; x_wconf 84' lang='lat' dir='ltr'>hujusmodi</span> <span class='ocrx_word' id='word_1_468' title='bbox 1827 3181 1940 3211; x_wconf 92' lang='lat' dir='ltr'>con-</span> 
     </span>
     <span class='ocr_line' id='line_1_50' title="bbox 152 3227 1941 3296; baseline -0.004 -14"><span class='ocrx_word' id='word_1_469' title='bbox 152 3230 272 3282; x_wconf 51' lang='lat' dir='ltr'>siliis</span> <span class='ocrx_word' id='word_1_470' title='bbox 285 3231 577 3296; x_wconf 82' lang='lat' dir='ltr'>suscipiendis</span> <span class='ocrx_word' id='word_1_471' title='bbox 595 3246 831 3280; x_wconf 81' lang='lat' dir='ltr'>occurrere</span> <span class='ocrx_word' id='word_1_472' title='bbox 843 3232 1172 3291; x_wconf 84' lang='lat' dir='ltr'>consueverunt</span> <span class='ocrx_word' id='word_1_473' title='bbox 1185 3231 1508 3295; x_wconf 79' lang='lat' dir='ltr'>:(3)exteriora</span> <span class='ocrx_word' id='word_1_474' title='bbox 1520 3231 1678 3279; x_wconf 78' lang='lat' dir='ltr'>nostrae</span> <span class='ocrx_word' id='word_1_475' title='bbox 1691 3227 1941 3276; x_wconf 78' lang='lat' dir='ltr'>voluntatis</span> 
     </span>
    </p>

    <p class='ocr_par' dir='ltr' id='par_1_6' title="bbox 319 3297 835 3317">
     <span class='ocr_line' id='line_1_51' title="bbox 319 3297 835 3317; baseline -0.002 -1"><span class='ocrx_word' id='word_1_476' title='bbox 319 3297 322 3300; x_wconf 80' lang='grc'><strong>’</strong></span> <span class='ocrx_word' id='word_1_477' title='bbox 378 3307 379 3317; x_wconf 63' lang='lat' dir='ltr'>i</span> <span class='ocrx_word' id='word_1_478' title='bbox 826 3299 835 3315; x_wconf 79' lang='lat' dir='ltr'><em>l</em></span> 
     </span>
    </p>
   </div>
   <div class='ocr_carea' id='block_1_4' title="bbox 161 3354 1941 3574">
    <p class='ocr_par' dir='ltr' id='par_1_7' title="bbox 161 3354 1941 3574">
     <span class='ocr_line' id='line_1_52' title="bbox 225 3354 1941 3414; baseline -0.002 -12"><span class='ocrx_word' id='word_1_479' title='bbox 225 3362 247 3414; x_wconf 83' lang='grc'>(</span> <span class='ocrx_word' id='word_1_480' title='bbox 255 3364 297 3414; x_wconf 85' lang='lat'>1)</span> <span class='ocrx_word' id='word_1_481' title='bbox 324 3364 427 3401; x_wconf 83' lang='lat' dir='ltr'>Gen.</span> <span class='ocrx_word' id='word_1_482' title='bbox 448 3361 540 3401; x_wconf 85' lang='lat' dir='ltr'>mei.</span> <span class='ocrx_word' id='word_1_483' title='bbox 936 3354 939 3360; x_wconf 51' lang='grc'><strong>”</strong></span> <span class='ocrx_word' id='word_1_484' title='bbox 1085 3374 1128 3400; x_wconf 84' lang='lat' dir='ltr'>ac</span> <span class='ocrx_word' id='word_1_485' title='bbox 1147 3361 1169 3399; x_wconf 86' lang='lat' dir='ltr'>fi</span> <span class='ocrx_word' id='word_1_486' title='bbox 1188 3374 1252 3412; x_wconf 88' lang='lat' dir='ltr'>per</span> <span class='ocrx_word' id='word_1_487' title='bbox 1269 3362 1463 3413; x_wconf 88' lang='lat' dir='ltr'>populum,</span> <span class='ocrx_word' id='word_1_488' title='bbox 1499 3360 1538 3400; x_wconf 88' lang='lat' dir='ltr'>in</span> <span class='ocrx_word' id='word_1_489' title='bbox 1558 3357 1649 3397; x_wconf 87' lang='lat' dir='ltr'>both</span> <span class='ocrx_word' id='word_1_490' title='bbox 1669 3359 1789 3409; x_wconf 71' lang='lat' dir='ltr'>places</span> <span class='ocrx_word' id='word_1_491' title='bbox 1822 3369 1863 3398; x_wconf 70' lang='lat' dir='ltr'>ac</span> <span class='ocrx_word' id='word_1_492' title='bbox 1883 3354 1941 3393; x_wconf 72' lang='lat' dir='ltr'>for</span> 
     </span>
     <span class='ocr_line' id='line_1_53' title="bbox 223 3408 1939 3467; baseline -0.006 -12"><span class='ocrx_word' id='word_1_493' title='bbox 223 3418 351 3456; x_wconf 80' lang='lat' dir='ltr'>Plaut.</span> <span class='ocrx_word' id='word_1_494' title='bbox 371 3415 542 3467; x_wconf 73' lang='lat' dir='ltr'>Pseudol.</span> <span class='ocrx_word' id='word_1_495' title='bbox 569 3426 610 3453; x_wconf 84' lang='lat'>2.</span> <span class='ocrx_word' id='word_1_496' title='bbox 639 3425 681 3463; x_wconf 87' lang='lat'>4.</span> <span class='ocrx_word' id='word_1_497' title='bbox 704 3425 764 3454; x_wconf 76' lang='grc' dir='ltr'>η.</span> <span class='ocrx_word' id='word_1_498' title='bbox 795 3415 854 3454; x_wconf 91' lang='lat' dir='ltr'>Te</span> <span class='ocrx_word' id='word_1_499' title='bbox 868 3426 905 3454; x_wconf 82' lang='lat' dir='ltr'>te</span> <span class='ocrx_word' id='word_1_500' title='bbox 920 3423 956 3453; x_wconf 90' lang='lat' dir='ltr'>te</span> <span class='ocrx_word' id='word_1_501' title='bbox 972 3423 1032 3465; x_wconf 87' lang='lat' dir='ltr'>ty·</span> <span class='ocrx_word' id='word_1_502' title='bbox 1085 3423 1137 3462; x_wconf 85' lang='lat' dir='ltr'>at,</span> <span class='ocrx_word' id='word_1_503' title='bbox 1157 3429 1197 3453; x_wconf 91' lang='lat' dir='ltr'>or</span> <span class='ocrx_word' id='word_1_504' title='bbox 1214 3417 1270 3454; x_wconf 89' lang='lat' dir='ltr'>sed</span> <span class='ocrx_word' id='word_1_505' title='bbox 1287 3430 1296 3453; x_wconf 73' lang='lat' dir='ltr'><em>z</em></span> <span class='ocrx_word' id='word_1_506' title='bbox 1318 3417 1366 3453; x_wconf 91' lang='lat' dir='ltr'>So</span> <span class='ocrx_word' id='word_1_507' title='bbox 1384 3417 1480 3453; x_wconf 86' lang='lat' dir='ltr'>Hor.</span> <span class='ocrx_word' id='word_1_508' title='bbox 1501 3415 1577 3451; x_wconf 87' lang='lat' dir='ltr'>Sat.</span> <span class='ocrx_word' id='word_1_509' title='bbox 1600 3411 1718 3462; x_wconf 77' lang='lat' dir='ltr'>3.·lib.</span> <span class='ocrx_word' id='word_1_510' title='bbox 1736 3423 1774 3449; x_wconf 86' lang='lat'>2.</span> <span class='ocrx_word' id='word_1_511' title='bbox 1788 3423 1823 3447; x_wconf 83' lang='lat' dir='ltr'>v.</span> <span class='ocrx_word' id='word_1_512' title='bbox 1844 3408 1939 3457; x_wconf 66' lang='lat'>189.</span> 
     </span>
     <span class='ocr_line' id='line_1_54' title="bbox 161 3460 1938 3519; baseline -0.007 -9"><span class='ocrx_word' id='word_1_513' title='bbox 161 3480 301 3516; x_wconf 55' lang='lat' dir='ltr'>amnne,</span> <span class='ocrx_word' id='word_1_514' title='bbox 332 3478 370 3508; x_wconf 82' lang='lat' dir='ltr'>te</span> <span class='ocrx_word' id='word_1_515' title='bbox 404 3482 505 3516; x_wconf 80' lang='lat' dir='ltr'>r0g0‚</span> <span class='ocrx_word' id='word_1_516' title='bbox 532 3467 595 3518; x_wconf 87' lang='lat' dir='ltr'>qui</span> <span class='ocrx_word' id='word_1_517' title='bbox 621 3468 810 3517; x_wconf 85' lang='lat' dir='ltr'>imperitas</span> <span class='ocrx_word' id='word_1_518' title='bbox 829 3465 1027 3506; x_wconf 73' lang='lat' dir='ltr'>Pseudolo.</span> <span class='ocrx_word' id='word_1_519' title='bbox 1141 3467 1206 3519; x_wconf 86' lang='lat'>(3)</span> <span class='ocrx_word' id='word_1_520' title='bbox 1235 3468 1429 3507; x_wconf 79' lang='lat' dir='ltr'>Exteriora</span> <span class='ocrx_word' id='word_1_521' title='bbox 1453 3465 1655 3505; x_wconf 87' lang='lat' dir='ltr'>voluntatis</span> <span class='ocrx_word' id='word_1_522' title='bbox 1685 3461 1842 3516; x_wconf 75' lang='lat' dir='ltr'>indicia,</span> <span class='ocrx_word' id='word_1_523' title='bbox 1870 3460 1938 3498; x_wconf 83' lang='lat' dir='ltr'>the</span> 
     </span>
     <span class='ocr_line' id='line_1_55' title="bbox 223 3512 1938 3574; baseline -0.008 -11"><span class='ocrx_word' id='word_1_524' title='bbox 223 3524 289 3574; x_wconf 80' lang='lat'>(2)</span> <span class='ocrx_word' id='word_1_525' title='bbox 315 3522 400 3563; x_wconf 78' lang='lat' dir='ltr'>eie.</span> <span class='ocrx_word' id='word_1_526' title='bbox 432 3520 555 3562; x_wconf 84' lang='lat' dir='ltr'>Attic.</span> <span class='ocrx_word' id='word_1_527' title='bbox 576 3532 618 3574; x_wconf 84' lang='grc'>3.</span> <span class='ocrx_word' id='word_1_528' title='bbox 642 3531 704 3574; x_wconf 80' lang='lat'>15.</span> <span class='ocrx_word' id='word_1_529' title='bbox 740 3534 782 3560; x_wconf 86' lang='lat' dir='ltr'>ac</span> <span class='ocrx_word' id='word_1_530' title='bbox 799 3520 824 3560; x_wconf 87' lang='lat' dir='ltr'>fi</span> <span class='ocrx_word' id='word_1_531' title='bbox 842 3522 1028 3570; x_wconf 73' lang='lat' dir='ltr'>restituor,</span> <span class='ocrx_word' id='word_1_532' title='bbox 1084 3521 1331 3562; x_wconf 83' lang='lat' dir='ltr'>outwardness</span> <span class='ocrx_word' id='word_1_533' title='bbox 1347 3521 1392 3562; x_wconf 88' lang='lat' dir='ltr'>of</span> <span class='ocrx_word' id='word_1_534' title='bbox 1404 3534 1471 3561; x_wconf 84' lang='lat' dir='ltr'>our</span> <span class='ocrx_word' id='word_1_535' title='bbox 1487 3532 1575 3560; x_wconf 77' lang='lat' dir='ltr'>own</span> <span class='ocrx_word' id='word_1_536' title='bbox 1591 3517 1711 3564; x_wconf 83' lang='lat' dir='ltr'>mind,</span> <span class='ocrx_word' id='word_1_537' title='bbox 1728 3526 1818 3554; x_wconf 83' lang='lat' dir='ltr'>oras</span> <span class='ocrx_word' id='word_1_538' title='bbox 1838 3512 1938 3553; x_wconf 76' lang='lat' dir='ltr'>some</span> 
     </span>
    </p>
   </div>
   <div class='ocr_carea' id='block_1_5' title="bbox 1816 3563 1936 3630">
    <p class='ocr_par' dir='ltr' id='par_1_8' title="bbox 1816 3563 1936 3630">
     <span class='ocr_line' id='line_1_56' title="bbox 1816 3563 1936 3630; baseline -0.008 0"><span class='ocrx_word' id='word_1_539' title='bbox 1816 3563 1936 3630; x_wconf 66' lang='lat' dir='ltr'>indi*-</span> 
     </span>
    </p>
   </div>
  </div>
 </body>
</html>
