2149 3852
642 151 980 219 Lmen
1071 147 1484 214 Paratus.
1907 166 1951 225 5

171 260 344 312 escunt,
368 258 409 304 &
433 252 666 301 tractando
689 249 912 312 paulatim
940 245 1216 309 levigantur.
1285 244 1457 290 Eadem
1482 243 1603 290 certe
1627 243 1689 290 est
1710 243 1758 291 in
1781 242 1950 289 sermo·

176 341 234 373 ne
252 321 383 376 ratio,
405 318 487 382 qui
504 317 705 380 primum
724 315 782 360 ab
800 311 1063 360 hominibus
1082 309 1244 364 craffis,
1263 314 1301 355 δε
1321 307 1509 354 rudibus
1533 307 1679 354 editus
1693 308 1820 371 asper
1837 308 1951 370 plae-

174 401 372 448 nmque,
410 390 450 430 δε
472 380 684 434 insuavis,
727 376 1026 440 &impolitus
1062 377 1123 422 est
1156 387 1360 428 exortus,
1399 386 1505 417 mox
1537 374 1770 419 &aeliando
1791 371 1951 428 senfim

169 451 419 515 genitalem
444 449 676 493 horrorem
699 442 846 496 exuit,
883 447 923 487 δι
947 439 1219 486 mansuetius
1245 443 1285 484 &
1316 434 1564 498 jucundius
1599 436 1657 481 ad
1680 453 1806 483 aures
1830 436 1953 483 acci-

170 516 327 568 debat,
355 518 394 559 &
419 512 566 558 multo
586 507 765 555 facilius
788 507 835 552 in
859 505 1033 551 animos
1055 502 1298 549 hominum
1320 499 1556 547 influebat,
1610 501 1772 561 Itaque
1795 500 1841 546 in
1865 501 1954 548 hac

173 591 323 643 parte,
350 589 398 623 ut
427 577 455 622 fi
480 586 572 638 qua
591 573 699 628 alia,
719 568 1040 618 consuetudini
1059 567 1328 630 politiorum
1347 564 1587 611 hominum
1603 564 1779 627 aliquid
1797 565 1953 613 indul-

171 643 378 706 gendum
401 641 560 687 censeo
593 655 604 684 ε
641 642 682 684 &
703 637 989 696 voluptatem
1011 631 1204 678 minime
1225 632 1354 677 illam
1373 629 1663 683 illiberalem,
1682 634 1723 675 δε
1740 628 1954 677 inhuma-

171 723 298 762 nam,
323 717 547 768 quatenus
572 701 774 748 moribus
796 700 858 745 est
879 698 1083 750 innoxia,
1109 694 1300 742 minime
1319 692 1690 740 abominandam.
1761 695 1901 757 Qod
1923 696 1957 742 st

171 769 279 834 quis
289 770 438 832 ita(1)
459 767 600 814 Musis
613 766 735 812 iratis
751 765 810 811 est
828 775 977 822 natus,
995 775 1046 808 ut
1062 762 1131 823 (2)
1148 759 1339 808 Catonis
1360 764 1400 806 &-
1414 757 1553 804 Ennii
1567 758 1818 804 sermonem
1834 759 1957 821 poti-

175 853 227 882 us
243 847 381 889 amet,
395 849 535 895 quam
556 829 811 883 Ciceronis,
829 827 1103 881 afferendi,
1122 831 1162 872 <Sc
1179 828 1248 887 (3)
1264 824 1460 871 inventis
1482 822 1692 887 frugibus
1707 823 1958 885 glandibus

174 911 332 947 tamen
353 897 473 944 vesci
494 895 642 950 malit,
662 894 906 955 jubeamus
926 891 1139 938 miserum
1154 892 1238 936 effe
1259 890 1473 942 libenter,
1489 900 1714 950 quatenus
1736 887 1786 933 id
1808 887 1934 935 facit.

239 965 378 1011 VIII.
426 963 514 1008 Sed
549 962 648 1007 haec
687 959 833 1005 nostra
853 955 1101 1020 disputatio
1135 955 1311 1002 nonest
1333 953 1390 1000 de
1410 954 1626 1015 puritate,
1653 957 1694 999 δε
1728 953 1960 1015 elegantia

174 1028 393 1076 sermonis
418 1025 587 1073 Latini.
656 1023 733 1070 Ad
755 1023 873 1069 hanc
894 1022 1018 1068 enim
1039 1019 1155 1068 nihil
1176 1019 1375 1074 interest,
1416 1034 1510 1081 quo
1533 1016 1641 1063 sono
1663 1016 1870 1064 Britanni
1903 1034 1957 1063 o-

177 1093 264 1139 lim>
287 1092 438 1138 literas
463 1092 691 1136 efferrent.
714 1109 723 1116 ·
761 1089 879 1134 Haec
909 1086 1033 1133 enim
1069 1097 1165 1132 tota
1193 1082 1429 1130 contentio
1463 1085 1519 1129 eo
1543 1080 1708 1136 tendit,
1734 1095 1784 1129 ut
1805 1081 1960 1130 Latini

175 1155 512 1209 Britannicum,
536 1170 628 1199 non
647 1152 851 1198 Britanni
876 1150 1095 1197 Latinum
1117 1149 1277 1195 sonum
1300 1147 1491 1194 discant.
1560 1146 1702 1209 Qod
1719 1148 1775 1193 ad
1795 1164 1868 1193 me
1891 1160 1960 1194 at·-

179 1221 316 1275 tinet,
342 1220 501 1266 malim
535 1218 748 1282 ignorare
770 1229 970 1262 veterem
993 1213 1140 1268 illam,
1178 1219 1217 1259 δε
1244 1211 1412 1258 anilem
1435 1210 1685 1274 priscorum
1716 1211 1960 1260 Britanno·

178 1302 285 1333 rurn
307 1283 578 1337 balbutiem,
603 1298 744 1343 quam
768 1279 996 1329 dediscere
1018 1279 1332 1341 quodcunque
1353 1277 1444 1322 hoc
1464 1277 1524 1322 est
1548 1275 1762 1322 sermonis
1785 1276 1958 1332 Latini,

178 1351 310 1412 quod
332 1358 502 1412 magno
537 1363 645 1394 cum
682 1347 838 1392 labore
873 1361 986 1407 puer
1016 1341 1177 1390 didici.
1251 1343 1422 1404 Neque
1444 1340 1568 1387 aliud
1595 1343 1673 1395 est,
1708 1356 1789 1387 cur
1812 1341 1962 1388 minus

178 1414 369 1462 moleste
409 1414 549 1459 feram
592 1412 662 1472 (4)
701 1409 893 1472 priscam
925 1410 1167 1454 Scotorum
1205 1406 1413 1469 linguam
1438 1405 1662 1468 paulatim
1700 1405 1958 1461 intermori,

179 1493 322 1541 quam
345 1479 475 1540 quod
496 1474 902 1530 libenter„sentiam
925 1474 1140 1520 barbaros
1158 1472 1262 1518 illos
1286 1471 1415 1517 sonos
1436 1471 1657 1532 paulatim
1679 1471 1962 1524 evanescere,

183 1549 226 1590 ἅτ
248 1542 296 1588 in
316 1541 503 1595 illorum
527 1543 684 1587 locum
707 1539 974 1586 Latinarum
997 1552 1166 1587 vocum
1189 1536 1502 1583 amoenitatem
1521 1534 1776 1582 succedere.
1819 1536 1964 1597 Qiod

183 1607 217 1654 fi
238 1607 286 1654 in
301 1607 395 1656 1hac
418 1604 812 1669 transmigratione
830 1603 878 1650 in
901 1603 1096 1649 alienam
1119 1601 1329 1667 linguam
1351 1601 1521 1646 neceffe
1543 1602 1602 1646 est
1623 1601 1789 1647 alteros
1812 1601 1965 1648 alteris

183 1673 455 1725 concedere,
482 1686 562 1717 nos
602 1687 628 1716 a
666 1667 910 1715 rusticitate
945 1673 985 1714 δε
1023 1666 1231 1713 barbaria
1268 1667 1325 1715 ad
1348 1667 1527 1712 cultum
1567 1671 1607 1712 gc
1629 1665 1965 1713 humanitatem

183 1736 494 1784 transeamus:
531 1741 572 1782 Sc
595 1734 724 1798 quod
753 1731 966 1779 nascendi
987 1731 1257 1778 infelicitate
1295 1730 1426 1776 nobis
1450 1729 1620 1784 evenit,
1645 1731 1895 1784 voluntate,
1923 1736 1965 1778 Sc

179 1799 364 1862 judicio
386 1816 623 1846 exuamus.
697 1799 793 1845 Aut
816 1799 854 1843 fi‘
869 1796 984 1860 quid
1005 1813 1161 1860 opera,
1187 1802 1227 1842 δε
1248 1792 1466 1842 industria
1485 1794 1716 1856 possimus,
1755 1794 1805 1841 id
1827 1811 1966 1843 omne

184 1867 244 1912 εὸ
266 1864 553 1912 conferamus
573 1876 622 1911 ut
642 1862 851 1927 linguam
875 1864 1110 1918 Graecam‚
1135 1867 1176 1908 Sc
1195 1860 1424 1914 Latinam,
1464 1875 1577 1922 quas
1598 1859 1721 1907 orbis
1743 1877 1845 1923 pars
1870 1877 1965 1907 meoe

184 1929 276 1978 lior
298 1945 517 1993 tanquam
539 1928 748 1992 publicas
772 1927 962 1990 recepit,
987 1943 1071 1990 pro
1107 1925 1281 1972 viribus
1312 1925 1618 1987 expoliamus,
1643 1939 1690 1971 et
1727 1925 1759 1971 fi
1781 1926 1885 1987 quis
1909 1942 1967 1971 ex

187 1995 407 2058 contagio
425 1993 605 2041 barbari
650 1992 865 2040 sermonis
889 1992 1076 2038 adhaefit
1093 1992 1218 2045 litus,
1244 1996 1284 2036 &-
1307 1989 1503 2053 squalor,
1529 1990 1686 2053 quoad
1707 1989 1804 2035 fieri
1836 1990 1968 2052 poflit

188 2071 525 2125 extergeamus.
595 2058 724 2121 Qid
747 2057 914 2120 ?'²quod
934 2058 1031 2102 haec
1056 2055 1189 2103 nimis
1213 2055 1348 2101 anxia
1367 2054 1610 2117 diligentia
1629 2053 1678 2100 in
1701 2052 1968 2109 nominibus

187 2123 461 2187 peregrinis,
497 2123 742 2186 praesertim
781 2122 829 2168 in
864 2122 1061 2167 alienam
1098 2121 1308 2184 linguam
1343 2118 1666 2166 transferendis
1689 2135 1774 2166 nec
1804 2118 1971 2168 servari
2037 2127 2040 2130 ’

188 2191 353 2250 potest,
378 2202 462 2234 nec
485 2190 516 2233 fi
539 2190 694 2250 poffet,
720 2187 909 2245 expedit
934 2205 943 2232 :
997 2188 1116 2249 Qae
1143 2185 1266 2231 enim
1290 2200 1378 2230 non
1405 2183 1623 2230 literas&
1657 2182 1967 2240 sonos'habet,
1994 2219 2004 2233 .

188 2268 296 2314 quae
312 2252 497 2313 alterius
513 2252 727 2299 sermonis
743 2250 1077 2297 characteribus
1092 2249 1282 2296 omnino
1293 2247 1491 2310 exprimi
1511 2265 1600 2296 non
1615 2250 1824 2311 possunt?
1852 2251 1970 2312 Qae

188 2316 318 2363 natio
339 2331 505 2379 ptaaeter
527 2318 785 2363 Germanos
811 2317 871 2361 W
892 2316 1071 2364 literam
1096 2314 1298 2377 proferre
1320 2315 1463 2374 potest
1482 2316 1500 2359 t
1572 2312 1691 2377 Qis
1714 2312 1889 2360 Latinis
1913 2314 1970 2360 li-

190 2381 300 2427 teris
322 2398 427 2427 eum
450 2383 607 2427 sonum
632 2382 809 2435 reddet,
831 2396 970 2442 quem
995 2379 1207 2442 Hispani,
1236 2379 1481 2431 Brittones,
1522 2383 1562 2425 Sc
1586 2379 1828 2425 Scotorum
1866 2394 1970 2442 pars

189 2443 240 2491 in
261 2445 404 2492 literis
425 2447 490 2500 D,
513 2447 578 2500 G,
605 2448 656 2500 P,
683 2443 747 2501 T',
770 2446 828 2499 X,
856 2450 896 2496 δε
922 2445 965 2490 Ζ
988 2446 1184 2490 efferunt
1204 2446 1220 2488 ?
1272 2444 1350 2488 Ob
1375 2444 1492 2489 hanc
1509 2443 1676 2504 opinor
1697 2442 1793 2490 soni
1816 2444 1970 2490 absur-

190 2509 380 2557 ditatem
406 2510 579 2557 Plinius
620 2526 888 2561 enumerans
914 2508 1152 2571 Hispaniae'
1171 2507 1360 2570 oppida,
1402 2509 1614 2569 quaedam
1648 2520 1788 2571 negat
1825 2507 1977 2555 latiali*

166 2586 169 2590 '
190 2574 398 2621 sermone
421 2574 547 2622 diem
570 2574 737 2621 facilia.
779 2574 886 2620 Alia
906 2586 1042 2620 vocat
1061 2573 1304 2637 ignobilia,
1330 2578 1371 2619 &-
1394 2573 1596 2619 barbarae
1617 2572 1968 2636 appellationis:

191 2639 283 2686 alia
304 2639 420 2686 citra
440 2638 668 2701 fastidium
693 2638 918 2685 nominari
939 2640 1060 2700 posse
1083 2649 1236 2702 negat.
1579 2657 1581 2659 ·

257 2705 343 2751 ΙΧ.
378 2703 507 2766 Qid
527 2704 603 2750 hic
624 2720 738 2767 rogo
762 2704 929 2750 faceret
952 2704 1159 2757 Luddus,
1186 2706 1214 2748 ii
1239 2702 1280 2749 ei
1297 2701 1437 2750 latine
1461 2703 1513 2749 fir
1534 2703 1769 2750 scribenda
1789 2702 1976 2750 historia

156 2825 167 2834 ,
191 2767 497 2821 Britannica?
568 2768 666 2830 Ipsa
687 2767 888 2831 genuina
925 2767 1184 2814 Brittomzru
1209 2769 1395 2814 nomina
1417 2769 1652 2829 quomodo
1690 2769 1973 2823 enunciaret,

150 2838 155 2841 '
193 2848 300 2879 cum
324 2846 420 2879 tota
441 2832 515 2880 sua
535 2832 771 2880 barbarica
789 2833 1003 2896 rubigine
1023 2833 1188 2895 opinor
1210 2850 1299 2880 non
1333 2833 1534 2879 haberet.
1603 2833 1727 2880 Nam
1751 2834 1855 2880 cum
1879 2848 1975 2880 tam

189 2898 333 2960 ‘anxie
370 2897 412 2944 se
447 2899 909 2960 torquet,·q·uomodo
951 2899 1169 2944 Luddum
1207 2898 1387 2952 scribat,
1429 2898 1738 2960 Lhuydumne
1780 2914 1838 2944 an
1857 2899 1975 2944 Llu-

142 2976 145 2981 ’
194 2962 326 3016 dum,
368 2979 422 3008 an
447 2965 557 3009 vero
575 2963 811 3017 Luddum,
853 2978 1048 3024 quorum
1070 2964 1247 3008 nullum
1273 2978 1356 3007 nec
1393 2962 1567 3008 Latinis
1585 2962 1733 3025 *literis
1750 2962 1972 3026 exprimi,

195 3042 282 3072 nec
302 3042 380 3073 ore
402 3027 546 3073 latiali
569 3028 740 3081 efferri,
762 3027 845 3073 nec
867 3028 924 3072 ab
948 3025 1130 3072 auribus
1154 3026 1305 3073 latinis
1330 3027 1419 3072 line
1443 3026 1619 3073 fastidio
1642 3026 1792 3074 audiri
1813 3030 1975 3090 potest.

197 3089 248 3138 si
267 3106 425 3138 verum
448 3092 606 3139 sonum
628 3092 838 3145 retineat,
863 3107 954 3138 non
976 3092 1187 3141 Latinam
1211 3091 1285 3137 sed
1306 3091 1657 3139 semibarbaram
1678 3091 1816 3140 faciet
1837 3093 1977 3140 orati-

233 3219 314 3269 '(1)
343 3222 380 3258 A
402 3234 488 3259 man
515 3221 725 3263 backward,
743 3222 839 3260 from
871 3221 1053 3269 learning,
1122 3221 1219 3260 lived
1239 3236 1337 3272 upon
1353 3235 1492 3268 acorna,
1507 3222 1638 3274 ,before
1650 3223 1762 3260 Ceres
1779 3223 1894 3261 found
1911 3232 1979 3262 out

197 3272 326 3311 whom
358 3273 460 3313 these
487 3276 634 3313 learned
655 3276 842 3324 goddesses
872 3279 917 3313 do
945 3289 1057 3312 never
1121 3276 1188 3313 the
1207 3275 1411 3324 husmndry
1431 3277 1587 3313 oscam.

196 3326 341 3364 favour.
449 3349 455 3356 x
1176 3327 1236 3378 (4)
1266 3329 1353 3365 Tne
1386 3330 1475 3367 mih
1506 3339 1658 3377 toi-igue,
1692 3329 1806 3379 spoke
1835 3330 1882 3379 by
1910 3330 1979 3368 the

255 3379 315 3428 (2)
352 3381 483 3419 Wrote
514 3381 553 3418 in
582 3380 686 3418 those
711 3381 834 3427 times,
856 3380 967 3418 when
991 3381 1056 3419 the
1121 3383 1422 3429 Highlaadmen,
1442 3381 1528 3419 who
1549 3396 1608 3420 are
1625 3383 1840 3432 commonly
1859 3385 1977 3421 called

198 3432 312 3469 Latin
331 3442 467 3481 tongue
485 3433 557 3473 had
577 3444 642 3472 not
658 3435 795 3472 arri-:ed
815 3443 852 3472 tf)
871 3437 955 3471 that
972 3449 1056 3484 per·
1121 3435 1228 3484 prisci
1257 3437 1372 3480 Scoti,
1404 3435 1551 3472 because
1583 3437 1671 3484 they
1692 3437 1768 3474 still
1786 3436 1882 3487 keep
1911 3438 1977 3474 the

140 3536 142 3538 Ι
199 3485 341 3522 fection
360 3487 390 3530 it
409 3489 469 3524 did
499 3488 729 3534 afterwards„
759 3490 800 3526 in
831 3489 895 3525 the
914 3491 997 3537 days
1015 3488 1060 3525 of
1120 3490 1299 3536 larigna-ge
1319 3491 1392 3526 ‘and
1421 3502 1594 3528 manners
1621 3490 1668 3527 of
1692 3489 1792 3528 their
1816 3490 1976 3528 fore-fa-

199 3538 350 3576 Cicero.
1073 3566 1077 3570 -
1122 3541 1236 3580 thers.

253 3593 315 3643 (3)
350 3591 438 3631 The
455 3603 556 3644 poets
577 3593 683 3632 write
703 3593 785 3634 that
805 3607 893 3632 men
922 3593 967 3634 of
993 3593 1054 3632 old

220 3704 246 3714 *-

1826 3694 1980 3733 onem⁴
