1992 3801
131 178 263 241 310
446 154 809 223 RERUM
898 157 1579 226 ScoTtCARUM

126 252 202 302 liae
221 265 386 302 nomen
405 267 748 319 propagaretur,
775 255 845 316 (1)
862 255 1117 318 Georgium
1142 255 1323 305 fratrem
1348 270 1474 305 curat
1496 256 1763 305 Ormundiae
1786 257 1888 307 Co·-

124 320 285 366 mitem
303 317 459 366 creari:
480 321 696 366 Ioannem
711 319 1210 382 multi5‚frucluofisque
1229 321 1410 384 praediis
1424 322 1642 369 donatum
1656 323 1893 370 Balvaniae.

127 384 351 431 Baronem
374 397 521 439 vocat,
552 383 706 430 multis
727 384 978 430 amicorum
1005 384 1190 431 nimiam
1210 385 1302 445 jam
1330 398 1474 440 antea,
1496 386 1886 434 &formidolosam

126 448 333 512 Regibus
356 447 542 494 familiae
564 447 814 509 potentiam
837 447 1079 511 suspeffitam
1105 449 1393 496 habentibus.
1436 450 1743 498 Immoderata
1762 451 1893 500 enim

127 511 226 559 haec
248 511 443 559 fortunae
469 511 750 558 incrementa
772 528 861 557 non
885 514 1100 559 diuturna
1121 513 1218 560 fore
1239 513 1593 578 augurabantur.

190 577 394 624 XXVII.
427 576 611 624 Inimici
637 592 762 630 vere,
787 575 922 638 quam
947 576 1279 629 invidiosissime
1305 589 1531 640 poterant,
1555 577 1887 626 inseclabantur
1941 600 1943 603 ’

124 640 255 688 illam
273 640 598 703 inexplebilem
621 640 936 703 cupiditatem.
1005 643 1158 703 Qam
1181 642 1301 689 enim
1323 642 1505 705 posthac
1527 642 1667 689 vitam
1689 642 1785 689 fore
1808 644 1895 690 sub

128 705 329 753 hominis
347 704 611 767 impotentis
632 705 886 768 tyrannide,
907 705 1034 766 cujus
1052 705 1251 753 avaritiae
1268 706 1384 753 nihil
1402 708 1507 753 effet
1524 705 1624 753 satis
1645 725 1657 753 z
1682 707 1892 756 adversus

124 769 195 832 cuj
205 787 251 816 us
275 769 527 832 potentiam
549 768 664 815 nihil
685 770 790 815 effet
811 782 958 817 tutum
977 789 988 817 ε
1013 770 1093 834 qui
1112 787 1191 835 per
1213 769 1295 825 fas,
1315 769 1531 833 nefasque
1553 787 1791 833 procerum
1814 770 1887 818 in-

123 837 310 881 vaderet
336 833 625 896 patrimonia,
651 835 876 881 tenuiores
897 834 1138 882 clientibus
1169 834 1253 881 suis
1276 836 1324 881 in
1346 837 1546 896 praedam
1571 835 1883 898 relinqueret:

124 898 406 946 adversantes
428 897 613 944 libidini
635 913 714 959 per
738 899 952 952 latrones,
976 903 1019 946 ὅ(
1048 899 1223 944 ficarios
1247 911 1324 944 aut
1346 899 1477 944 bonis
1499 911 1742 955 everteret,
1759 913 1835 947 aut
1858 900 1885 948 ὲ

125 962 222 1010 vita
240 964 418 1009 tolleret
440 980 450 1008 :
476 977 616 1008 novos
635 961 841 1008 homines
859 963 914 1008 ad
935 963 1130 1008 summos
1149 963 1342 1008 honores
1365 962 1591 1015 eveheret,
1612 979 1726 1026 quos
1744 963 1793 1010 in
1811 981 1888 1011 ve·

127 1038 275 1074 terum
294 1025 570 1073 familiarum
590 1025 731 1072 ruinis
749 1026 1007 1073 collocaret.
1043 1027 1095 1073 In
1120 1042 1256 1072 unam
1275 1025 1463 1073 domum
1481 1042 1639 1072 omnes
1660 1042 1768 1089 opes
1788 1045 1891 1092 reg-

130 1091 179 1138 ni
198 1091 425 1155 congestas
451 1108 461 1136 :
489 1103 649 1151 praeter
671 1102 738 1137 tot
759 1089 954 1153 equiteS‚
977 1092 1024 1139 δε
1050 1091 1267 1145 Barones,
1292 1092 1362 1151 (z)
1386 1090 1590 1153 quinque
1611 1093 1900 1154 opulentissi-.

128 1170 228 1203 mos
253 1155 381 1201 unius
405 1154 553 1218 gentis
577 1153 782 1201 Comites
808 1172 818 1200 :
840 1157 1016 1227 Regem
1037 1153 1181 1216 ipsum
1194 1155 1290 1215 jam
1303 1154 1502 1217 precario
1520 1171 1725 1218 regnare.
1793 1157 1888 1204 Sub

129 1219 370 1282 Duglassiis
393 1234 594 1266 extrema
614 1219 770 1266 omnia
789 1219 837 1266 in
861 1218 1017 1266 misera
1035 1218 1243 1267 servitute
1265 1219 1479 1281 patienda
1512 1236 1523 1265 :
1548 1219 1628 1283 qui
1648 1236 1805 1268 vocem
1829 1220 1893 1268 li-

129 1283 316 1330 bertatis
338 1299 585 1330 memorem
605 1283 827 1338 emisisset,
842 1284 1039 1331 animam
1066 1283 1141 1329 fim
1151 1283 1193 1329 ul
1217 1280 1532 1330 emittendam.
1599 1283 1732 1339 Haec,
1754 1297 1889 1348 atque

130 1348 266 1409 hujus
287 1348 466 1412 generis
487 1348 718 1410 plaeraque
732 1348 1094 1411 vera‚plaeraque
1108 1349 1159 1394 ad
1180 1346 1402 1394 invidiam
1422 1346 1661 1394 creandam
1675 1347 1805 1412 supra
1814 1365 1892 1396 ve-

127 1429 228 1460 rum
259 1414 388 1460 auCta
409 1428 512 1460 cum
531 1413 684 1475 pafflm
721 1413 1050 1477 spargerentur,
1075 1411 1156 1474 qui
1178 1425 1303 1459 extra
1327 1411 1543 1459 fac‘tiones
1563 1424 1708 1467 erant,
1732 1413 1895 1460 omiss'a-

129 1476 310 1540 publici
342 1477 643 1524 emolumenti
679 1493 802 1531 cura‚
824 1476 914 1524 suis-
951 1476 1147 1539 negotiis
1169 1476 1374 1523 animum
1397 1475 1713 1523 intendebant.
1780 1478 1893 1525 Pru-

127 1540 356 1589 dentiores
380 1541 672 1588 inimicorum
691 1542 786 1589 laeti
808 1540 1110 1603 accipiebant,
1131 1540 1365 1589 hominem
1387 1541 1521 1588 tantis
1541 1541 1722 1603 opibus,
1740 1542 1892 1589 ut'adae
1953 1601 1955 1603 ‚

128 1606 278 1653 versus
300 1623 372 1653 eas
390 1606 522 1653 nullae
537 1606 652 1652 vires
670 1605 770 1653 satis
793 1607 932 1653 firmae
952 1606 1234 1660 viderentur,
1255 1604 1330 1653 sua
1343 1606 1499 1668 sponte
1519 1603 1801 1668 praecipitem
1814 1623 1897 1653 ru·

126 1684 205 1718 ere
237 1689 248 1716 :
274 1685 420 1718 necea
437 1669 660 1717 divinatio
672 1671 802 1718 falsos
823 1670 999 1717 habuit.
1069 1668 1262 1718 Animus
1282 1669 1403 1717 enim
1423 1685 1503 1732 per
1521 1669 1561 1715 se
1582 1668 1774 1716 insolens
1791 1683 1891 1718 tan-

128 1735 187 1783 tis
210 1735 471 1782 succeflibus
490 1750 546 1780 eo
568 1735 710 1782 crevit
726 1735 1029 1798 impotentiae,
1051 1748 1099 1781 ut
1115 1733 1367 1781 amicorum
1391 1734 1545 1782 liberis
1564 1734 1891 1782 admonitioni-

130 1799 216 1847 bus
239 1817 364 1861 aures
404 1799 592 1846 haberet
631 1800 814 1846 clausas.
883 1800 955 1846 Ac
976 1799 1038 1846 ne
1061 1797 1237 1845 silentio
1266 1799 1453 1862 quidem
1476 1797 1764 1852 dissimulare,
1788 1815 1899 1860 quai:>

127 1864 322 1928 probare
357 1880 446 1911 non
488 1876 712 1925 poterant,
733 1863 972 1928 plaerisque
992 1862 1093 1910 satis
1116 1875 1265 1910 tutum
1288 1862 1390 1916 fuit,
1407 1860 1717 1909 adulatoribus
1739 1863 1892 1909 omni-

131 1943 208 1975 um
233 1946 323 1976 non
345 1928 483 1976 verba
504 1930 643 1976 modo
665 1928 738 1975 sed
760 1929 912 1975 vultus
934 1944 1120 1991 quoque
1141 1927 1498 1974 observantibus.
1566 1927 1755 1977 Veteres
1800 1927 1891 1973 ini-

130 1993 240 2040 mici
262 1994 399 2055 injus
439 1992 732 2055 rapiebantur
763 1992 824 2040 ad
842 1994 1040 2039 eundem
1065 1991 1383 2046 adversarium,
1425 1997 1464 2038 δι
1482 1990 1685 2052 judicem
1724 2008 1735 2036 ε
1757 1988 1897 2039 multi

130 2057 281 2112 bonis,
306 2058 494 2121 quidam
510 2056 603 2104 vita
624 2057 819 2118 spoliati,
847 2057 997 2119 plures
1019 2055 1230 2119 iniquum
1253 2055 1478 2119 fugientes
1491 2054 1717 2116 judicium
1749 2054 1892 2104 solum

129 2124 383 2170 vertebant.
459 2121 705 2186 Duglassiae
728 2121 938 2169 factionis
962 2120 1168 2168 homines
1192 2120 1352 2181 nullo‘j
1363 2119 1618 2166 udiciorum
1642 2131 1765 2165 metu
1792 2123 1893 2182 (ne-

131 2203 210 2233 mo
228 2186 350 2234 enim
364 2187 470 2248 jure
504 2186 701 2249 experiri
723 2201 829 2233 cum
855 2201 1086 2248 quoquam
1109 2201 1266 2231 eorum
1289 2185 1506 2243 audebat)
1546 2184 1594 2230 in
1616 2199 1800 2230 omnem
1834 2183 1892 2230 li-

130 2251 330 2299 centiam
354 2252 479 2298 effufi
503 2251 637 2306 sacra,
662 2250 851 2314 profana
874 2267 1025 2315 agere,
1056 2265 1230 2313 rapere,
1260 2248 1484 2295 obnoxios
1517 2248 1708 2302 caedere,
1742 2265 1892 2312 neque

127 2314 367 2363 sceleribus
407 2316 596 2362 modum
629 2315 792 2363 facere.
872 2316 1107 2362 Interdum
1134 2312 1271 2360 nullis
1304 2311 1525 2376 peccandi
1547 2310 1899 2374 suppetentibus:

133 2380 293 2435 caulis,
319 2384 334 2442 (
343 2382 389 2443 3)
426 2379 626 2444 gratuita
645 2380 843 2427 edebant
875 2379 1093 2433 facinora,
1112 2393 1185 2437 *ne
1209 2393 1289 2440 per
1310 2374 1651 2424 desuetudinem
1674 2376 1892 2423 scelerum

130 2444 328 2491 honestae
349 2444 647 2508 cogitationes
683 2443 882 2492 animum
918 2444 1157 2491 subeuntes
1196 2441 1445 2495 mollirent,
1480 2454 1534 2486 ac
1565 2439 1592 2485 a
1613 2439 1790 2486 feritate
1811 2440 1896 2487 illa

134 2508 519 2556 mansuefacerent
542 2526 553 2554 ε
587 2521 760 2572 quanto
781 2508 972 2572 quisque
990 2504 1357 2555 contumeliosior
1377 2504 1425 2551 in
1443 2504 1625 2569 plebem
1645 2504 1766 2560 esset,
1791 2517 1892 2553 tan-

134 2585 183 2620 to
204 2572 245 2619 st
265 2573 538 2621 nobiliorem
560 2573 858 2621 existimabat.
1164 2579 1166 2582 '

198 2638 429 2685 XXVIII.
462 2639 561 2684 Tot
583 2638 712 2684 malis
742 2636 791 2684 in
826 2653 985 2684 omnes
1018 2634 1148 2701 regni
1178 2646 1327 2708 partes
1361 2632 1550 2688 diffusis,
1590 2632 1742 2680 Scotia
1763 2631 1898 2680 oneri·
1957 2619 1992 2677 .-

133 2701 447 2757 succubuisset,
471 2702 552 2749 nisi
571 2701 735 2749 eisdem
761 2701 1042 2765 temporibus
1065 2717 1157 2749 non
1177 2715 1327 2747 mmor
1348 2697 1554 2746 civilium
1577 2697 1894 2760 tempestatum

132 2765 200 2813 vis
220 2765 270 2813 in
292 2767 512 2830 Angliam
532 2765 815 2814 incubuiss'et.
884 2767 990 2828 Qa
1011 2765 1194 2812 tandem
1228 2763 1382 2826 aliqua
1402 2777 1459 2809 ex
1483 2775 1611 2825 parte
1636 2760 1795 2825 sopita,
1818 2760 1893 2808 in-

132 2830 370 2878 duciarum
393 2830 481 2878 fide
501 2829 688 2886 violata,
711 2829 859 2896 Angli
877 2830 1180 2877 incursionem
1201 2827 1250 2875 in
1273 2829 1515 2875 Scotorum
1539 2842 1699 2891 agrum
1722 2825 1901 2882 fecere,

137 2910 190 2942 ac
208 2894 298 2941 late
320 2894 414 2942 fusa
433 2894 731 2958 populatione
752 2912 856 2942 cum
886 2894 1064 2959 ingenti
1084 2894 1297 2941 villarum
1314 2892 1455 2954 strage
1474 2891 1669 2955 grassati,
1694 2889 1740 2936 vi
1761 2906 1895 2952 mag-

134 2974 194 3005 na
215 2973 430 3021 pecorum
451 2960 609 3007 abadia
631 2959 822 3007 domum
843 2959 1033 3007 rediere.
1099 2958 1203 3006 Nec
1225 2958 1385 3003 Scotus
1407 2956 1526 3002 hanc
1561 2953 1773 3016 injuriam
1808 2954 1891 3000 diu

137 3023 247 3069 tulit
273 3023 484 3070 inultam.
553 3022 668 3071 Satis
693 3024 818 3072 enim
839 3024 992 3088 ampla
1015 3039 1152 3070 manu
1173 3019 1391 3084 Angliam
1421 3019 1639 3083 ingressus
1670 3018 1889 3080 majorem

132 3086 274 3148 quam
297 3087 678 3149 accaeperat,hosti
699 3089 877 3148 cladem
897 3087 1115 3136 reddidit.
1148 3087 1220 3133 Ita
1240 3084 1453 3147 utrinque
1474 3083 1637 3131 animis
1658 3081 1895 3145 populati-

131 3167 222 3199 one
241 3149 444 3205 irritatis,-
469 3167 647 3214 magnae
668 3153 891 3200 vastitates
906 3153 956 3200 in
976 3150 1208 3213 utriusque
1229 3147 1378 3212 gentis
1399 3146 1522 3211 agris
1544 3146 1700 3194 saetae:
1720 3145 1794 3194 sed
1813 3162 1893 3192 ca-

132 3213 349 3263 lamitatis
371 3214 515 3275 major
536 3231 636 3276 pars
656 3215 704 3262 in
726 3216 1015 3271 Cumbriam,
1039 3214 1159 3263 unde
1184 3212 1368 3260 initium
1390 3211 1569 3273 injuriae
1597 3221 1750 3258 ortum
1773 3220 1892 3266 erat,

130 3279 357 3328 incubuit.
423 3279 491 3325 Ea
510 3278 631 3325 enim
654 3279 780 3326 omni
800 3281 930 3332 clade
952 3279 1063 3341 belli
1084 3290 1245 3326 vexata
1264 3292 1408 3341 prope
1432 3276 1492 3323 ad
1520 3273 1808 3323 solitudinem
1840 3292 1898 3318 e·

133 3357 206 3393 rat
226 3345 423 3399 redafita.
482 3343 602 3390 Haec
618 3342 882 3392 Londinum
902 3345 1075 3409 perlata
1095 3342 1259 3398 fecere,
1283 3354 1335 3390 ut
1352 3341 1578 3389 exercitus
1600 3338 1740 3404 longe
1760 3353 1900 3386 max-s

182 3482 246 3536 (1)
275 3483 342 3522 Al.
361 3483 575 3532 nugonem.
1088 3479 1149 3534 (3)
1175 3481 1289 3521 Cruel
1306 3479 1405 3520 fae'fs
1413 3478 1577 3518 without
1587 3477 1691 3540 cause
1706 3487 1749 3514 or
1764 3474 1883 3513 benet·

134 3535 631 3630 angzliagffissfss'2mumy’
644 3532 830 3584 Ormond,
854 3535 988 3587 Augus
1038 3534 1098 3585 fit,
1118 3536 1206 3587 only
1222 3543 1267 3579 to·
1278 3533 1368 3577 hold
1386 3532 1489 3576 their
1502 3531 1620 3601 hands
1631 3543 1675 3572 m
1686 3527 1762 3570 use.

1771 3638 1807 3653 ‘-

1769 3646 1911 3696 mu*-

1985 0 1992 140 l
