2016 3801
133 139 211 206 ιιι
390 138 597 215 ΒΕ·
691 135 1072 226 JURE
1186 133 1686 204 REGNI

120 252 349 285 certamen
372 238 428 285 de
443 237 700 300 principatu
725 236 940 311 nequitiae
963 253 1067 285 cum
1087 237 1274 285 homine
1295 239 1579 303 nequiffimo.
1605 240 1662 286 C.
1681 238 1904 306 Caligula

121 303 204 349 fibi
228 303 474 350 instituisse.
542 305 610 350 M.
638 301 800 364 Qid
788 318 825 348 ιε
850 302 959 350 fecit
979 303 1076 364 ejus
1099 302 1278 374 generis
1305 306 1324 350 ?
1385 311 1437 352 ἱ).
1464 304 1619 349 Simiae
1643 312 1730 350 iuae
1754 308 1906 356 custo·

121 368 225 412 dem
250 369 483 415 hominem
506 384 647 430 prope
670 367 936 429 nequiorem
963 367 1099 414 bestia
1118 365 1383 431 nequissima
1403 369 1629 440 collegam
1659 369 1776 416 fibi
1764 387 1809 416 ιιι
1836 372 1902 421 sa.

121 431 330 479 cerdotio
351 432 597 494 cooptavit
674 437 741 479 M.
781 432 886 476 Alia
929 432 1113 494 legendi
1157 432 1335 478 fortasse
1357 432 1487 478 causa
1509 433 1574 479 fui
1565 444 1613 479 t
1688 440 1740 482 Β.
1778 436 1907 484 Nar..n

120 509 278 543 rantur
300 504 336 544 &
361 497 496 543 aliae·
533 496 604 542 led
628 510 715 558 ego
748 495 884 560 selegi
909 497 1272 544 honestissimam.
1328 495 1478 558 Igitur
1499 511 1604 543 cum
1633 509 1782 545 tantus
1808 517 1902 549 non

121 564 263 607 modo
285 561 518 608 sacerdotii
543 572 851 620 contemptu5‚
875 561 947 608 sed
967 562 1107 607 etiam
1131 559 1425 607 humanitatis
1448 560 1625 606 oblitio
1651 578 1706 608 ex
1729 562 1807 611 ista
1835 566 1906 612 le.

120 641 202 689 ges
225 624 556 689 interpretandi
583 624 771 670 licentia
794 626 845 671 fit
871 639 991 680 nata,
1033 626 1137 672 vide
1162 642 1218 672 ne
1243 625 1369 670 istam
1395 626 1583 686 potestat
1586 641 1657 670 em
1682 629 1899 692 exiguam

120 704 269 750 putes.
342 701 405 738 .1«’.
456 691 520 735 At
560 688 674 734 mihi
697 702 870 736 veteres
912 707 1003 737 non
1029 690 1242 737 videntur
1273 701 1364 735 tam
1392 705 1609 751 magnum
1635 681 1899 742 existimasse

119 754 209 801 hoc
232 752 559 825 interpretandi
584 752 751 808 minus,
791 771 926 817 quam
954 768 1001 801 tu
1025 755 1071 802 id
1094 753 1242 800 videri
1272 751 1356 799 vis·
1424 753 1567 822 Quod
1591 755 1660 799 vel
1686 750 1822 803 hoc
1804 777 1816 784 ·
1823 775 1901 805 no

121 835 419 893 argumento
414 816 614 878 intellioi
638 819 796 880 potest,
841 820 966 881 quod
1016 821 1318 882 Imperatores
1359 819 1474 863 Ron
1483 833 1555 861 anx
1578 817 1904 876 jurisconsultis

120 884 168 931 id
194 882 419 946 permileri
428 896 493 928 nt.
561 884 679 944 Qae
703 899 793 928 una
814 883 929 929 ratio
968 897 1012 930 t
1022 897 1111 930 tam
1141 884 1265 930 istam
1290 880 1521 926 verbosam
1548 891 1675 926 tuam
1700 884 1904 945 disputa..

124 948 218 994 tion
226 966 294 993 em
317 948 498 994 evertit.
552 948 721 1008 Neque
744 947 961 994 solumid
969 949 1094 1011 quod
1121 949 1178 1003 cle
1198 944 1517 1018 magnitudine
1533 943 1596 990 ἰθεὶ
1607 962 1654 989 us
1676 951 1904 1024 potestatis

123 1012 269 1059 dixisti
296 1012 479 1066 refellit,
523 1010 594 1058 scd
616 1012 731 1058 illud
755 1027 940 1075 quoque
962 1013 1087 1075 quod
1112 1024 1161 1058 tu
1185 1011 1383 1058 maxime
1407 1009 1522 1055 vitas
1549 1013 1641 1069 per!
1642 1009 1783 1071 picue
1825 1015 1905 1060 de-

123 1078 281 1131 clarat,
307 1094 444 1141 quam
460 1076 569 1122 aliis
593 1077 855 1138 potestatem
880 1077 1060 1136 dejure
1084 1073 1389 1138 respondendi
1411 1074 1654 1128 dederunt,
1671 1093 1768 1122 eam
1799 1079 1904 1138 ipfis

123 1159 213 1188 non
234 1142 301 1188 sui
310 1144 366 1188 fl'e
388 1156 620 1204 negatam,
662 1142 692 1188 sx
714 1139 763 1188 id
787 1158 952 1188 munus
975 1159 1185 1189 exercere
1208 1140 1463 1193 voluissent,
1501 1150 1578 1185 aut
1601 1155 1684 1200 per
1705 1158 1907 1205 occupa-

121 1207 266 1253 tiones
290 1206 550 1268 potuissent.

188 1272 414 1317 XXXIII.
440 1273 481 1318 B
503 1270 646 1334 Qod
676 1272 734 1318 ad
758 1273 1059 1334 Imperatores
1078 1273 1313 1320 Romanos
1339 1273 1649 1336 attinet‚quos
1676 1272 1802 1316 nullo
1827 1289 1909 1318 ner

123 1353 214 1398 que
250 1335 428 1397 judicio
447 1353 595 1398 neque
617 1337 825 1383 utilitatis
847 1336 1045 1397 publicae
1067 1337 1266 1399 respefiu
1289 1338 1461 1384 milites
1479 1340 1555 1385 fibi
1575 1336 1904 1400 przriiciebant,

124 1400 173 1446 hi
198 1402 276 1446 sub
302 1401 417 1447 hanc
443 1402 643 1464 Regum,
668 1419 805 1461 quarn
829 1400 1163 1463 descripsimus,
1192 1402 1436 1449 formulam
1480 1421 1567 1449 non
1594 1402 1783 1449 venium
1813 1420 1822 1445 :
1859 1414 1910 1448 ut

124 1465 205 1526 qui
238 1465 265 1511 ἓι
288 1483 455 1530 genere
476 1465 717 1513 hominum
741 1465 1051 1522 scelestiffim0‚
1082 1471 1129 1516 ὃς
1165 1467 1257 1513 fere
1283 1467 1598 1513 scelestiffimus
1623 1465 1833 1529 quisque,
1859 1483 1883 1511 e

124 1530 402 1592 figebantur,
431 1543 508 1576 aut
533 1530 610 1592 ipfi
637 1548 718 1594 per
741 1531 833 1576 vim
875 1531 922 1576 in
947 1548 1050 1584 eum
1077 1531 1228 1577 locum
1255 1531 1587 1592 irrumpebant.
1659 1530 1800 1595 QG&
1826 1547 1905 1576 au-

124 1608 216 1640 tem
237 1595 564 1656 jurisconsultis
586 1597 849 1657 potestatem
873 1595 1173 1657 respondendi
1190 1597 1246 1642 de
1265 1597 1365 1658 jure
1382 1597 1611 1652 dederint,
1638 1614 1727 1643 non
1752 1612 1907 1656 repre—

124 1659 296 1706 hendo.
366 1661 457 1706 Etfi
482 1660 604 1706 enim
625 1677 676 1706 ea
701 1661 899 1706 maxima
923 1661 999 1714 est,
1027 1673 1074 1707 ut
1096 1673 1199 1706 ante
1223 1661 1337 1715 dixi,
1381 1663 1522 1707 tutius
1545 1662 1598 1709 iis
1633 1675 1783 1707 tamen
1809 1675 1911 1706 cre-

125 1724 265 1778 ditur,
294 1724 461 1787 quibus
487 1725 738 1787 tyrannidis
761 1726 1107 1773 instrumentum
1132 1727 1217 1772 esse
1241 1728 1514 1787 nonkpotest„
1586 1726 1770 1772 Deinde
1804 1727 1911 1787 plu*

125 1789 254 1837 ribus
277 1790 563 1843 credebatur,
585 1805 700 1850 quos
725 1804 881 1836 mutua
905 1790 1157 1836 reverentia
1180 1792 1446 1836 continebat
1473 1809 1514 1835 {n
1538 1792 1687 1837 efficio
1715 1809 1725 1836 :
1763 1804 1809 1838 ut
1833 1791 1861 1837 fi
1882 1807 1909 1839 a

125 1857 249 1901 1⁴e&o
272 1852 581 1907 declinassent,
622 1855 806 1900 alterius
851 1854 1058 1917 responso
1082 1854 1399 1901 refellerentur
1484 1857 1577 1911 Qui
1623 1857 1651 1901 fi
1697 1854 1832 1901 etiam
1858 1853 1906 1903 in

127 1919 333 1966 fraudem
358 1918 689 1972 consensissent,
719 1919 946 1982 supererat
965 1919 1132 1980 judicis
1158 1920 1299 1965 auvl
1309 1937 1402 1974 um,
1428 1920 1500 1965 cui
1527 1936 1615 1966 non
1643 1934 1736 1965 erat
1757 1921 1910 1967 neces·-

126 1984 168 2030 se
190 2001 271 2046 pro
307 1983 408 2043 lege
432 1983 597 2034 habere
624 1984 849 2046 quicquid
875 1983 1129 2047 responsum
1156 2002 1179 2030 a
1198 1984 1508 2043 jureconsulto
1531 1984 1691 2031 sufflet.
1762 1987 1910 2048 Supe-

127 2062 246 2096 rerat
272 2053 314 2097 δι
344 2048 618 2110 Imperator,
651 2066 732 2112 qui
775 2050 930 2113 legum
963 2048 1234 2096 violatarum
1272 2067 1428 2112 poenes
1470 2064 1548 2108 ex}
1546 2064 1686 2096 etere
1710 2061 1909 2110 poterat.

125 2111 224 2160 Tot
248 2113 450 2160 vinculis
469 2129 572 2160 cum
600 2126 859 2161 tenerentur
881 2113 1066 2169 astriffl,
1098 2131 1374 2187 poenamque
1398 2132 1448 2178 gr
1435 2132 1500 2159 a
1489 2132 1651 2161 iorem
1672 2114 1906 2170 timerent,

124 2195 262 2240 quam
289 2180 582 2242 expe&arent
603 2178 772 2225 fraudis
796 2179 1055 2240 praemium,
1076 2177 1223 2233 vides,
1244 2195 1300 2239 οι
1310 2197 1407 2225 nor
1413 2198 1530 2234 ,non
1552 2181 1666 2225 adeo
1687 2193 1853 2242 magnvs.
1849 2195 1910 2228 »m

125 2243 182 2288 ab
205 2241 285 2289 isto
308 2259 474 2306 genere
499 2243 743 2290 hominum
767 2243 1022 2290 timendum
1046 2243 1172 2290 fuisse
1195 2215 1468 2306 periculum,
1537 2241 1604 2291 M.
1631 2244 1767 2290 Estne
1792 2261 1911 2307 prae·

131 2320 251 2353 terea
274 2311 394 2371 quod
421 2310 477 2354 de
502 2309 765 2372 Regedicas
793 2313 809 2355 ?
836 2309 892 2355 B.
919 2308 1070 2355 Ριιιιιι
1066 2324 1142 2362 ιιι,
1165 2309 1194 2354 ss
1220 2308 1304 2354 tibi
1327 2326 1367 2353 vz
1361 2309 1526 2363 (lettr,
1543 2309 1696 2371 paucis
1713 2310 1911 2383 colliga⁹

125 2388 225 2418 mus
241 2388 344 2436 quae
364 2373 485 2420 dicia
508 2355 638 2419 sunt:
674 2373 737 2419 ita
760 2372 938 2419 facilius
963 2372 1116 2436 siquid
1142 2373 1487 2434 praetcrmissum
1508 2375 1559 2419 fit
1576 2373 1909 2434 intelligemus

124 2439 195 2484 M.
223 2439 292 2483 Ita
311 2438 470 2485 censeo
489 2437 766 2484 faciendum.
794 2440 862 2485 M.
885 2438 959 2485 De
982 2438 1161 2502 origine
1187 2440 1233 2485 ὅ(
1255 2453 1304 2483 ca
1313 2437 1385 2484 usa
1405 2439 1702 2485 creandorum
1725 2437 1910 2502 Regum

126 2508 160 2546 ἃ
192 2502 345 2566 legum
371 2502 726 2549 satisconvenire
741 2502 1044 2550 videbamur:
1070 2503 1127 2549 de
1147 2513 1303 2549 autore
1327 2502 1458 2566 legis,
1481 2518 1570 2549 non
1588 2517 1714 2550 item
1735 2505 1820 2549 Sed
1840 2503 1910 2550 vi-

125 2567 193 2612 sus
217 2584 263 2612 es
288 2567 399 2614 mihi
427 2567 609 2613 tandem
631 2567 708 2613 etsi
732 2567 905 2614 subinvi
896 2579 1001 2622 tus,
1019 2581 1171 2615 tamen
1187 2567 1230 2613 vi
1254 2567 1348 2630 ipsa
1366 2566 1568 2614 veritatis
1593 2570 1773 2614 εοειὲἶιιε
1799 2584 1913 2615 con·

85 2653 95 2667 x
128 2630 315 2678 senfiffe.
371 2634 440 2679 M.
467 2628 605 2678 Certe
631 2648 720 2678 non
746 2633 885 2678 modo
913 2633 1178 2695 potestatem
1198 2632 1703 2709 legumjubendarum,
1728 2633 1801 2679 sed
1825 2633 1913 2678 eti-

123 2711 198 2741 am
221 2712 297 2743 eas
315 2696 667 2760 interpretandi,
693 2702 733 2742 &
757 2697 945 2760 quidem
968 2713 1041 2743 me
1060 2711 1255 2760 patrono
1274 2695 1449 2744 strenue
1470 2697 1766 2754 reclamante,
1819 2698 1913 2744 Re-

124 2760 172 2823 gi
185 2761 424 2809 abstulisti.
497 2761 636 2824 Qa
623 2778 672 2808 m
695 2778 741 2807 re
768 2778 928 2808 vereor
951 2778 1008 2808 ne
1032 2763 1059 2814 fi
1081 2779 1149 2809 res
1169 2763 1319 2825 palam
1346 2763 1441 2817 fiat,
1463 2760 1712 2822 aliquando
1737 2778 1913 2825 praeva-

124 2825 358 2872 ricationis
383 2842 644 2889 coarguar.
679 2827 794 2873 adeo
817 2825 953 2873 facile
980 2825 1167 2881 bonam,
1208 2840 1257 2872 ut
1283 2827 1373 2872 ab
1363 2825 1498 2872 initio
1519 2825 1780 2882 videbatur,-
1799 2842 1914 2873 cau-

122 2888 214 2935 sam
243 2889 358 2937 mihi
380 2891 437 2937 de
475 2890 685 2937 manibus
721 2889 983 2954 extorqueri
1023 2891 1118 2939 sum
1143 2893 1305 2954 passus.
1374 2892 1430 2937 B.
1471 2891 1602 2938 Bono
1634 2890 1789 2937 animo
1822 2906 1910 2938 est

125 2969 232 3000 nam
254 2955 282 3001 fi
302 2954 412 3018 quis
435 2954 481 3002 in
507 2954 593 3002 hac
610 2954 746 3001 causa
768 2969 811 3002 te
833 2954 1225 3018 praevaricationis
1249 2954 1497 3009 insimulet,
1519 2972 1608 3017 ego
1630 2955 1715 3001 tibi
1739 2954 1915 3018 gratui-

122 3030 224 3066 tum
249 3019 555 3079 patrocinium
580 3019 822 3082 polliceor.
889 3019 960 3068 M.
989 3021 1108 3067 Istud
1136 3020 1312 3067 fortasse
1339 3016 1466 3066 brevi
1490 3019 1795 3082 experiemur.

189 3083 417 3131 XXXIV.
457 3086 513 3131 B.
540 3085 694 3131 Multa
717 3085 855 3134 etiam
881 3085 1173 3148 negotiorum
1198 3096 1366 3148 genera
1385 3084 1521 3131 nobis
1543 3082 1636 3130 visa
1657 3085 1773 3139 sunt,
1807 3097 1914 3147 quae

120 3146 264 3195 nullis
286 3147 469 3211 legibus
491 3148 824 3211 comprehendi
846 3151 1044 3213 possint:
1082 3162 1284 3222 quorum
1311 3161 1486 3224 partem
1509 3148 1764 3211 adjudices
1788 3148 1914 3194 o1di··

122 3210 293 3267 uarios,
315 3223 492 3286 partem
513 3213 571 3260 ad
596 3213 833 3260 confilium
869 3213 1001 3278 'Rege
1019 3230 1111 3264 non
1138 3213 1285 3262 invito
1308 3212 1565 3276 rejecimffus
1631 3210 1701 3260 M.
1723 3213 1912 3260 Paetum

123 3275 312 3339 quidem
339 3275 548 3325 memini.
618 3278 768 3351 Atqui
793 3279 844 3326 id
862 3295 968 3326 cum
995 3277 1212 3333 faciebas,
1259 3277 1395 3326 scisne
1431 3279 1545 3338 quid
1571 3276 1724 3325 mnu
1711 3293 1758 3323 m
1781 3291 1913 3324 men-

124 3353 218 3387 tem
241 3340 492 3389 veniebat
484 3344 499 3376 Ρ
532 3343 590 3390 B.
611 3342 714 3406 Qi
749 3343 944 3405 possum,
988 3343 1039 3395 ni
1061 3355 1110 3390 ιιι
1133 3338 1302 3390 dixeris
1349 3345 1367 3390 ?
1418 3332 1489 3390 Μ.
1525 3340 1773 3389 Videbar-is
1795 3336 1914 3390 mihi

123 3402 277 3477 Reges
299 3406 648 3471 quodammodo
672 3407 840 3455 fimiles
862 3407 1079 3481 effingere
1098 3406 1257 3473 sigillis
1280 3406 1493 3470 lapideis,
1517 3423 1620 3469 quae
1641 3407 1915 3468 plerumque

122 3485 171 3514 ιιι
195 3470 408 3533 capitulis
429 3471 784 3519 columnarum
772 3484 839 3519 ita
857 3471 943 3519 niti
965 3473 1196 3528 videntur,
1232 3488 1294 3546 ae
1309 3473 1338 3519 fi
1364 3483 1510 3519 totam
1530 3472 1794 3519 structuram
1820 3466 1910 3515 sus·
1936 3486 1945 3489 ·

125 3531 337 3583 tineant.
373 3552 480 3584 cum
503 3548 655 3589 tamen
679 3552 726 3584 re
751 3553 856 3584 vera
879 3536 1026 3584 nihilo
1048 3538 1151 3601 plus
1169 3535 1320 3584 oneris
1345 3536 1494 3583 ferant
1516 3551 1654 3609 quam
1684 3531 1837 3598 quivis
1858 3543 1906 3578 ε-
1949 3583 1955 3588 ,

118 3596 154 3642 2³.
144 3614 212 3646 us
233 3598 369 3663 lapis.
436 3606 496 3652 Β.
533 3600 686 3666 Qud,
711 3600 832 3701 bone
853 3601 1037 3668 Regum
1064 3613 1294 3667 patrone
1285 3603 1300 3636 Ρ
1356 3599 1560 3666 quereris
1585 3616 1658 3650 me
1679 3609 1881 3665 parum.
1859 3607 1912 3638 o-

1787 3656 1908 3708 neris
