1992 3801
151 273 1955 380 QQQQQQQQQQQQQQQQQQQQQQQQQQ

150 360 459 431 43-32.·=‘000„3}2-·0000
523 363 1022 425 0004305‘003200M032
1053 375 1924 443 ως..;;ε--οοοο.-ᾳ-ωω..;ξε..ωω..ῃ-ψοφῇ.ωηᾲωωωῖᾗῑ.

294 432 434 439 -ῃ-
504 434 854 441 -ω--κ-
929 437 994 443 --

204 431 314 485 effic
502 413 1923 502 mwwmwmzssffiffiffiffiffiwssffiffissfflss

322 586 774 658 RERUM
873 573 1744 666 scoTICARUM

181 736 313 857 H
463 763 501 859 1
646 767 708 856 S
849 763 942 858 T
1088 771 1178 859 o
1324 772 1428 864 R
1559 775 1597 864 1
1747 781 1843 869 A

323 954 537 1023 Aueto're
593 969 970 1024 Gi-:oltcxo
1030 973 1530 1028 BUCHANANO
1584 978 1747 1033 Scoto-

390 1132 660 1188 LIBER
730 1133 1155 1183 DECIMUS
1210 1137 1663 1200 QUINTUS.

322 1372 387 1416 το,
411 1355 697 1425 motibusque
719 1363 997 1427 superiorum
1023 1378 1282 1428 temporum
1306 1367 1545 1429 inopinato
1580 1384 1747 1417 eventu
1769 1371 1935 1434 sopiti&-

321 1426 652 1490 verius-,quam
674 1428 955 1490 compositis,
981 1441 1106 1476 tanta
1125 1432 1502 1492 prudentioribus
1520 1433 1762 1481 imminere
1785 1438 1918 1482 vide-

154 1489 289 1535 batur
311 1488 562 1553 tempesta,
586 1505 804 1554 quantam
828 1493 905 1540 vix
940 1495 1034 1540 ulla
1062 1495 1378 1557 proximorum
1401 1495 1668 1546 saeculorum
1700 1503 1923 1547 memoria

157 1565 237 1599 aut
259 1569 316 1599 ex
340 1553 585 1616 majoribus
608 1555 827 1612 audierat,
853 1569 929 1604 aut
952 1557 1046 1621 ipsa
1081 1559 1351 1606 meminisset
1437 1563 1506 1623 (ι)
1533 1563 1702 1626 Neque
1723 1564 1823 1611 Rex
1846 1570 1931 1611 do-

158 1618 223 1664 mi
249 1619 319 1679 (2)
346 1618 551 1681 suprema
571 1621 876 1677 ordinaverat,
898 1628 937 1668 &
960 1624 1159 1684 puellam
1184 1626 1343 1670 oftavo
1366 1638 1470 1672 ante
1505 1627 1601 1687 ejus
1624 1641 1816 1674 mortem
1854 1629 1932 1675 die

161 1694 314 1729 natam
337 1683 564 1749 haeredt‘m
587 1684 848 1748 reliquerat.
929 1688 988 1733 Et
1022 1686 1274 1734 nobilitatis
1313 1689 1469 1745 duces,
1493 1689 1538 1736 in
1564 1692 1729 1752 quibus
1753 1692 1930 1756 aliquid

160 1747 440 1795 auctoritatis
463 1747 626 1804 fuerat,
650 1751 723 1796 vel
746 1749 823 1796 suo
847 1750 940 1797 fato
964 1750 1107 1798 func'ti
1141 1764 1288 1806 erant,
1311 1754 1382 1798 vel
1413 1756 1534 1816 apud
1558 1756 1728 1803 hostem
1752 1760 1931 1812 exules,

158 1824 239 1858 aut
260 1810 430 1875 captivi
449 1813 777 1861 retinebantur.
811 1816 931 1870 Nee,
954 1817 1025 1877 (3)
1052 1815 1232 1862 fuiss'ent
1254 1817 1284 1863 fi
1310 1817 1453 1872 domi,
1474 1819 1547 1865 vel
1570 1821 1630 1866 ob
1649 1821 1755 1868 odia
1774 1822 1930 1884 priva-

162 1889 225 1930 ta,
251 1877 323 1922 vel
344 1876 405 1923 ob
427 1877 737 1928 diss'enfionem
757 1880 814 1925 de
848 1880 1072 1942 religione
1093 1880 1201 1926 vivo
1232 1881 1362 1944 Rege
1398 1895 1521 1929 metu
1548 1887 1861 1947 compreffam,
1887 1893 1928 1933 δε

159 1956 270 1986 mox
293 1940 457 1988 animis
478 1957 599 1989 metu
622 1943 778 1989 solutis
801 1957 1080 2005 erupturam,
1100 1945 1219 1991 inter
1237 1946 1277 1991 se
1300 1946 1788 2012 discordessquicquam
1804 1963 1935 1997 erant

159 2021 247 2067 pro
268 2004 383 2051 sanis
415 2004 574 2054 asturi.
641 2008 908 2055 Accedebat
929 2011 986 2055 ad
1020 2009 1120 2055 haec
1144 2009 1314 2056 bellum
1339 2022 1575 2058 externum
1600 2014 1808 2061 adversus
1837 2016 1933 2061 Re·-

160 2085 269 2132 gem
291 2070 644 2131 potentissimum
672 2089 683 2117 ε
709 2072 790 2135 qui
811 2074 1047 2136 quomodo
1065 2075 1170 2120 esset
1193 2073 1344 2120 usurus
1368 2075 1575 2131 νὶἃοτίει,
1598 2078 1735 2125 multi
1751 2095 1834 2142 pro
1857 2080 1935 2126 sua

159 2133 378 2196 cujusque
396 2136 488 2198 spe,
506 2143 587 2184 aut
608 2149 735 2183 metu
758 2136 881 2184 varie
903 2136 1188 2186 differebant.
1257 2138 1353 2201 Qi
1378 2143 1428 2202 (4
1473 2141 1691 2188 fecundus
1715 2157 1812 2189 erat
1835 2143 1932 2190 ha:-

162 2215 249 2253 reS,
274 2212 322 2244 ut
345 2215 428 2246 nec
451 2201 515 2246 ad.
540 2201 770 2263 privatam
803 2203 942 2248 vitam
970 2203 1246 2267 degendam,
1281 2203 1526 2250 virtutibus
1562 2207 1763 2253 multum
1790 2209 1933 2271 vulgo

161 2263 416 2325 praestabat,
448 2264 519 2311 ita:
535 2282 684 2329 neque
714 2265 903 2314 confilio
926 2267 982 2313 ad
1006 2284 1198 2331 regnum
1221 2269 1495 2329 gerendum,
1519 2286 1669 2332 neque
1695 2268 1933 2319 fortitudi-

161 2344 219 2374 ne
241 2339 337 2373 erat
353 2327 559 2392 insignis,
592 2333 666 2395 (5)
693 2331 953 2378 Cardinalis
974 2331 1020 2377 in
1042 2332 1239 2393 publicis
1260 2333 1392 2379 malis
1414 2333 1569 2380 locum
1603 2335 1828 2382 crescendi
1851 2336 1935 2383 fibi

160 2392 246 2438 ess'e
261 2405 399 2447 ratus,
414 2406 464 2440 ut
483 2401 523 2441 δε
541 2394 878 2456 ordini(6)suo‚
897 2402 934 2442 &
950 2396 1145 2442 Gallicae
1169 2397 1355 2443 factioni
1368 2398 1410 2444 se
1424 2399 1680 2455 ostentaret,
1695 2400 1868 2447 facinus
1883 2405 1936 2451 δε

162 2456 330 2510 audax,
353 2459 402 2505 δε
425 2457 669 2520 impudens
692 2461 752 2506 est
774 2460 1017 2523 aggressus.
1055 2461 1301 2507 Condutsto
1321 2461 1446 2508 enim
1483 2462 1692 2510 Henrico
1728 2465 1936 2511 Balsurio

160 2519 410 2567 sacrificulo
422 2522 702 2570 mercenario
725 2524 883 2570 falsum
909 2525 1222 2572 testamentum
1247 2525 1370 2589 Regi
1397 2525 1587 2588 subjecit
1619 2545 1630 2574 :
1662 2527 1712 2574 in
1733 2529 1935 2592 quoipse
1983 2571 1985 2575 .

161 2584 225 2636 se,
247 2583 390 2631 tribus
409 2587 683 2635 affeHOribus
707 2587 733 2634 ὲ
750 2588 1064 2650 potentisfimis
1086 2605 1326 2653 procerum
1347 2590 1552 2651 adjectis,
1571 2591 1618 2637 in
1644 2590 1820 2640 summo
1838 2610 1937 2640 ma-

163 2649 352 2713 gistratu
385 2651 661 2698 collocabat.
730 2653 867 2715 Spem
903 2652 945 2698 ei
965 2653 1013 2699 id
1037 2654 1274 2701 consilium
1297 2653 1590 2702 succeffurum
1614 2655 1810 2704 faciebat
1840 2659 1936 2705 Co-

166 2712 293 2759 mitis
316 2714 499 2761 Araniae
518 2714 713 2763 minime
735 2716 989 2772 turbidum,
1013 2720 1060 2769 &
1082 2717 1108 2763 a
1125 2718 1340 2781 periculis
1361 2719 1417 2766 ad
1432 2719 1634 2780 quietern
1650 2736 1844 2784 pronum
1862 2722 1937 2768 in·

160 2777 371 2842 genium,
396 2784 436 2826 δε
458 2780 641 2844 generis
664 2781 1001 2845 propinquitas·
1068 2783 1179 2830 Erat
1195 2782 1317 2831 enim
1339 2784 1411 2845 (7)
1435 2800 1492 2831 ex
1515 2785 1655 2847 amita
1676 2785 1936 2834 Cardinalis

154 1297 329 1456 RE
347 1296 396 1343 G
414 1297 453 1343 E
486 1294 531 1344 in
554 1297 701 1345 aetatis
724 1298 834 1346 flore
860 1316 951 1346 non
971 1311 1062 1346 tam
1087 1300 1268 1356 morbo,
1292 1302 1430 1365 quam
1448 1304 1658 1350 moeroris
1681 1305 1727 1352 vi
1749 1306 1925 1354 extinc-

217 2906 279 2958 (1)
307 2908 403 2946 MS.
424 2910 530 2947 Nam
547 2924 681 2961 neque.
738 2911 839 2949 Nam
863 2925 905 2950 or
920 2911 1025 2951 enim
1136 2913 1197 2964 (7)
1224 2914 1351 2966 James
1369 2913 1445 2952 first
1461 2917 1535 2953 earl
1566 2916 1612 2954 of
1636 2918 1761 2954 Ari-an
1778 2915 1940 2954 married

165 2959 198 3006 is
216 2963 430 3011 commonly
448 2965 682 3003 understood.
1080 2966 1281 3005 Elizabeth
1298 2967 1440 3014 Hume‚
1461 2968 1557 3007 fister
1570 2977 1610 3008 to
1628 2970 1842 3008 Alexander
1856 2970 1939 3008 lord
1970 3017 1972 3021 y

222 3013 288 3061 (2)
336 3015 396 3051 He
415 3014 487 3052 had
505 3025 573 3054 not
589 3019 697 3055 made
715 3016 774 3054 his
817 3020 1026 3057 testament.
1080 3021 1225 3066 Hume‚
1245 3019 1312 3056 but
1340 3019 1399 3057 she
1419 3021 1528 3071 being
1547 3023 1691 3069 barren,
1720 3022 1782 3060 his
1798 3022 1938 3060 friends

222 3068 286 3117 (3)
324 3066 385 3105 Μ.
407 3069 444 3104 S.
475 3070 514 3106 Si
533 3070 637 3108 domi
656 3070 819 3109 fuissent.
1086 3075 1171 3122 (lest
1200 3072 1265 3109 the
1296 3073 1381 3124 title
1411 3075 1456 3112 of
1480 3075 1564 3113 heir
1593 3079 1768 3126 appa‘rent
1802 3084 1841 3113 to
1870 3075 1938 3114 the

223 3119 271 3169 (4
279 3132 290 3168 )
317 3121 445 3172 James
461 3124 536 3161 earl
555 3123 600 3160 of
610 3119 750 3170 Amin,
770 3125 831 3162 son
849 3134 888 3163 to
901 3126 1032 3177 James
1084 3139 1210 3164 crown
1226 3126 1354 3164 should
1370 3125 1436 3165 fall
1456 3128 1555 3167 from
1571 3128 1638 3166 the
1653 3129 1872 3167 Hamiltons
1899 3137 1943 3167 to

169 3173 310 3223 spoken
327 3172 372 3210 of
386 3173 508 3212 before
524 3189 536 3213 ι
556 3176 606 3212 he
619 3190 696 3214 was
715 3191 734 3214 a
747 3191 835 3216 man
849 3179 894 3216 of
905 3193 925 3216 a
942 3179 1031 3216 fim-
1085 3179 1150 3216 the
1168 3180 1242 3217 carl
1262 3180 1308 3217 of
1320 3181 1475 3219 Lennox
1489 3180 1549 3220 his
1565 3182 1695 3220 fister's
1709 3181 1792 3232 son)
1809 3180 1938 3220 caused

171 3227 233 3276 ple
268 3234 423 3279 nature,
446 3229 518 3265 and
552 3236 625 3267 too·
650 3230 766 3268 much
805 3232 865 3269 led
899 3231 944 3279 by
971 3231 1032 3269 his
1085 3231 1169 3269 him
1193 3242 1233 3270 to
1250 3233 1395 3271 divorce
1411 3233 1471 3272 his
1490 3234 1595 3282 wife,
1624 3237 1695 3272 and
1713 3235 1809 3286 keep
1825 3235 1939 3287 Janet

169 3279 310 3318 friends
330 3294 339 3317 ι
371 3278 419 3317 he
434 3292 509 3318 was
523 3280 730 3320 theroeafter
746 3286 854 3322 made
872 3285 973 3323 duke
991 3284 1037 3323 of
1085 3285 1228 3324 Beaton
1246 3287 1341 3324 fister
1357 3295 1397 3326 to
1423 3287 1489 3325 the
1507 3288 1599 3332 laird
1617 3288 1663 3326 of
1674 3288 1825 3334 Creich,
1847 3292 1936 3324 cou'-

169 3331 473 3385 Cbatellierault,
489 3333 560 3373 lib.
582 3335 646 3374 16.
667 3349 745 3386 cap.
768 3351 804 3388 3.
1085 3338 1139 3376 fin
1173 3347 1213 3376 to
1244 3339 1368 3390 bishop
1400 3341 1527 3393 James
1545 3341 1702 3388 Beaton,
1735 3341 1875 3388 widows
1894 3337 1941 3376 of

217 3387 288 3438 *(5)
309 3387 437 3424 *David
455 3387 622 3434 Beaton,
637 3402 723 3426 now
741 3389 975 3439 Archbilhop
992 3390 1038 3428 of
1087 3391 1232 3430 Robert
1256 3393 1456 3431 Levinston
1472 3391 1518 3432 of
1546 3392 1630 3432 East
1648 3395 1816 3438 Weems,
1849 3389 1937 3428 who

170 3440 228 3478 St.
265 3441 464 3488 Andrews‚
499 3441 666 3480 cardinal
699 3442 769 3479 and
803 3442 1031 3494 chancellor.
1089 3444 1175 3482 bare
1194 3454 1233 3482 to
1264 3445 1348 3484 him
1375 3445 1452 3484 this
1481 3448 1609 3499 James
1637 3447 1713 3484 carl
1742 3445 1787 3483 of
1796 3445 1934 3489 Arran,

169 3490 229 3530 see
247 3492 315 3530 the
328 3500 416 3532 note
434 3505 484 3530 on
500 3492 572 3532 lib.
592 3506 756 3545 14.>cap.
773 3506 840 3548 45.
1087 3510 1278 3545 governor,
1298 3501 1369 3536 and
1386 3499 1488 3540 duke
1498 3500 1543 3540 of
1551 3497 1848 3542 Chatelherault,
1862 3496 1936 3533 and

166 3545 380 3641 ἱζὶέξέἱέξῐ..
393 3547 433 3589 S.
458 3547 575 3591 δυσὶ.
605 3561 643 3592 tx,
680 3548 933 3596 ecclefiastim,
968 3548 1034 3589 the
1087 3551 1187 3591 some
1202 3551 1413 3601 daughters.

1811 3664 1958 3704 natus,
