1992 3801
146 134 282 220 -41'8
465 133 826 200 RERUM
918 132 1609 205 Sco’rrcARUM

157 229 363 290 iniquior
385 239 484 278 toto
499 243 682 287 conatu,
700 243 837 293 atque
851 229 992 276 animi
1002 229 1177 277 viribus
1191 231 1582 290 eoincubuerunt,
1608 247 1657 283 ut
1674 238 1776 285 Rex
1800 248 1922 290 tem«

156 309 262 357 pus,
281 294 528 359 locumque
544 296 767 356 colloquii
786 294 983 356 petitum
1006 295 1169 341 obiret.
1202 297 1257 342 Id
1279 313 1383 343 cum
1407 298 1656 347 sacerdotes
1674 302 1913 361 rescissent,

149 355 316 405 'astum'
332 357 662 407 deordine'suo
684 358 786 412 rati,
807 358 887 404 nisi
906 364 946 404 δε
965 359 1247 422 congressum
1266 361 1447 424 Regum
1464 362 1759 425 impedirent,
1775 372 1816 414 δε
1839 385 1919 415 eo·

157 437 264 470 rum
282 424 571 470 concordiam
595 422 1172 485 turbarent‚'odior{1mque
1193 423 1363 471 semina
1383 427 1561 488 Regem
1582 426 1716 483 inter,
1749 435 1790 477 &
1811 448 1920 494 pro-

157 484 514 549 ceres‘jacerent.
581 489 758 534 Omnes
779 497 929 532 autem
962 487 1158 533 rationes
1180 487 1669 551 circumspicientibus,
1693 510 1836 541 unum
1860 495 1918 542 il-

150 551 239 598 iud
280 565 376 599 turn
411 551 618 613 praesenti
641 551 769 597 -malo
789 550 1043 597 remedium
1082 552 1464 613 praesentissimum
1489 555 1549 600 est
1570 555 1732 612 visum,
1766 560 1796 605 fi
1819 559 1919 606 ani-

151 627 287 662 'mum
321 616 463 678 Regis
485 614 694 662 adversus
720 614 962 682 pecuniam
986 615 1215 663 infirmum
1238 618 1560 680 largitionibus
1581 620 1811 668 immensis
1835 640 1917 686 ag-

151 682 469 742 grederentur,
490 680 719 742 proposita
747 692 851 729 ante
867 681 1028 726 oculos
1053 680 1245 742 periculi
1267 682 1602 745 magnitudine,
1634 688 1682 733 δε
1705 686 1842 742 fluxa,
1868 691 1920 736 δε

155 743 329 791 incerta
349 744 664 807 promissorum
684 731 914 790 hostilium
931 745 1036 799 fide,
1057 745 1296 807 pecuniam
1312 744 1441 792 domi
1464 753 1504 793 &
1528 749 1764 808 majorem,
1786 757 1827 798 &
1851 752 1920 796 fa-

154 808 245 854 cile
263 808 512 871 parabilem
534 808 771 853 ostentant.
840 808 1041 855 Primum
1066 812 1123 855 de
1141 810 1217 854 suo
1239 810 1287 855 in
1305 827 1446 857 annos
1469 811 1667 874 singulos
1691 814 1732 861 se
1755 814 1919 878 trigin-

154 885 201 918 ta
220 889 458 920 aureorum
480 870 996 928 milliacontributuros,
1016 872 1287 933 caeterasque
1305 890 1463 920 omnes
1481 874 1683 923 fortunas
1702 879 1757 924 ad
1775 878 1925 925 incer-

156 948 205 983 ta
240 937 569 992 discriminum,
600 936 631 982 fi
652 952 721 982 res
750 936 960 998 postulet,
997 937 1297 998 paratas'fore
1328 938 1620 999 pollicentur.
1688 943 1758 987 Ex
1788 943 1921 990 bonis

157 1015 267 1048 vero
311 1017 486 1054 eorum,
520 1001 601 1062 qui
642 999 852 1046 adversus
887 1000 1123 1047 Pontificis
1156 1002 1354 1048 Romani
1397 1003 1731 1059 auftozitatem,
1777 1006 1925 1069 Regi-

126 1066 128 1068 ’
157 1081 323 1127 amque
346 1065 617 1125 majestatem
639 1064 929 1119 rebellarent,
954 1071 994 1112 δε
1016 1065 1166 1120 nouis,
1190 1081 1241 1112 ac
1262 1066 1485 1113 sceleratis
1507 1069 1733 1116 erroribus
1756 1072 1918 1118 statum

151 1124 444 1176 'eccs'esarum
473 1130 725 1184 turbarent,
751 1128 966 1190 pietatem
989 1142 1260 1183 everterent,
1292 1131 1634 1192 magistratuum
1661 1133 1766 1193 jura
1789 1135 1922 1181 tolle-

156 1206 342 1247 rent,›ac
366 1205 434 1239 tot
450 1193 714 1240 saeculorum
736 1192 939 1239 instituta
960 1195 1284 1241 convellerent.
1351 1196 1421 1242 Ex
1442 1196 1607 1243 horum
1624 1198 1812 1260 inquam
1837 1200 1921 1246 bo-

156 1258 227 1305 nis
251 1258 296 1304 in
323 1258 474 1304 fiscum
494 1260 648 1304 relatis
674 1259 792 1320 poffe
816 1256 948 1320 supra
968 1271 1151 1308 centum
1184 1275 1423 1306 aureorum
1458 1260 1606 1307 millia
1634 1278 1786 1309 annua
1808 1280 1920 1310 con-

156 1323 258 1370 fici:
276 1323 306 1369 fi
324 1323 426 1370 Rex
438 1336 614 1369 tantum
643 1321 878 1385 (quoniam
899 1322 979 1384 ipsi
1000 1322 1056 1369 de
1075 1323 1222 1386 capite
1244 1323 1413 1370 civium
1430 1324 1505 1384 jus
1528 1325 1680 1372 dicere
1705 1344 1795 1374 non
1818 1328 1920 1390 pos·
1991 1358 1992 1390 3

156 1389 272 1447 sent)
301 1388 483 1449 qualem
508 1386 867 1447 velintjudicern
892 1387 1044 1433 ferret.
1111 1390 1345 1434 Caeterum
1367 1388 1413 1434 in
1437 1391 1683 1450 quaestione
1706 1408 1922 1440 exercen-

143 1453 211 1498 da
235 1452 414 1498 nullum
438 1451 533 1498 fore
555 1450 828 1514 periculum,
852 1464 930 1496 aut
950 1451 997 1497 in
1014 1451 1267 1511 judicando
1290 1469 1462 1498 moram
1494 1461 1513 1500 ':
1551 1456 1654 1502 cum
1679 1467 1747 1502 tot
1769 1456 1918 1504 homi-

156 1533 267 1563 num
291 1516 437 1563 millia
460 1517 577 1562 nihil
601 1515 815 1561 dubitent
835 1516 1025 1569 veteris,
1043 1523 1081 1563 &
1105 1517 1213 1562 novi
1257 1517 1511 1565 testamenti
1545 1519 1686 1566 libros
1710 1535 1917 1569 contrec-

155 1591 268 1634 tare,
291 1581 348 1627 de
372 1579 603 1628 Pontificis
626 1579 843 1643 potestate
863 1578 1087 1627 sermones
1111 1581 1268 1635 serere,
1303 1582 1566 1644 veteresque
1587 1584 1699 1631 ritus
1719 1587 1916 1633 ecclefiae

152 1647 491 1697 contemnendo
512 1643 732 1707 religiosis
751 1643 1033 1701 hominibus,
1067 1661 1118 1692 ac
1139 1646 1243 1692 Deo
1267 1645 1443 1692 sacratis
1468 1664 1605 1694 omne
1626 1650 1913 1712 obsequium,

153 1725 207 1757 ac
229 1710 525 1758 reverentiam
545 1709 795 1756 detrahere.
1878 1730 1881 1734 ν

220 1776 519 1822 LV11.·Haec
536 1790 638 1819 cum
657 1772 726 1818 illi
746 1772 1038 1820 vehementer
1060 1785 1289 1838 urgerent,
1310 1775 1441 1821 datus
1463 1775 1524 1821 est
1547 1776 1609 1822 eis
1625 1777 1770 1838 judex
1791 1796 1848 1826 ex
1866 1796 1915 1826 a-

153 1839 270 1886 nimi
294 1839 513 1886 sententia
536 1838 727 1884 lacobus
757 1837 1073 1885 Hamiltonius
1114 1841 1280 1886 nothus
1317 1838 1515 1886 Comitis
1540 1843 1724 1888 Araniae
1759 1844 1914 1898 frater,
1963 1895 1965 1897 ‚

151 1904 309 1951 multis
346 1902 669 1966 iargitionibus
706 1914 811 1948 ante
840 1902 906 1947 eis
935 1903 1184 1957 obnoxius,
1217 1910 1256 1950 δε
1290 1905 1370 1968 qui
1401 1903 1601 1951 facinore
1622 1909 1917 1969 quantumvis

118 1968 329 2015 ”crudeli
350 1969 491 2031 Regis
521 1966 724 2013 animum
756 1967 1029 2027 jamdudum
1053 1968 1271 2014 offensum
1312 1969 1393 2015 libi
1424 1970 1670 2016 conciliare
1712 1986 1915 2035 cuperet.

152 2033 355 2079 Venerat
376 2031 422 2078 in
445 2031 643 2078 Scotiam
660 2031 778 2075 circa
794 2032 913 2076 idem
937 2043 1116 2093 tempus
1140 2035 1208 2094 (1)
1235 2034 1426 2079 Iacobus
1446 2034 1762 2082 HarreiltOnius
1786 2036 1913 2083 Lim·
1967 2076 1969 2079 .

149 2097 294 2143 nuchi
316 2093 939 2156 conventuumjuridicorum
964 2096 1219 2158 praefce'tus‚
1256 2098 1472 2161 idemque
1497 2099 1734 2162 superioris
1758 2101 1915 2147 Iacobi

143 2158 289 2209 tsrater
308 2160 544 2224 patruelis.
613 2161 656 2206 Is
686 2160 782 2221 post
799 2160 1064 2206 dsutumum
1096 2161 1302 2215 exilium,
1328 2179 1430 2208 curn
1454 2164 1664 2210 adversus
1696 2165 1916 2212 Iacobum

142 2226 343 2273 nothum
359 2225 588 2286 judicium
621 2226 727 2270 effet
747 2224 983 2285 professus,
1007 2224 1250 2286 impetrato
1285 2225 1330 2272 in
1353 2228 1543 2289 patriam
1567 2229 1625 2275 ad
1649 2242 1825 2292 tempus
1849 2247 1920 2276 re·
1967 2254 1970 2258 ⁴

149 2289 268 2346 dim,
293 2307 345 2337 ac
358 2291 608 2343 intellec‘lQ
633 2289 678 2335 in
697 2302 871 2351 quanto
893 2288 1149 2335 discrimine
1171 2290 1265 2350 ipse
1288 2307 1376 2337 una
1399 2309 1502 2339 cum
1527 2293 1700 2340 'caeteris
1720 2295 1915 2354 purioris

114 2366 120 2373 ‘
141 2353 582 2401 doetrinaestudiofis
602 2354 864 2407 versarctur,
882 2353 1023 2399 filium
1042 2356 1098 2400 ad
1122 2356 1298 2417 Regem
1323 2355 1368 2401 in
1389 2357 1537 2403 Fifam
1561 2358 1912 2405 transmissurum

150 2417 287 2473 mifit,
304 2418 501 2481 quicum
519 2419 672 2464 nasius
685 2429 927 2478 antequam
942 2418 1196 2464 naviculam
1211 2421 1543 2476 conscenderet,
1553 2423 1730 2485 trepido
1743 2425 1919 2480 nuncio!

114 2489 120 2495 '
140 2480 382 2530 'hominem
399 2480 573 2544 alioqui
586 2494 746 2527 natura
758 2479 1034 2542 suspiriosum
1054 2483 1281 2544 implevit,
1298 2501 1390 2530 rem
1407 2487 1489 2532 esse
1509 2487 1769 2548 capitaiem,
1785 2492 1824 2532 &
1846 2500 1913 2533 tc-

133 2546 342 2610 ²⁴tiregno
354 2544 764 2610 periculosam,nifi
781 2546 883 2600 Rex
901 2545 1108 2592 adversus
1121 2547 1422 2594 insidiatorem
1455 2549 1630 2599 facinus
1652 2565 1912 2612 occuparet.

148 2611 268 2666 Rex,
293 2613 374 2674 qui
398 2624 492 2659 tum
517 2611 561 2656 in
585 2610 731 2657 szam
755 2610 1046 2672 properabat,
1064 2611 1279 2673 juvenem
1304 2613 1473 2660 remisit
1494 2615 1831 2677 Edimburgum
1852 2619 1912 2663 ad

139 2689 427 2735 geonventum
453 2674 611 2737 (que-m
636 2672 892 2720 Scacarium
915 2676 1100 2736 vocant)
1129 2692 1141 2721 z
1183 2677 1251 2722 ibi
1273 2679 1517 2724 convenire
1539 2679 1662 2739 justit
1686 2683 1756 2740 (2)
1782 2681 1912 2726 Iaco-

147 2738 643 2794 bum-Lerrnonthium,
665 2739 736 2800 (3)
758 2739 975 2785 Iacobum
995 2738 1284 2795 Kircadium‚
1301 2756 1356 2786 ac
1379 2745 1448 2804 (4)
1474 2744 1708 2789 Thomam
1733 2743 1912 2791 Aresszi-
1968 2746 1986 2815 'l

140 2816 296 2848 num:
320 2818 517 2866 quorum
541 2802 713 2863 primus
736 2813 832 2848 erat
853 2803 1042 2849 familiae
1059 2804 1316 2866 praesentis,
1342 2807 1456 2852 alter
1474 2808 1682 2869 Qaestor
1702 2807 1911 2870 primari-

137 2882 198 2913 Ιιιε
220 2886 231 2914 :
269 2879 429 2915 neuter
448 2884 475 2913 a
493 2866 719 2930 religione
731 2864 913 2928 puriore
934 2867 1108 2914 alienus
1145 2886 1157 2914 :
1192 2867 1346 2915 tertius
1369 2871 1601 2934 Papisticae
1623 2871 1812 2918 faffloni
1833 2873 1914 2919 de·

144 2929 402 2985 ditissimus,
423 2937 464 2979 Sc
483 2931 682 2994 Regi-ab
703 2930 918 2992 epistolis.
950 2932 1027 2978 Eis
1049 2932 1314 2987 mandabat,
1330 2946 1378 2979 ut
1395 2935 1568 2982 nuncio
1589 2935 1720 2998 aeque
1739 2949 1906 2984 certam

138 2993 366 3041 :haberent
382 2994 541 3050 fidem,
565 3011 618 3041 ac
635 2994 670 3040 ‘fi
691 2995 783 3058 ipse
801 2994 992 3058 praesens
1013 2996 1173 3042 eadem
1195 3011 1410 3054 narraret,
1431 3015 1487 3046 -ac
1505 3001 1725 3047 annulum
1743 3012 1904 3048 -notum
1936 3025 1937 3029 =

112 3067 115 3070 ’
137 3057 204 3104 de
221 3057 370 3122 digito
391 3060 640 3106 detraflum
661 3074 744 3121 pro
763 3060 918 3105 tessera
929 3059 988 3106 ad
1001 3075 1078 3106 eos
1096 3059 1232 3107 misit.
1298 3062 1366 3109 Hi
1382 3063 1570 3111 consilio
1587 3063 1705 3110 inter
1722 3065 1764 3111 se
1781 3079 1903 3110 com-

144 3121 636 3177 municatoJ-acobum
641 3123 734 3184 jam
758 3123 990 3185 pransum,
1011 3137 1064 3169 ac
1084 3121 1127 3170 se
1148 3124 1205 3170 ad
1226 3123 1314 3172 ite-r
1334 3127 1656 3192 expedientem
1672 3129 1799 3176 domi
1819 3127 1905 3174 suae

136 3186 542 3248 comprehendunt
566 3202 579 3233 t
615 3193 655 3233 δι
675 3186 721 3233 in
736 3203 892 3234 arcem
926 3188 1037 3234 dant
1057 3187 1419 3238 custodiendum,
1462 3211 1463 3214 ¹
1486 3193 1575 3254 Ipsi
1597 3209 1701 3239 cum
1722 3207 1805 3255 per
1827 3205 1908 3238 ex-

139 3251 394 3313 ploratores
415 3250 749 3314 comperissent,
764 3251 903 3316 *Rege
922 3262 1111 3299 exorato
1127 3252 1356 3310 dimissum
1377 3254 1452 3312 iri,
1474 3268 1640 3319 praeter
1667 3254 1907 3322 publ-icum

1704 3328 1710 3351 J

201 3379 270 3433 (xj)
288 3381 414 3433 James
428 3378 631 3418 Hamilton
640 3379 1004 3426 ofKinkevill,ss1e-
1110 3380 1179 3434 (3)
1208 3383 1268 3421 Sir
1296 3386 1424 3436 James
1442 3384 1654 3436 Kirkcaldy
1683 3383 1730 3424 of
1734 3424 1736 3426 ,
1756 3383 1906 3432 Gmnge
1930 3378 1934 3381 ’

108 3453 115 3464 =
140 3434 215 3473 riff
223 3436 269 3474 of
277 3434 512 3483 Linlithgow
531 3435 601 3478 and
627 3434 773 3483 captain
788 3433 835 3472 of
857 3434 999 3472 Black·
1056 3434 1279 3476 Thesaurer.
1451 3479 1454 3483 ⁴
1613 3481 1634 3486 Ἴ
1752 3472 1758 3482 ,

143 3488 238 3526 ness.
1107 3489 1174 3541 (4)
1202 3490 1262 3528 Sir
1290 3490 1461 3529 Thomas
1495 3488 1650 3530 Ersszine
1669 3489 1714 3528 of
1742 3482 1902 3526 B're‘chin

199 3540 265 3588 (2)
294 3540 363 3578 See
373 3552 462 3589 cap.
485 3551 546 3592 55.
578 3539 641 3577 He
665 3552 739 3577 was
756 3538 831 3576 first
849 3538 942 3577 laird
960 3541 1006 3579 of
1055 3540 1246 3592 secretam,
1279 3544 1491 3582 afterwards
1523 3545 1616 3582 laird
1647 3543 1692 3582 of
1719 3541 1902 3590 Pittodry.

145 3590 326 3642 Balcomy
338 3594 383 3630 of
392 3594 474 3631 that
482 3596 655 3642 firna'me,
668 3590 1000 3636 master-hounhol‘u
1049 3594 1124 3635 *See
1142 3603 1230 3636 note
1247 3608 1297 3636 on
1310 3596 1462 3640 ‘lib0200
1481 3609 1560 3650 cap.
1579 3606 1642 3636 22.

131 3651 178 3682 to
196 3645 293 3694 king
308 3647 439 3695 James
456 3647 544 3697 5th.
772 3649 775 3652 ’

1769 3703 1890 3774 peri·-
