2010 3851
469 158 796 222 hinnit
871 158 1488 225 VIGKESIMUS.
1722 161 1851 243 589

109 256 326 311 destituti,
347 261 386 303 &
405 254 741 317 oppidanorum
762 255 924 302 animis
947 271 1107 318 parum
1127 253 1296 307 confisi,
1319 270 1420 300 cum
1440 254 1729 302 adCalendas
1747 257 1872 304 Mai-

101 339 149 368 as
172 323 315 368 hostes
334 318 908 381 Edimburgum-venturos
931 320 1109 374 scirent,
1148 318 1458 365 Limnuchum
1481 320 1734 373 discedunt,
1758 339 1864 369 eum

99 387 261 432 locum
280 384 363 432 rati
394 383 688 429 commodum
713 385 771 430 ad
793 383 892 430 suos
917 384 940 430 ὲ
964 383 1228 447 longinquis
1249 382 1380 446 regni
1413 383 1616 443 partibus
1639 387 1866 432 accersen-

103 449 188 496 dos
215 468 224 495 ε
259 448 414 499 &iter
435 445 630 493 aliorum
654 447 711 494 ad
740 461 1019 494 conventum
1055 448 1262 494 euntium
1283 446 1651 508 impediendum,
1692 452 1740 497 ὃς
1764 451 1872 496 reli-

106 530 212 575 qua,
237 529 337 574 quae
360 508 663 572 superioribus
686 511 925 562 diebusin.
942 512 1129 559 consilio
1146 512 1314 573 jaEtata
1335 523 1462 557 erant
1484 511 1774 573 perficienda.
1823 516 1871 561 Ι-

106 577 154 624 bi
182 573 576 624 Hamiltoniorum
602 575 778 629 amicis,
802 580 849 624 <Sc
873 576 1119 622 clientibus
1138 575 1339 623 collectis
1364 588 1510 621 totum
1531 575 1635 629 iter,
1660 578 1785 638 quod
1809 581 1869 626 E-

105 641 403 703 dimburgum
424 639 615 692 ferebat,
638 639 849 686 infestum
883 641 1148 687 reddebant,
1219 642 1339 687 Cum
1363 641 1582 686 Ioannem
1603 640 1874 689 Areskinum

104 704 293 755 Marriae
317 703 550 753 Comitem
581 703 665 753 illa
683 704 926 751 ducturum
951 704 1128 759 scirent,
1164 703 1205 750 se
1229 703 1278 754 in
1301 703 1495 750 collibus
1520 703 1794 768 propinquis
1817 709 1874 753 ad„

106 769 342 815 transitum
365 768 714 830 impediendum
738 768 1021 826 objecerunt.
1091 769 1177 815 llle
1200 786 1304 816 cum
1329 769 1418 815 loci
1440 769 1735 832 iniquitatem
1764 786 1875 834 cog-

105 834 324 887 nosceret,
345 835 484 896 paulo
508 833 637 895 supra
658 833 717 878 ad
753 833 846 878 duo
869 833 1016 880 millia
1054 835 1257 895 passuum
1281 835 1453 882 flumen
1472 834 1716 896 superavit,
1739 846 1877 897 atquc

103 897 449 958 Edirnburgum
470 896 549 942 sub
573 896 807 960 vesperum
829 897 1017 944 intravit
1039 899 1098 944 ad
1119 899 1304 946 tertium
1329 900 1555 946 Calendas
1580 899 1713 946 Maii.

170 963 279 1008 XV.
313 963 412 1009 Post
434 978 540 1007 eum
564 961 684 1008 diem
710 978 814 1008 cum
839 963 980 1027 Regis
1001 963 1141 1008 factio
1183 963 1477 1026 Edimburgi,
1520 964 1713 1027 Reginae
1751 962 1882 1010 Lim.

110 1028 250 1074 michi
273 1028 312 1072 se
336 1027 640 1079 continerent,
665 1040 803 1088 atque
826 1027 955 1073 alteri
986 1027 1138 1074 alteris
1161 1027 1435 1074 seditionum
1471 1029 1638 1083 causam,
1675 1032 1724 1077 &
1747 1027 1880 1075 initia

106 1091 404 1152 imputarent,
429 1091 509 1153 qui
531 1091 809 1155 Edimburgi
833 1104 1156 1146 convenerant,
1181 1093 1239 1138 ad
1262 1093 1370 1138 alias
1392 1093 1570 1155 quasvis
1593 1093 1880 1143 conditiones

114 1156 155 1202 se
179 1156 336 1202 faciles
358 1156 454 1202 fore
477 1155 786 1211 affirmabant,
816 1172 867 1207 ac
892 1158 922 1203 fi
942 1156 1042 1219 quis
1063 1158 1119 1202 de
1143 1157 1183 1202 se
1202 1171 1481 1219 quereretur,
1510 1159 1737 1204 bonorum
1761 1157 1884 1204 viro-

112 1237 216 1271 rum
255 1219 443 1267 arbitrio
474 1218 576 1266 satis
600 1220 796 1267 fadhrros
826 1221 1129 1283 spondebant,
1160 1222 1301 1267 modo
1324 1221 1547 1268 incolumi
1581 1223 1716 1283 hujus
1740 1223 1883 1286 Regis

107 1286 374 1331 austeritate
393 1284 635 1346 superioris
655 1284 820 1348 Regis,
837 1301 890 1331 ac
907 1286 1117 1348 Proregis
1140 1286 1314 1331 caedem
1336 1302 1424 1332 una
1444 1286 1595 1332 secum
1616 1285 1768 1334 ulcisci
1787 1288 1885 1334 vel-

108 1350 220 1396 lent.
291 1351 411 1401 Cum
437 1350 494 1397 ad
517 1351 619 1399 haec
650 1349 766 1398 nihil
791 1349 912 1411 aeqvui
945 1349 1307 1412 responderetur,
1348 1350 1430 1412 qui
1452 1350 1700 1398 Limnuchi
1735 1366 1895 1418 erant,x

110 1415 373 1468 edixerunt,
398 1414 465 1460 uti
487 1416 610 1460 cives
632 1414 822 1461 universi
847 1414 1038 1477 Reginae
1061 1414 1225 1478 legatis
1247 1429 1472 1478 parerent.
1542 1417 1881 1473 Comitessres,

111 1478 314 1532 Araniae‚
354 1479 654 1542 Argatheliae,
690 1486 730 1525 &
755 1481 988 1526 Huntlaeae
1008 1480 1199 1526 comitia
1221 1480 1267 1526 in
1294 1479 1477 1528 tertium
1502 1481 1664 1528 Nonas
1689 1483 1885 1547 Augusti

110 1542 360 1591 Limnuchi
386 1544 596 1594 habenda
629 1544 912 1590 indixerunt.
982 1543 1145 1590 Altera.
1178 1544 1315 1590 factio
1336 1546 1540 1609 legatum
1573 1546 1630 1592 ad
1654 1549 1887 1611 Reginam

113 1608 299 1671 Angliae
318 1609 575 1655 Robertum
594 1606 881 1654 Petcarnium
905 1608 1099 1663 miserat,
1119 1609 1200 1670 qui
1219 1626 1372 1671 ageret
1395 1625 1499 1656 cum
1521 1627 1575 1656 ea
1596 1610 1655 1657 de
1675 1628 1885 1659 commu-

111 1672 161 1718 ni
182 1673 306 1719 hoste
329 1673 621 1734 reprimendo
648 1691 666 1726 ε,
695 1674 882 1735 quoque
906 1673 1084 1720 facilius
1111 1676 1352 1720 Scotorum
1374 1673 1423 1720 in
1447 1674 1488 1721 se
1511 1675 1689 1726 animos
1711 1677 1885 1726 intelli-

68 1764 74 1765 ν
110 1749 256 1800 geret,
281 1754 339 1783 ex
361 1738 454 1797 ejus
477 1736 667 1784 arbitrio
691 1739 936 1801 Proregem
959 1739 1199 1785 ele&uros.

174 1803 308 1850 XVI.
344 1804 523 1854 Interea
545 1802 657 1848 dum
683 1816 875 1867 utraque
898 1820 997 1864 pars
1022 1803 1180 1849 diversi
1206 1802 1378 1849 diversa
1400 1803 1593 1867 agitant,
1619 1804 1765 1868 Angli
1789 1806 1886 1853 Te-

110 1866 304 1913 viotiam
326 1866 504 1931 ingreffi
525 1866 679 1924 villas,
698 1871 748 1916 ὅς
772 1869 896 1913 vicos
921 1869 1164 1922 Carorurn,
1189 1872 1236 1916 8:
1262 1869 1500 1914 Scotorum
1528 1870 1628 1932 (qui
1650 1871 1698 1915 in
1722 1870 1888 1934 Angli-

114 1948 185 1976 am
214 1930 382 1982 violata
404 1948 514 1993 pace
538 1932 740 1980 fecerant
757 1933 1060 1987 excursiones,
1083 1939 1121 1979 δε
1146 1933 1324 1996 Anglos
1344 1935 1566 1996 profugos
1589 1935 1646 1980 ad
1668 1934 1710 1980 se
1730 1950 1891 1998 recep..

116 2008 339 2056 taverant)
374 1997 564 2043 diruunt
588 2014 599 2042 ε
634 2013 766 2060 agros
791 1997 1168 2059 populationibus
1191 1999 1379 2051 vastant,
1417 2001 1463 2046 ὃς
1488 1999 1713 2046 incendiis
1737 2000 1891 2046 defor-

114 2073 258 2107 mant.
293 2116 297 2121 Ι
328 2062 535 2111 Humam
560 2078 731 2116 arcem,
751 2061 800 2107 in
823 2078 968 2123 quam
987 2062 1200 2108 dominus
1225 2062 1393 2108 multos
1418 2078 1699 2110 commeatus
1722 2063 1894 2111 intule-

115 2139 200 2179 rat,
226 2141 279 2171 ac
316 2137 411 2171 tota
432 2125 605 2171 vicinia
627 2127 944 2188 preciosisiima
974 2143 1171 2190 quaeque
1194 2143 1343 2173 rerum
1368 2126 1562 2182 suarum,
1599 2142 1646 2175 ut
1669 2129 1716 2175 in
1741 2131 1895 2176 muni-

116 2202 325 2236 mentum
359 2189 658 2236 firmissimum
694 2190 968 2253 seposuerat,
1001 2193 1226 2238 Suffexius
1257 2190 1562 2239 circumsedit.
1629 2194 1695 2239 Ea
1729 2195 1834 2241 curn
1867 2195 1894 2241 ὲ

117 2255 328 2317 praesidio
360 2254 515 2301 valido
545 2255 723 2305 fortiter
756 2255 1094 2311 defenderetur,
1128 2256 1366 2319 Anglique
1399 2256 1612 2318 postridie
1647 2275 1694 2304 re
1726 2258 1895 2307 inscita

118 2318 342 2365 discessuri
364 2321 518 2374 essent,
554 2319 716 2376 literae‚
753 2336 864 2382 quas
886 2320 1150 2370 Alexander
1183 2320 1296 2367 arcis
1331 2321 1545 2368 dominus
1579 2323 1636 2368 ad
1670 2323 1767 2369 suos
1802 2342 1896 2371 non

119 2384 268 2430 multo
290 2397 394 2430 ante
416 2383 662 2447 scripserat,
685 2400 844 2445 ornnes
866 2401 1025 2432 eorum
1048 2386 1244 2436 rationes
1265 2385 1415 2432 irritas
1438 2387 1750 2436 reddiderunt.
1796 2389 1896 2450 Jus-

117 2448 236 2503 serat
255 2449 379 2495 enim
403 2465 483 2510 per
504 2449 657 2496 literas
679 2449 977 2512 praesidsiarios
997 2450 1228 2498 Gulielmi
1250 2451 1410 2499 Drurii
1430 2452 1598 2514 equitis
1624 2455 1768 2516 Angli
1787 2470 1896 2501 con-

122 2513 223 2559 silio
259 2513 343 2568 uti,
369 2519 408 2560 &
446 2513 670 2576 quicquid
692 2514 729 2560 is
765 2515 1020 2578 imperasset
1041 2514 1131 2564 fine
1165 2515 1436 2579 exceptione
1458 2517 1633 2578 parere.
1701 2519 1755 2564 ld
1790 2534 1898 2566 cum

121 2577 319 2626 Drurius
345 2578 547 2626 Suffexio
568 2580 820 2642 indicasset,
843 2580 923 2626 ille
945 2596 1095 2628 arcem
1119 2580 1324 2630 deditam
1347 2579 1561 2643 diripuit,
1579 2589 1617 2628 δε
1639 2583 1899 2632 custodibus

120 2641 291 2706 Anglis
313 2642 536 2707 impositis
567 2660 675 2690 cum
699 2660 867 2709 magna
899 2645 1055 2708 praeda
1086 2644 1328 2694 Bervicum
1362 2646 1515 2694 rediit.
1581 2648 1654 2694 Ita
1675 2648 1898 2712 Humius,

122 2706 207 2770 qui
229 2706 346 2757 nihil
379 2709 437 2755 ab
461 2709 628 2772 Anglis
652 2710 904 2765 metuebat,
939 2709 1036 2756 imo
1056 2727 1172 2773 quos
1207 2709 1492 2758 amiciffimos
1514 2710 1814 2766 existimabat,
1853 2729 1902 2761 ut
1961 2712 1963 2715 ⁴

122 2771 205 2833 qui
227 2771 518 2821 sciret-Druri
529 2789 623 2829 um,
646 2779 694 2823 ὃς
720 2775 975 2835 Suffexium
996 2776 1177 2822 occulte
1199 2775 1398 2822 Hauarti
1421 2776 1554 2823 rebus
1578 2778 1770 2832 studere,
1794 2796 1902 2842 gra.

121 2831 344 2887 viflimam
377 2838 503 2885 illam
528 2838 605 2886 sua
625 2839 896 2887 credulitate
928 2838 1143 2901 injuriam
1165 2839 1415 2887 accersivit.
1481 2841 1697 2891 Tandem
1720 2844 1778 2889 ab
1800 2860 1903 2889 om-

124 2901 260 2948 nibus
283 2902 461 2958 amicis,
495 2909 536 2950 δε
563 2905 634 2966 (ι)
661 2904 952 2968 propinquis,
983 2903 1065 2966 qui
1087 2921 1232 2968 prope
1247 2921 1413 2955 rornnes
1437 2905 1597 2969 Regiis
1618 2905 1903 2970 inpartibus

122 2976 271 3022 erant,
292 2967 474 3014 relictus
497 2984 604 3015 cum
626 2985 739 3033 une,
760 2975 809 3020 ὅς
832 2970 975 3019 altero
997 2968 1168 3017 comite
1187 2969 1528 3034 Edimburgum
1548 2971 1692 3027 venit,
1716 2989 1768 3019 ac
1790 2974 1831 3019 se
1854 2974 1901 3022 in

119 3046 271 3077 arcem
292 3032 488 3080 abdidit.

190 3096 335 3144 XVII
339 3132 353 3145 .
386 3092 491 3144 Nec
515 3097 666 3148 minus
698 3098 757 3147 ab
781 3098 874 3146 alio
907 3099 1065 3148 limite*
1082 3099 1282 3163 Scrupus
1304 3101 1486 3165 Anglus
1509 3101 1803 3150 Annandiam
1827 3102 1903 3150 in-

121 3160 292 3225 gressus
315 3178 449 3223 agros
465 3161 669 3209 Ionstoni
689 3164 791 3232 (qui
813 3163 952 3212 etiam
973 3164 1023 3212 in
1045 3163 1268 3229 Angliam
1290 3166 1460 3214 fecerat
1479 3164 1775 3226 incursiones)
1802 3185 1903 3214 om-

126 3223 313 3274 ni-belli
344 3225 512 3287 injuria
553 3225 713 3277 foedat.
780 3229 882 3292 Ipse
903 3231 1140 3278 Ionstonus
1163 3230 1383 3286 =locorum
1406 3229 1580 3278 noticia
1609 3231 1750 3278 fretus
1772 3233 1904 3294 equi·

125 3297 227 3333 tum
262 3289 547 3351 sequentium
573 3290 811 3354 impetum
842 3294 998 3358 paucis
1037 3295 1164 3359 fugae
1198 3294 1446 3342 comitibus
1480 3295 1626 3343 elusit.
1708 3298 1900 3342 Ioannes

126 3351 412 3404 Maxuallius
442 3369 562 3400 cum·
578 3355 667 3403 tria
688 3359 834 3405 millia
854 3359 1097 3406 hominum
1120 3359 1146 3407 ὲ
1175 3359 1451 3424 propinquis
1473 3360 1593 3424 agris
1617 3360 1803 3406 haberet
1825 3376 1903 3407 co-

127 3417 244 3471 asta,
285 3416 328 3465 ei
350 3417 568 3481 opitulari
601 3437 696 3470 non
717 3422 847 3469 ausus
872 3424 958 3471 suis
981 3424 1022 3471 se
1045 3423 1158 3470 locis
1199 3424 1364 3473 tenuit.
1432 3423 1593 3470 Paucis
1620 3426 1716 3485 post
1739 3424 1900 3471 diebus

129 3480 294 3545 Angli,
325 3481 406 3550 qui
426 3483 606 3531 Bervici
625 3501 773 3544 eraut,
795 3489 994 3553 acceptis
1017 3488 1252 3541 obsidibus
1275 3490 1396 3538 bona
1417 3489 1505 3537 fide
1527 3488 1677 3536 secum
1700 3488 1776 3552 agi
1799 3507 1904 3553 per-

180 3610 247 3662 (1),
272 3611 358 3651 The
379 3612 502 3653 whole
533 3628 644 3656 name
673 3614 719 3655 of
727 3618 857 3658 Hume
873 3618 972 3671 stood
986 3620 1042 3658 for
1060 3619 1125 3660 the
1139 3619 1246 3670 king.
1777 3671 1803 3717 s
1855 3672 1880 3719 s

1797 3688 1849 3719 ua
1870 3690 1912 3729 ι,
