2010 3851
416 117 830 191 APUD
943 116 1512 185 *sco-705.
1808 139 1894 204 39

127 223 349 278 experiar.
419 222 490 268 Ac
504 233 720 283 tanquam
753 235 857 266 cum
877 218 967 266 illis
990 218 1093 282 ipsis
1116 218 1197 282 qui
1220 218 1302 265 tibi
1327 221 1563 283 negotium
1586 217 1793 268 facessere
1815 235 1898 266 vo·

128 282 242 342 lent,
276 302 475 351 agerem,
517 283 716 346 primum
739 283 856 330 illud
897 299 1031 347 rogo,
1066 284 1181 347 quid
1202 283 1262 330 est
1285 288 1411 347 quod
1455 285 1531 331 hic
1553 285 1901 346 reprehensione¹

128 353 322 416 dignum
347 348 630 396 arbitramini
654 352 672 394 ?
705 348 941 394 causamne
964 364 1045 394 cur
1081 348 1268 411 quaefita
1303 347 1364 393 est
1407 350 1428 393 R
1462 364 1517 393 an
1540 349 1853 412 legemipsam
1877 351 1898 395 ?

131 417 321 481 quaeslta
340 415 400 460 est
424 415 545 460 enim
568 413 627 459 ad
648 412 952 460 coercendum
973 411 1157 473 injustas
1180 413 1361 475 Regum
1383 411 1617 461 libidines,
1685 414 1793 460 Hoc
1814 414 1902 475 qui

130 482 335 533 damnat,
358 479 519 524 eadem
543 494 680 539 opera
702 491 858 522 omnes
882 475 1091 522 omnium
1113 478 1319 541 gentium
1343 475 1468 539 leges
1493 475 1681 523 damnet
1701 488 1902 539 oportet,

129 545 321 592 eandem
345 543 468 589 enim
491 542 553 588 ob
578 541 754 587 causam
774 557 933 587 omnes
952 541 1164 602 expetitae
1188 542 1303 588 sunt.
1372 543 1448 588 An
1486 541 1637 604 legem
1660 541 1800 603 ipsam
1835 558 1906 587 re-

126 607 431 674 prehenditis,
472 605 711 669 Regesque
734 605 843 652 solvi
866 604 1048 668 legibus
1072 622 1254 669 :equum
1277 604 1541 654 existimatis
1589 608 1606 652 ?
1651 604 1701 650 id
1724 620 1911 667 quoque

129 690 186 720 an
213 672 427 736 expediat
462 670 716 716 videamus.
785 671 857 715 Ac
879 670 1054 732 populo
1075 671 1262 732 quidem
1289 684 1337 717 ut
1355 687 1447 717 non
1469 669 1687 731 expedire
1701 671 1913 731 probem,

128 754 222 784 non
247 738 401 783 multis
425 752 540 799 opus
564 735 624 781 est
646 733 812 780 verbis.
879 734 1004 780 Nam
1046 735 1075 781 fi
1100 738 1219 782 reste
1241 735 1469 799 superiore
1505 734 1711 781 sermone
1733 736 1914 781 medico

128 804 305 866 Regem
330 799 695 863 comparavimus
734 818 747 854 ;
783 808 832 844 ut
865 814 954 844 non
981 801 1169 862 expedit
1191 801 1383 863 populo,
1419 798 1743 862 impunitatem
1766 816 1908 860 quem

127 868 242 913 velit
259 865 501 912 occidendi
540 863 720 910 medico
760 862 979 923 permitti,
1024 864 1090 909 ita
1111 879 1195 910 nec
1217 864 1402 926 publice
1423 866 1483 911 est
1506 864 1632 919 utile,
1678 864 1724 910 in
1749 880 1909 909 omnes

128 931 433 995 promiscuam
457 927 684 991 graffandiv
701 929 935 976 licentiam
959 928 1166 991 Regibus
1189 929 1366 975 donari.
1435 929 1614 991 Populo
1632 927 1789 991 igitur,
1828 943 1910 974 cu-

127 998 202 1056 jus
221 997 282 1041 est
303 997 346 1040 in
367 995 544 1055 legibu:
570 992 774 1040 ferundis
795 993 968 1039 summa
989 994 1198 1056 potestas,
1220 1011 1311 1039 non
1331 995 1390 1040 est
1409 994 1534 1057 quod
1555 993 1910 1047 succenseamuS,

131 1061 162 1107 fi
188 1059 579 1122 quemadmodum
604 1060 781 1122 Regem
822 1058 993 1103 bonum
1037 1058 1134 1112 sibi,
1175 1058 1239 1104 ita
1282 1058 1402 1121 Regi
1446 1073 1536 1104 non
1559 1058 1737 1121 optimo
1758 1058 1912 1122 legem

130 1125 338 1187 praeeesse
360 1122 488 1170 velit.
559 1124 699 1182 Quod
722 1124 751 1168 fi
776 1121 895 1184 Regi
920 1122 1019 1168 haec
1043 1124 1116 1169 lex
1135 1138 1224 1170 non
1250 1122 1302 1169 s1t
1325 1122 1464 1177 utilis,
1499 1122 1734 1170 videamus
1754 1140 1812 1169 an
1834 1122 1913 1186 agi

132 1205 238 1235 cum
262 1189 437 1253 populo
461 1188 642 1242 debeat,
663 1202 709 1234 ut
731 1186 904 1247 aliquid
924 1187 980 1232 de
1004 1186 1080 1234 suo
1097 1187 1296 1234 remittat
1312 1187 1433 1248 jure,
1454 1189 1504 1236 δε
1536 1188 1592 1234 de
1616 1204 1668 1233 ea
1684 1187 1914 1250 abrogan-

131 1254 190 1300 da
217 1270 308 1301 non
331 1254 378 1300 in
405 1252 742 1307 trinundinum,
769 1251 843 1297 sed
865 1266 993 1298 more
1016 1253 1164 1300 nostro
1187 1252 1234 1298 in
1258 1252 1657 1315 quadragesimum
1691 1250 1814 1298 diem
1837 1251 1916 1298 in·

133 1317 342 1365 dicamus
366 1318 568 1364 comitia.
638 1315 848 1370 Interim,
876 1329 925 1362 ut
947 1317 1002 1362 de
1026 1318 1184 1364 eadem
1209 1317 1285 1362 hic
1306 1316 1425 1363 inter
1448 1333 1529 1362 nos
1552 1316 1914 1370 differamus,dic

130 1382 264 1437 mihi,
299 1380 621 1446 Qiiinsanum
642 1378 838 1428 vinculis
858 1379 1041 1437 liberat,
1065 1381 1424 1428 commodumne
1445 1380 1707 1427 insanientis
1730 1383 1813 1428 tibi
1838 1397 1910 1428 re·

131 1447 302 1509 spicere
324 1447 509 1493 videtur
551 1450 568 1492 ?
607 1452 672 1495 Af.
701 1444 916 1491 Minime.
993 1450 1042 1492 B.
1080 1447 1227 1507 Qid,
1262 1445 1345 1507 qui
1384 1445 1511 1491 febre
1533 1445 1758 1492 laboranti
1776 1446 1840 1491 ita
1863 1456 1914 1494 ut

133 1528 226 1558 non
255 1513 449 1558 multum
483 1511 687 1557 abiitab
710 1508 896 1564 insania,
939 1508 1158 1572 frigidam
1198 1509 1363 1556 affidue
1398 1511 1573 1572 petenti
1596 1510 1710 1557 det:
1743 1527 1915 1558 eumne

138 1575 256 1624 bene
276 1575 437 1622 mereri
462 1577 520 1622 de
545 1588 794 1637 aegrotante
819 1577 982 1635 putas?
1009 1576 1076 1621 M.
1105 1577 1168 1621 At
1181 1591 1269 1638 ego
1293 1576 1350 1620 de
1369 1574 1484 1621 sanis
1501 1575 1706 1638 Regibus
1728 1575 1911 1637 loquor.

133 1641 194 1689 Et
213 1642 332 1687 recte
355 1639 609 1686 valentibus
642 1638 889 1693 medicina,
924 1644 963 1684 δε
998 1639 1112 1686 sanis
1138 1639 1345 1702 Regibus
1369 1655 1485 1702 opus
1524 1641 1607 1686 effe
1630 1638 1811 1702 legibus
1835 1656 1914 1686 ne·

133 1721 213 1768 go·
282 1706 362 1752 Tu
394 1721 502 1750 vero
540 1705 694 1768 Reges
732 1718 892 1750 omnes
931 1703 1076 1750 malos
1099 1704 1247 1751 uideri
1267 1703 1354 1761 vis,
1397 1703 1614 1751 omnibus
1643 1706 1767 1751 enim
1790 1705 1916 1769 leges

130 1769 351 1832 imponis.
1463 1794 1471 1806 ι

198 1834 397 1882 LXXV.
435 1838 492 1882 B.
525 1831 728 1880 Minime
750 1830 939 1894 quidem
966 1848 1124 1882 omnes
1151 1852 1163 1882 :
1203 1833 1278 1881 sed
1300 1850 1384 1882 nec
1408 1833 1664 1881 universum
1691 1834 1918 1898 populum

132 1899 342 1947 existimo
366 1899 557 1953 malum,
603 1904 642 1945 &
668 1911 820 1944 tamen
843 1898 916 1943 lex
942 1899 1198 1946 universum
1224 1916 1313 1946 una
1333 1916 1446 1946 voce
1468 1900 1736 1960 alloquitur.
1802 1901 1918 1948 Eam

134 1976 289 2010 autem
311 1979 473 2010 vocem
500 1962 610 2010 mali
633 1962 883 2009 formidant
908 1981 926 2017 ‚-
958 1963 1066 2009 boni
1098 1965 1156 2012 ad
1183 1963 1226 2011 se
1249 1965 1366 2011 nihil
1390 1964 1582 2011 attinere
1604 1977 1787 2025 putant.
1848 1965 1920 2011 Ita

135 2044 221 2075 nec
243 2029 395 2092 Reges
420 2027 532 2075 boni
554 2028 677 2090 quod
705 2027 1006 2090 indignentur
1028 2029 1135 2076 huic
1158 2031 1253 2094 legi
1276 2029 1448 2076 habent
1491 2048 1504 2084 3
1539 2034 1579 2074 δε
1604 2029 1714 2074 mali
1740 2030 1768 2075 fi
1793 2027 1918 2092 sape-

137 2106 256 2148 rent,
282 2093 527 2158 legissatori
550 2091 744 2156 gratiam
767 2093 1006 2148 haberent,
1030 2094 1128 2155 qui,
1155 2095 1284 2157 qnod
1305 2092 1411 2158 ipsis
1433 2092 1597 2139 inutile
1620 2092 1826 2140 futurum
1847 2094 1921 2140 in-

137 2158 396 2222 telligebat,
420 2158 469 2205 id
491 2175 547 2204 ne
560 2157 624 2204 eis
652 2157 829 2212 liceret,
853 2157 1021 2204 statuit.
1077 2159 1218 2224 Qod
1238 2159 1444 2222 profefto
1465 2157 1652 2212 facient,
1677 2159 1707 2205 fi
1727 2158 1783 2204 ad
1806 2157 1922 2205 sani-

134 2236 275 2270 tatem
302 2222 552 2287 aliquando
573 2221 818 2269 redibunt:
853 2239 944 2269 non
969 2220 1092 2270 secus
1117 2240 1169 2270 ac
1194 2223 1356 2272 morbo
1381 2224 1519 2270 levati
1547 2224 1728 2270 medico
1751 2223 1920 2286 gratias

141 2301 301 2350 agunt,
325 2304 464 2349 quern
487 2286 616 2350 quod
635 2287 954 2350 aegrotantium
979 2288 1310 2353 cupiditatibus
1329 2305 1422 2336 non
1444 2287 1786 2352 obsequeretur,
1812 2288 1921 2334 ode-

140 2365 257 2401 rant.
331 2354 408 2400 Sin
433 2353 480 2400 in
506 2352 581 2398 sua
601 2352 888 2413 perseverent
910 2352 1061 2417 Reges
1083 2353 1272 2407 insania,
1297 2354 1377 2416 qui
1401 2354 1600 2408 maxime
1624 2353 1687 2399 eis
1711 2353 1923 2415 obsequi-

137 2417 228 2472 tur,
256 2417 295 2462 is
320 2418 517 2464 maxime
533 2416 812 2478 judicandus
834 2417 893 2463 est
911 2417 1144 2466 inimicus·
1210 2419 1264 2466 In
1296 2418 1385 2465 hoc
1404 2434 1570 2481 genere
1593 2418 1693 2464 sunt
1714 2418 1925 2463 adulato-

135 2498 247 2538 res;
278 2482 491 2545 quidum
511 2497 671 2528 eorum
714 2480 828 2527 vitia
870 2481 1152 2530 blandiendo
1194 2482 1371 2538 fovent,
1412 2485 1623 2530 morbum
1657 2495 1843 2545 augent,
1870 2497 1924 2528 ac

135 2547 324 2594 tandem
357 2564 446 2594 una
481 2546 575 2603 fere
597 2562 703 2592 cum
744 2544 1244 2610 Regibuspraecipites
1267 2551 1422 2594 ruunt.
1493 2557 1559 2596 M.
1592 2548 1779 2612 Negare
1802 2560 1926 2594 certe

138 2627 232 2658 non
251 2613 439 2674 possum,
461 2610 577 2675 quin
596 2611 706 2657 tales
720 2606 956 2672 Principes
970 2612 1129 2677 legum
1146 2611 1339 2663 vinculis
1358 2610 1530 2664 fuerint
1549 2619 1586 2660 δε
1603 2614 1688 2659 lint
1705 2611 1924 2658 constrin-

141 2676 300 2722 nendi.
367 2677 568 2724 Nullum
591 2676 712 2722 enim
753 2677 1001 2723 monstrum
1036 2678 1098 2725 est
1126 2676 1377 2724 violentius
1400 2683 1440 2724 δι
1476 2678 1623 2740 magis
1663 2675 1923 2740 pestiferum

137 2719 347 2798 fiomine,
373 2740 453 2788 ubi
478 2744 550 2802 (ut
571 2738 618 2788 in
640 2741 883 2804 poetarum
915 2741 1083 2790 fabulis
1115 2742 1194 2803 est)
1219 2740 1358 2790 semel
1378 2741 1423 2789 in
1450 2741 1652 2789 belluam
1674 2742 1925 2805 degenera-

138 2819 273 2853 verit.

201 2869 433 2918 LXXVI.
469 2874 526 2918 B.
552 2870 663 2918 Hoc
703 2882 752 2917 tu
776 2870 925 2919 multo
960 2871 1107 2935 magis
1131 2871 1273 2926 dicaS,
1300 2871 1328 2919 fi
1367 2869 1746 2918 animadverteris
1784 2869 1927 2932 quam

142 2935 390 2997 multiplex
423 2933 593 2981 animal
633 2935 686 2982 fit
723 2936 883 2991 homo,
927 2940 978 2986 &
1000 2936 1141 3000 quam
1166 2935 1192 2984 ὲ
1212 2936 1349 2983 variis
1373 2936 1581 2983 monstris
1603 2935 1923 2997 compositum.

142 3001 296 3061 Qam
320 3016 415 3045 rem
441 3010 615 3046 veteres
636 3001 787 3061 poe'tae
811 3005 851 3047 δε
874 3001 1008 3048 acute
1031 3001 1346 3064 perviderunt,
1373 3005 1425 3050 δί
1446 3001 1682 3064 eleganter
1704 3002 1926 3062 expresse-

138 3076 264 3118 runt,
288 3064 391 3110 cum
418 3064 692 3111 Promethea
715 3066 900 3111 tradunt
922 3065 968 3112 in
989 3066 1177 3113 homine
1200 3065 1417 3129 fingendo
1441 3066 1466 3112 e
1492 3066 1678 3130 singulis
1716 3066 1927 3112 animan-

140 3127 264 3176 tibus
287 3127 488 3190 aliquam
515 3129 784 3190 particulam
808 3129 856 3175 in
878 3146 985 3177 eum
1015 3131 1267 3177 contulisse.
1339 3130 1566 3177 Omnium
1603 3129 1830 3194 sigillatim
1856 3146 1927 3176 re-

143 3190 269 3239 ferre*
285 3203 466 3238 naturas
488 3191 720 3240 infinitum
744 3194 849 3240 effer
874 3212 885 3241 :
919 3195 1040 3243 certe
1058 3197 1150 3241 duo
1190 3195 1386 3241 monstra
1428 3194 1718 3242 teterrirnain
1738 3193 1926 3241 homine

140 3255 379 3320 perspicue
398 3269 638 3318 apparent,
661 3257 732 3304 ira
752 3263 792 3304 &
819 3258 982 3306 libido.
1051 3262 1117 3307 At
1142 3261 1265 3323 leges
1293 3259 1410 3321 quid?
1429 3260 1554 3305 aliud
1579 3271 1723 3322 agunt
1744 3271 1822 3303 aut
1845 3275 1930 3304 ex-

139 3331 324 3382 petunt,
345 3320 485 3382 quam
509 3333 561 3367 ut
579 3321 680 3368 haec
702 3323 898 3369 monstra
913 3337 1099 3384 pareant
1122 3324 1322 3370 rationi?
1352 3325 1492 3385 utque
1513 3324 1676 3369 rationi
1700 3323 1808 3368 dnm
1832 3339 1925 3370 non

143 3386 484 3446 obtemperant,
509 3401 562 3431 ea
584 3386 765 3433 suarum
781 3385 1026 3447 jussionum
1043 3389 1236 3434 vinculis
1260 3391 1499 3434 coerceant
1522 3407 1530 3433 :
1569 3389 1662 3450 Qi
1684 3387 1813 3432 solvit
1836 3387 1926 3450 igi-

146 3461 221 3494 tur
249 3447 444 3495 vinculis
459 3450 547 3496 sive
571 3450 748 3513 Regem
789 3449 864 3496 seu
890 3450 1100 3513 quemvis
1123 3452 1284 3506 alium,
1310 3469 1402 3498 non
1424 3469 1561 3497 unum
1587 3454 1666 3498 iile
1690 3451 1927 3496 hominem

141 3511 292 3565 solvit,
309 3512 380 3559 sed
405 3513 498 3559 duo
521 3515 715 3560 monstra
735 3514 876 3577 longe
899 3516 1200 3564 crudeliffima
1212 3516 1420 3563 adversus
1443 3517 1667 3562 rationem
1694 3516 1921 3568 immittit,

141 3581 184 3625 δι
206 3577 261 3624 ad
285 3578 444 3642 legum
466 3579 654 3627 claustra
671 3577 1000 3644 perfringenda
1013 3593 1160 3629 armat
1182 3599 1196 3630 ε
1232 3594 1280 3629 ut
1303 3581 1423 3628 redte
1445 3596 1497 3627 ac
1520 3581 1625 3628 vere
1651 3580 1764 3628 mihi
1787 3580 1925 3626 dixis·
1969 3579 1971 3583 ’

1883 3644 1926 3690 se
