2065 3796
208 155 341 222 206
513 157 873 227 RREUM
962 158 1657 235 Scor-teanum

205 256 424 322 Anglicae
447 254 644 306 nationis
666 272 810 315 erant,
825 275 884 305 ex
900 257 1114 306 omnibus
1137 261 1342 316 urbibus,
1357 263 1406 312 ’δτ
1423 262 1603 312 arcibus
1621 265 1829 330 exigunt.
1864 271 1974 320 Sco..

205 337 277 372 tos
301 320 514 387 Anglicae
535 321 745 371 factionis
770 339 1043 387 quacunque
1060 324 1108 371 vi
1127 327 1323 389 possunt,
1343 327 1567 393 affligunt.
1634 330 1731 378 Hic
1747 333 1880 381 status
1903 351 1973 383 re*

202 405 305 436 rum
344 401 451 434 cum
485 392 629 451 prope
659 387 896 435 biennium
930 387 1123 435 durasset
1148 391 1385 438 Eduardus
1407 394 1660 442 Radulfum
1696 396 1976 448 Confraium

200 459 307 501 curn
327 451 506 516 magnis
528 451 672 516 copiis
694 453 750 498 ad
772 452 1012 514 praedones
1037 453 1121 515 (ita
1141 454 1266 501 enim
1286 471 1363 502 eos
1383 457 1596 518 vocabat)
1621 460 1895 518 domandOS,
1932 468 1975 512 &

201 516 421 580 reliquias
444 517 554 563 belli
585 515 888 563 conficiendas
913 514 1048 563 milit.
1116 519 1185 566 Hi
1218 518 1401 567 nemine
1433 521 1574 568 obvio
1605 523 1697 571 late
1719 527 1894 588 praedas
1927 543 1978 575 a·

199 595 360 647 gentes
394 582 452 628 ad
475 580 710 628 Rossinum
736 579 873 644 usque
900 581 1046 643 (locus
1069 581 1108 629 is
1131 583 1371 632 Lothianae
1393 586 1453 632 est
1471 586 1677 650 quinque
1699 588 1793 637 fere
1825 591 1977 640 millia

198 648 405 709 passuum
423 647 481 692 ab
496 644 785 710 Edimburgo
806 644 992 704 distans)
1009 646 1246 705 trifariam,
1264 643 1320 696 ut*
1335 649 1468 697 latius
1487 652 1832 714 popularentur,
1852 656 1976 703 divi·
2024 689 2026 691 -

198 712 232 758 fi
254 713 393 759 castra
414 709 674 774 posuerunt.
730 711 936 757 ‘Ioannes
961 710 1205 759 Cuminius
1228 714 1443 773 adjumSlo
1467 716 1545 762 fibi
1570 717 1644 778 (1)
1672 718 1842 766 Ioanne
1864 722 1976 768 Fra-

162 780 164 784 ’
198 776 312 825 serio
335 775 533 823 Tuediae
550 775 690 840 longe
710 775 1016 838 potentissimo
1037 777 1240 825 collee'tis
1262 779 1319 826 ad
1342 781 1445 826 ofto
1463 780 1611 827 millia
1640 781 1880 832 hominum
1914 787 1975 834 ad

196 842 370 890 hostem
393 838 538 894 ducit,
561 851 611 887 ut
632 841 706 887 vel
736 839 794 886 ab
815 841 955 887 effusa
976 841 1274 904 populatione
1297 844 1582 900 cohiberent,
1617 847 1692 894 vel
1725 848 1756 894 fi
1791 866 1883 912 qua
1905 851 1974 897 rei

189 907 313 954 bene
333 905 548 970 gerendae
568 905 742 951 occasio
759 903 802 950 se
818 904 1048 952 obtulisset
1070 905 1263 954 fortunae
1284 925 1374 954 non
1393 910 1605 955 deess'ent.
1656 913 1850 961 Occasio
1873 931 1973 962 ma-

186 971 266 1033 jor
286 987 425 1035 quam
448 968 709 1032 sperabatur
729 968 790 1014 est
811 969 983 1016 oblata.
1049 969 1176 1016 Nam
1199 987 1305 1018 cum
1328 972 1472 1035 Angli
1494 973 1611 1018 nihil
1633 977 1801 1031 minus,
1822 979 1966 1039 quam

192 1037 329 1084 hostis
363 1033 498 1080 toties
519 1032 647 1088 victi,
680 1044 749 1080 tot
772 1032 901 1080 malis
924 1032 1056 1081 fraHti
1077 1035 1324 1082 adventum
1346 1038 1655 1099 expeftarent,
1685 1055 1738 1086 ac
1759 1040 1968 1099 solutius,

189 1099 332 1167 quam
353 1098 403 1147 in
421 1096 593 1145 hostico
614 1096 931 1152 conveniebat,
956 1098 999 1145 se
1032 1111 1259 1162 gererent,
1279 1100 1430 1164 prima
1450 1117 1607 1148 eorum
1636 1105 1774 1151 castra
1816 1106 1990 1154 subitov
2038 1147 2040 1151 .

190 1167 391 1213 adventu
414 1164 654 1210 Scotorum
678 1162 779 1210 sunt
802 1163 1008 1226 oppress'a
1028 1180 1197 1228 magna
1213 1166 1339 1214 caede
1361 1167 1479 1213 faita
1504 1181 1516 1212 z
1541 1165 1622 1229 qui
1645 1169 1894 1223 evaserunt,
1915 1172 1967 1219 in

187 1229 403 1295 proxima
422 1229 562 1275 castra
583 1229 832 1282 tumultum
855 1228 1098 1291 pertulere.
1166 1229 1240 1276 Ibi
1263 1231 1320 1277 ad
1353 1247 1478 1277 arma
1495 1230 1675 1293 trepide
1697 1234 1964 1292 clamatum,

190 1303 233 1344 &
256 1310 340 1358 pro
361 1293 403 1341 se
426 1292 618 1357 quisque
640 1292 920 1340 aliusalium
954 1293 1128 1341 hortari
1165 1294 1223 1339 ad
1254 1312 1391 1357 opem
1429 1295 1515 1342 suis
1554 1295 1805 1345 ferendam.
1876 1302 1966 1349 Sed

186 1375 294 1409 cum
313 1359 458 1406 serum
478 1356 703 1406 auxilium
717 1358 801 1405 effe
813 1358 1052 1414 senfiss'ent,
1073 1358 1132 1405 ad
1149 1358 1399 1407 vindictam
1421 1359 1463 1406 se
1486 1375 1767 1425 comparant.
1795 1364 1965 1421 Atrox,

186 1437 241 1473 ut
262 1425 382 1472 inter
403 1423 578 1472 feroces
594 1421 801 1478 viEtoria,
839 1429 879 1470 &
907 1422 1161 1486 cupiditate
1201 1425 1387 1472 ultionis
1410 1424 1614 1473 incensos
1635 1425 1684 1472 fit
1706 1429 1964 1485 confliftus,

182 1490 372 1539 tan'dem
396 1488 521 1544 fufis,
544 1486 801 1552 fugatisque
825 1488 990 1552 Anglis
1014 1487 1205 1535 victoria
1218 1489 1424 1552 quidem,
1446 1505 1534 1536 nec
1550 1489 1789 1538 incruenta
1805 1505 1962 1542 tamen

182 1555 307 1603 ceffit
327 1552 492 1601 Scotis.
561 1554 740 1601 Interea
767 1553 900 1600 tertia
924 1552 1062 1608 acies,
1086 1570 1189 1616 quae
1207 1554 1392 1618 longius
1416 1555 1686 1610 tetenderat,
1711 1558 1961 1606 adveniens

183 1619 543 1685 trepidationem
566 1617 713 1665 Scotis
730 1616 907 1678 injecit.
958 1617 1186 1680 Plaerique
1209 1618 1331 1666 enim
1354 1619 1598 1674 vulnerati,
1623 1635 1675 1666 ac
1694 1621 1838 1681 major
1859 1639 1964 1686 pars

183 1684 385 1751 duplicis
412 1699 582 1748 pugnae
619 1681 853 1730 laboribus
876 1682 1058 1755 fatigati
1085 1683 1304 1730 videbant
1324 1682 1372 1730 in
1394 1685 1643 1732 certamine
1675 1685 1962 1736 manifestum
2004 1713 2010 1718 ³

181 1750 462 1816 periculum,
497 1747 546 1795 in
570 1747 681 1811 fuga
707 1761 880 1794 certum
909 1747 1102 1794 exitium
1125 1747 1207 1793 fibi
1227 1747 1486 1796 imminere.
1538 1750 1771 1796 Tandem
1790 1741 1962 1812 ducum

174 1817 297 1879 jussu
319 1814 440 1862 caefis
462 1812 674 1877 captivis,
689 1828 746 1858 ne
764 1812 978 1860 omnibus
996 1812 1044 1858 in
1066 1812 1238 1860 hostem
1254 1813 1442 1860 intentis
1464 1812 1491 1858 a
1511 1824 1642 1877 tergo
1655 1813 1962 1879 insurgerent,
1998 1815 1999 1818 '

184 1881 412 1930 ministros
446 1879 546 1926 suos
569 1878 787 1926 caesorum
821 1877 975 1941 spoliis
998 1889 1192 1932 armant,
1229 1882 1271 1925 Sc
1301 1877 1484 1940 majoris
1518 1878 1740 1925 exercitus
1763 1881 1962 1942 speciem

180 1944 384 1996 hostibus
407 1943 629 2008 praebent.
697 1942 862 1989 Praelio
883 1942 1002 1989 inito
1017 1940 1187 1989 acriter
1210 1942 1425 2005 utrinque
1446 1954 1659 1990 certatur.
1729 1944 1850 1991 Cum
1874 1946 1962 1991 ali·

179 2009 386 2077 quandiu
408 2014 575 2072 anceps
597 2023 754 2080 pugna
775 2006 939 2062 fuisset,
959 2006 1087 2054 Scoti
1107 2006 1503 2054 adhortationibus
1525 2007 1717 2062 ducum,
1741 2002 1959 2072 duplicis-

176 2083 270 2143 que
290 2074 496 2122 victoriae
522 2088 745 2121 memorla
776 2084 1004 2127 revocata,
1037 2071 1211 2118 viribus
1246 2071 1485 2133 resumptis
1509 2083 1636 2118 tanto
1673 2073 1852 2134 impetu
1884 2073 1959 2121 in·
2016 2085 2041 2111 -'

174 2152 370 2190 currunt
390 2139 649 2201 inxhostem,
675 2149 725 2184 ut
748 2138 890 2202 Angli
914 2135 1106 2184 turbatis
1128 2135 1370 2183 ordinibus
1391 2149 1518 2199 terga
1536 2149 1783 2184 verterent.
1828 2139 1954 2203 Pug-

174 2219 335 2256 natum
354 2206 415 2252 est
436 2204 493 2251 a'd
512 2204 750 2252 Rossinum
770 2201 896 2251 sexto
915 2201 1144 2251 Calendas
1162 2201 1375 2258 Martias,
1399 2200 1632 2249 millesimi
1653 2203 1957 2252 trecentesimi

172 2271 360 2320 secundi
383 2269 508 2317 anni.
849 2273 852 2277 ’
1913 2292 1915 2296 ·

240 2337 396 2384 XXV.
433 2336 550 2381 Haec
583 2333 778 2381 victoria
808 2332 954 2381 tribus
991 2331 1268 2380 exercitibus
1290 2330 1454 2379 eodem
1485 2330 1562 2378 die
1596 2331 1654 2379 ab
1694 2348 1784 2393 uno
1811 2332 1954 2381 victis

171 2413 348 2467 quanto
370 2399 459 2446 fuit
477 2397 658 2452 clarior,
695 2409 823 2445 tanto
845 2398 993 2446 acrius
1014 2397 1254 2445 Eduardus
1277 2397 1333 2444 ad
1355 2395 1661 2460 ignominiam
1685 2393 1952 2453 delendam,

173 2472 219 2514 δε
253 2466 389 2513 finem
421 2463 607 2510 tandem
640 2460 891 2525 aliquando
913 2462 1133 2510 diuturno
1157 2463 1279 2509 bello
1300 2460 1633 2523 imponendum
1659 2461 1863 2509 animum
1881 2462 1956 2509 in·
2014 2499 2018 2502 >

168 2531 338 2584 tendit.
405 2527 554 2591 Igitur
575 2527 844 2581 exercitum,
885 2540 1110 2591 quantum
1147 2541 1384 2589 nunquam
1424 2536 1569 2573 antea.
1589 2525 1850 2582 conscribit,
1897 2543 1951 2573 ac

170 2599 306 2648 terra,
328 2593 534 2656 marique
557 2591 756 2639 Scotiam
776 2591 868 2638 late
887 2591 1022 2638 armis
1045 2604 1317 2655 pervagatus
1351 2589 1431 2643 est,
1470 2590 1528 2636 ad
1554 2602 1785 2637 ‘extremos
1810 2591 1950 2653 usque
1990 2599 1991 2603 ’

168 2659 332 2708 Roffiae
355 2658 482 2712 fineS,
507 2656 694 2704 nemine
712 2669 885 2703 armato
903 2656 945 2703 se
967 2656 1105 2703 tantis
1119 2654 1264 2719 copiis
1286 2655 1487 2718 objicere
1507 2654 1629 2701 auso.
1658 2655 1807 2716 ‚Solus
1828 2655 1948 2702 Val‘-

169 2726 236 2772 las
254 2740 362 2773 cum
378 2722 466 2770 suis
485 2738 606 2769 nunc
628 2720 658 2768 a
679 2720 831 2767 fronte
863 2737 985 2767 nunc
1008 2719 1035 2766 a
1055 2734 1205 2784 tergo,
1243 2733 1321 2767 aut
1342 2718 1560 2766 laterib'us
1582 2719 1952 2782 incurrendmte-
2018 2757 2033 2767 ,,

169 2805 293 2836 mere
311 2788 591 2852 praegreffos,
606 2798 684 2833 aut
701 2797 969 2840 moratores,
993 2796 1072 2833 aut
1094 2786 1124 2831 fi
1142 2783 1226 2847 qui
1245 2783 1500 2848 cupiditate
1520 2785 1688 2846 praedae
1710 2783 1897 2847 longius
1914 2782 1954 2830 a«
2017 2783 2028 2822 s

170 2853 258 2900 suis
279 2853 592 2905 discedebant,
614 2849 876 2912 excipiebat
901 2869 912 2896 z
953 2866 1106 2912 neque
1127 2864 1393 2913 quenquam
1416 2848 1600 2911 longius
1631 2846 1658 2893 a
1676 2847 1814 2912 signis
1837 2864 1947 2910 pro·
2018 2871 2049 2907 I:

164 2918 301 2982 gredi
316 2916 505 2964 sinebat.
545 2917 690 2964 Hunc
707 2915 888 2978 Anglus
908 2913 1088 2978 magnis
1108 2910 1523 2976 pollicitationibus
1540 2910 1700 2958 frustra
1719 2913 1778 2959 'ad
1801 2911 1842 2958 se
1865 2911 1946 2959 sae-
2021 2916 2040 2926 ‘⁷

163 2997 224 3047 pe
244 2983 480 3029 traducere
496 2980 558 3027 est
579 2990 788 3027 conatus·
855 2980 947 3026 Sed
969 2995 1060 3026 una
1079 2978 1261 3039 ejus-ad
1293 2991 1452 3026 omnes
1475 2987 1571 3022 erat
1593 2977 1760 3031 oratio,
1795 2974 1855 3030 se⁴
1872 2976 1946 3023 vi·
2001 3017 2003 3021 .
2043 2982 2047 2985 '

165 3059 279 3101 tam,
319 3060 458 3108 quam
482 3043 642 3109 patriae
666 3043 882 3099 debebat,
921 3041 965 3090 ei
983 3042 1210 3091 devovisse
1231 3059 1242 3088 :
1285 3040 1363 3087 cui
1400 3040 1431 3086 fi
1454 3040 1592 3086 aliam
1626 3056 1766 3103 opem
1787 3041 1949 3088 afferre

165 3127 259 3159 non
282 3109 442 3173 poffet,
484 3109 572 3172 piis
610 3125 720 3172 erga
757 3123 858 3155 eam
881 3107 1120 3154 conatibus
1141 3105 1499 3153 immoriturum.
1580 3104 1828 3151 Restabant
1860 3105 1946 3151 ali·
2016 3126 2027 3165 Α»

164 3187 283 3239 quot
300 3189 425 3220 arces
448 3171 616 3236 Anglis
637 3172 844 3219 nondum
866 3172 1053 3218 deditae.
1076 3169 1307 3219 Urcharta
1325 3168 1374 3215 in
1394 3169 1609 3215 Moravia
1623 3168 1672 3215 vi
1692 3181 1824 3231 capta
1843 3185 1947 3215 om·
2014 3166 2032 3184 ²'

163 3239 300 3287 nibus
333 3236 627 3301 quiinerant
664 3237 723 3284 ad
744 3253 886 3284 unum
908 3234 1121 3283 extinffls
1154 3252 1166 3281 ε
1217 3244 1395 3280 caeterae
1434 3244 1557 3280 metu
1582 3232 1625 3279 se
1647 3233 1943 3280 dediderunt.
2017 3248 2026 3258 ³

163 3303 254 3352 His
277 3301 414 3349 rebus
435 3300 569 3364 gestis
589 3301 770 3364 Anglus
793 3316 898 3348 cum
921 3299 1138 3347 Eduardo
1158 3295 1270 3352 filio,
1291 3313 1430 3360 quem
1453 3297 1613 3344 Perthi
1632 3297 1880 3360 reliquerat
1901 3296 1945 3344 se
1973 3330 1988 3352 ,Ν

161 3364 403 3428 conjunxit
429 3381 439 3409 :
462 3379 527 3410 -ac
545 3364 792 3410 Sterlinum
812 3364 957 3412 tribus
980 3362 1208 3410 mensibus
1231 3361 1451 3407 obieffum
1474 3359 1749 3408 dedentibus
1770 3360 1941 3419 sese‘ob

161 3431 372 3479 omnium
394 3443 546 3476 rerum
567 3427 808 3491 penuriam
828 3426 1132 3490 praefidiariis,
1167 3440 1222 3472 ac
1244 3437 1425 3472 tantum
1439 3424 1602 3481 vitam,
1623 3430 1665 3472 &
1679 3424 1961 3476 libertatem'
2020 3427 2042 3459 V

212 3559 279 3611 (ι)
294 3559 406 3598 Some
419 3558 489 3597 call
502 3555 587 3595 him
598 3557 678 3595 lord
687 3557 821 3594 Frazer
831 3554 876 3594 of
880 3533 1029 3594 Twed:
1073 3556 1184 3594 estate
1201 3555 1267 3594 fell
1281 3554 1328 3605 by
1340 3552 1537 3604 marriages
1554 3562 1593 3591 to
1607 3549 1673 3591 the
1689 3553 1763 3591 eat-l
1775 3552 1934 3591 ofMar·

158 3614 271 3663 dale5
300 3612 349 3648 he
370 3623 443 3650 was
462 3613 541 3662 lord
563 3610 609 3650 of
630 3609 930 3654 Keith-Fraser:
959 3609 1039 3659 his„
1074 3610 1166 3656 sszal,
1190 3609 1288 3647 lords
1307 3609 1439 3647 Yester
1449 3609 1527 3666 and
1546 3606 1733 3655 Fleming.

1781 3674 1946 3741 pactis,
1986 3672 1994 3732 'v
2019 3684 2021 3688 ’

2007 3342 2012 3350 v

2004 3587 2037 3615 ’Χ

2063 3308 2065 3319 A
