2091 3796
216 117 304 185 172
526 101 889 168 RERUM
981 103 1672 173 scama-Anum

211 207 315 246 rum
337 197 545 245 trahitur.
613 199 701 247 Vir
720 201 918 264 magnis,
950 201 1253 265 gravibusque
1273 199 1442 265 praeliis
1465 205 1596 268 gestis
1619 213 1850 268 receptam
1872 223 1976 269 par*

216 276 304 308 tem
326 260 482 308 insulae
500 280 527 310 a
557 265 734 312 caeteris
756 265 994 313 indomitis
1019 266 1232 329 gentibus
1254 267 1760 332 vallo-distinguendam
1783 272 1977 333 putavit,

206 327 375 388 Itaque
398 343 613 392 magnam
636 330 810 385 fossam,
836 330 1225 393 firmiffirnumque
1248 331 1420 377 vallum
1443 333 1610 380 crebris
1635 336 1826 397 desuper
1844 336 1985 382 twrri—

216 391 298 435 bus
312 393 647 441 communitum
661 411 744 457 per
761 407 965 450 centum,
989 400 1029 443 δε
1047 394 1239 459 triginta
1255 395 1348 442 duo
1367 395 1513 443 millia
1530 401 1731 460 passuum
1747 394 1775 446 'a
1794 400 1905 446 mari
1925 401 1982 446 ad

211 470 336 512 mare
357 457 505 504 duxit.

275 519 450 568 Eadem
473 539 589 584 pene
607 523 664 570 ad
685 523 877 571 verbum
898 524 1039 571 habet
1056 525 1163 571 Ado
1183 524 1566 589 Archiepiscopus
1588 526 1872 574 Viennensis.
1909 526 1981 576 U-

338 585 524 697 grinque
545 604 670 635 error
689 589 738 636 in
752 589 952 636 numeris
972 590 1033 637 est
1055 590 1352 654 corrigendus
1374 610 1386 638 ε
1419 607 1523 638 nam
1542 608 1629 654 pro
1657 609 1760 655 132.
1785 591 1980 640 scriben—

374 667 449 698 um
472 653 532 700 est
556 669 630 715 32.

743 740 780 785 E
832 740 862 785 S
886 739 1139 786 OLINI
1174 738 1324 803 Chap.
1364 756 1438 804 25.

274 812 362 858 VI.
397 813 454 858 M
472 813 520 860 U
536 814 573 859 L
589 813 636 859 T
655 814 676 859 I
697 814 725 859 S
759 811 930 867 insulis,
948 828 1031 860 nec
1048 811 1335 877 ignobilibus
1353 812 1661 872 circundatur,
1675 831 1866 878 quarum
1887 816 1978 864 Hi-

205 876 372 932 bernia
394 877 437 923 ei
455 876 684 939 proximat
707 876 1043 940 magnitudine.
1112 878 1370 940 Inhumana
1387 876 1447 924 est
1471 878 1562 924 ritu
1579 879 1830 926 incolarum
1853 879 1977 942 aspe-

204 942 263 986 'ro
287 959 296 987 :
323 941 432 987 alias
455 941 519 987 ita
538 940 768 1004 pabulosa,
797 953 846 986 ut
865 941 1092 1002 pecuaria,
1111 942 1192 987 nifi
1212 941 1445 987 interdum
1471 943 1617 988 aestate
1640 961 1664 988 a
1686 943 1883 1005 pastibus
1907 961 1978 991 ar-

209 1018 412 1060 ceantur,
435 1005 480 1052 in
500 1003 756 1067 periculum
780 1017 885 1068 agat
906 1004 1053 1051 satias.
1103 1005 1208 1051 Illic
1230 1006 1384 1051 nullus
1407 1005 1587 1069 anguiS,
1609 1001 1701 1053 avis
1724 1025 1840 1061 rara,
1864 1025 1976 1071 gens

209 1068 454 1132 inhospita,
482 1076 522 1116 Sc
542 1068 769 1116 bellicosa.
840 1068 1069 1133 Sanguine
1106 1067 1488 1132 interemptorum
1512 1069 1684 1126 hausto,
1719 1072 1845 1135 prius
1880 1073 1976 1120 vic—

209 1145 329 1180 tores
347 1135 498 1181 vultus
522 1134 619 1180 suos
642 1133 871 1180 oblinunt.
920 1136 1001 1183 Fas
1025 1149 1078 1180 ac
1096 1133 1220 1180 nefas
1241 1134 1404 1180 eodem
1424 1134 1579 1181 animo
1599 1136 1789 1182 ducunt.
1835 1133 1975 1183 Puer-

205 1215 316 1260 pera
339 1194 368 1246 fi
387 1200 572 1263 quando
595 1213 764 1245 marem
789 1198 951 1253 edidit,
976 1198 1146 1261 primos
1171 1197 1298 1245 cibos
1317 1198 1473 1262 gladio
1493 1199 1692 1262 imponit
1711 1200 1879 1254 mariti,
1902 1203 1975 1249 in-

209 1279 299 1325 que
321 1280 370 1309 os
394 1263 572 1326 parvuli
589 1263 765 1310 summo
788 1279 1005 1310 mucrone
1028 1263 1278 1325 auspicium
1297 1262 1620 1311 alimentorum
1640 1266 1802 1312 leviter
1817 1263 1973 1322 infert,

204 1333 250 1373 ’δι
274 1327 523 1391 gentilibus
545 1329 665 1375 votis
688 1341 834 1391 optat,
859 1346 951 1375 non
975 1328 1107 1374 aliter
1128 1343 1265 1391 quam
1286 1327 1333 1374 in
1357 1327 1497 1384 beno,
1516 1333 1555 1375 δε
1575 1329 1693 1376 inter
1710 1346 1836 1376 arma
1854 1347 1974 1377 mor-

202 1403 300 1438 'tem
319 1405 523 1455 oppetat.
593 1389 689 1455 Qi
713 1393 891 1440 student
911 1392 1075 1447 cultui,
1100 1392 1314 1439 dentibus
1338 1392 1450 1439 mari
1485 1394 1690 1440 nantium
1718 1395 1974 1443 belluarum

206 1456 457 1521 insigniunt
479 1458 650 1504 ensium
674 1458 862 1521 capulos
887 1476 898 1504 :
935 1456 1180 1504 candicant
1200 1458 1322 1503 enirn
1348 1457 1405 1503 ad
1434 1458 1678 1505 eburneam
1699 1459 1970 1507 claritatem.

205 1522 329 1568 Nam
346 1523 578 1586 praecipua
591 1522 697 1569 viris
719 1521 867 1586 gloria
887 1523 948 1568 est
967 1521 1015 1568 in
1039 1535 1270 1580 armorum
1293 1519 1447 1569 nitela.
1480 1523 1595 1585 Apis
1610 1524 1846 1587 nusquam.
1873 1526 1973 1572 Ad-

207 1590 391 1633 veffitum
414 1587 522 1634 inde
546 1589 800 1650 pulverem,
820 1586 895 1633 seu
917 1587 1102 1650 lapillos
1125 1587 1156 1633 fi
1177 1586 1278 1649 quis
1301 1586 1504 1649 sparserit
1525 1588 1644 1635 inter
1665 1589 1878 1644 alvearia,
1893 1606 1972 1636 ex-

206 1653 357 1697 amina
372 1652 496 1698 favos
514 1652 738 1699 deserunt.
776 1653 927 1707 Mare,
942 1651 1068 1714 quod
1083 1651 1376 1707 Hiberniam,
1394 1657 1433 1716 βε
1446 1651 1728 1710 Britanniam
1748 1653 1971 1710 interluit,

204 1716 445 1771 undosum,
474 1723 512 1763 &
536 1717 814 1778 inquietum,
836 1729 933 1763 toto
957 1717 1007 1762 in
1030 1731 1166 1771 anno,
1187 1732 1278 1762 non
1303 1716 1384 1763 nisi
1408 1716 1566 1762 aestivis
1586 1719 1794 1780 pauculis
1809 1717 1971 1767 diebus

203 1782 265 1827 eli
284 1781 561 1844 navigabile.
602 1781 842 1846 Navigant
864 1795 1016 1828 autem
1039 1780 1253 1827 vimineis
1275 1778 1434 1835 alveis,
1454 1798 1567 1844 quos
1587 1782 1856 1829 circundant
1875 1801 1971 1829 am-

205 1845 380 1893 bitione
399 1859 632 1910 tergorum
652 1847 948 1893 bubulorum.
976 1848 1165 1908 Qanto
1187 1862 1370 1908 cunque
1385 1857 1588 1909 tempore
1605 1848 1754 1894 cursus
1775 1849 1981 1903 tenebit,

206 1909 475 1972 navipantes
498 1910 605 1957 escis
631 1911 869 1958 abstinent.
895 1911 1020 1958 Freti
1037 1910 1331 1957 latitudinem
1355 1910 1401 1957 in
1425 1923 1611 1957 centum
1634 1911 1802 1974 viginti
1826 1912 1972 1959 millia

201 1970 408 2038 passuum
430 1973 739 2038 diffundi,qui
761 1976 897 2023 fidem
921 1977 978 2023 ad
991 1988 1151 2022 verum
1173 1974 1431 2021 ratiocinati
1452 1975 1568 2030 sunt,
1587 1977 1875 2023 aestimarunt.
1899 1977 1969 2023 Si·-

203 2043 356 2086 lurum
381 2057 566 2104 quoque
588 2040 753 2088 insulas
774 2040 831 2087 ab
857 2056 935 2087 ora
957 2056 1096 2104 quam
1120 2055 1232 2103 gens
1248 2039 1482 2087 Britannia
1495 2040 1755 2087 Dumnonii
1775 2041 1968 2095 detinet,

201 2104 438 2152 'turbidum
456 2105 625 2152 fretum
636 2104 873 2169 distinguit
892 2124 903 2152 :
928 2105 998 2166 cuj
1007 2121 1056 2151 us
1070 2103 1279 2151 homines
1295 2104 1433 2151 etiam
1453 2121 1575 2150 nunc
1593 2106 1851 2152 custodiunt
1867 2115 1967 2152 mo-

202 2184 296 2216 rem
323 2171 561 2217 vetustum.
628 2170 877 2217 Nundinas
900 2185 952 2216 ac
971 2186 1211 2216 nummum
1234 2169 1452 2223 refutant,
1488 2169 1599 2216 dant
1623 2187 1709 2225 res,
1735 2175 1776 2217 &
1799 2170 1968 2233 accipi-

202 2246 301 2280 unt.
336 2234 675 2282 Mutationibus
698 2235 937 2282 necessaria
957 2234 1129 2298 potiu5‚
1153 2250 1292 2297 quam
1314 2233 1496 2296 praeciis
1513 2248 1687 2296 parant.
1720 2234 1846 2290 Deos
1865 2253 1968 2298 per-

201 2297 375 2346 colunt.
414 2298 659 2346 scientiam
679 2300 938 2347 futurorum
961 2299 1132 2362 pariter
1147 2298 1233 2344 viri
1256 2314 1307 2344 ac
1326 2297 1527 2344 foeminae
1545 2300 1784 2346 ostentant.
1833 2300 1969 2347 Tha-

201 2376 331 2409 natos
354 2363 497 2410 insula
515 2361 702 2411 alluitur
729 2364 846 2412 freto
866 2363 1055 2411 Gallico
1077 2380 1102 2409 a
1124 2362 1370 2425 Britanniae
1392 2362 1648 2410 continenti
1670 2363 1871 2410 aestuario
1899 2378 1967 2412 te-

201 2427 282 2473 nui
304 2422 518 2491 separata,
539 2428 850 2477 frumentariis
876 2427 1049 2491 campis
1073 2426 1202 2482 felix,
1220 2432 1260 2474 &
1282 2427 1419 2490 gleba
1448 2427 1593 2483 uberi,
1609 2445 1693 2475 nec
1715 2440 1892 2475 tantum
1912 2431 1967 2476 fi-

199 2491 251 2538 bi
272 2492 369 2547 soli,
395 2504 554 2539 verum
575 2499 615 2540 δε
638 2493 740 2541 aliis
758 2493 945 2542 salubris
966 2493 1098 2540 locis.
1124 2492 1250 2538 Nam
1272 2507 1378 2538 cum
1399 2491 1494 2554 ipsa
1513 2493 1642 2538 nullo
1664 2492 1865 2556 serpatur
1887 2510 1967 2543 an'-

199 2573 306 2620 gue,
331 2557 552 2621 asportata
573 2557 681 2605 inde
704 2569 822 2606 terra
842 2559 1033 2622 quoquo
1056 2556 1265 2622 gentium
1289 2557 1470 2604 invecta
1493 2557 1560 2611 sit,
1583 2566 1754 2622 angues
1776 2573 1924 2606 necat.

454 2644 492 2690 E
543 2644 581 2690 L
601 2643 623 2689 1
641 2643 675 2690 B
696 2643 738 2690 R
757 2644 803 2690 O
838 2661 881 2707 3.
911 2642 1173 2694 Herodiani
1193 2640 1422 2690 Politiano
1443 2636 1708 2706 interprete.

264 2717 376 2764 VII.
411 2720 453 2764 A
472 2718 518 2763 Τ
554 2718 744 2764 Severus
769 2734 915 2765 moras
937 2718 994 2765 de
1012 2716 1230 2765 industria
1267 2719 1467 2772 uestem,
1492 2734 1548 2764 ne
1579 2735 1725 2765 vacuo
1756 2717 1837 2775 libi
1870 2719 1966 2766 Ro·-

199 2798 322 2829 mam
336 2781 598 2829 adeundum
613 2781 747 2838 foret,
765 2783 961 2846 cupidus
980 2781 1200 2838 victoriae,
1222 2781 1600 2846 cognominisque
1620 2782 1888 2840 Britannici,
1902 2784 1969 2830 le—

199 2859 330 2910 gatos
352 2845 541 2910 quidem
565 2863 612 2894 re
635 2846 804 2894 infesta
824 2848 1014 2894 domum
1041 2847 1252 2903 dimittit,
1275 2846 1369 2910 ipse
1391 2857 1495 2910 quae
1518 2846 1642 2895 bello
1677 2847 1773 2894 usui
1794 2848 1964 2902 forent,

198 2924 372 2974 magna
391 2911 571 2958 solertia
598 2912 911 2975 comparabat.
980 2910 1069 2959 Sed
1090 2911 1139 2959 in
1161 2912 1321 2975 primis
1340 2923 1493 2959 tamen
1520 2919 1641 2958 cura}
1662 2911 1826 2960 habuit
1846 2928 1964 2976 pon-

129 3012 132 3016 .
196 2975 323 3022 ‘tibus
345 2983 566 3038 occupare
589 2977 796 3038 paludes,
827 2991 878 3024 ut
899 2976 1008 3024 stare
1029 2977 1078 3023 in
1099 2987 1202 3024 tuto
1224 2975 1393 3023 milites
1414 2976 1605 3038 possent,
1629 2988 1767 3040 atque
1785 2975 1834 3022 in
1858 2976 1964 3023 soli-

196 3040 262 3086 'do
281 3039 492 3102 praeliari.
561 3041 800 3105 Siquidem
818 3039 1060 3089 Britanniae
1079 3042 1311 3105 plaeraque
1327 3041 1431 3087 loca
1450 3038 1766 3104 frequentibus
1785 3037 1966 3104 Oceani

197 3103 506 3151 alluvionibus
527 3105 840 3166 paludescunt.
906 3108 991 3154 Per
1011 3123 1085 3153 eas
1107 3105 1252 3169 igitur
1271 3104 1460 3168 paludes
1483 3104 1666 3152 barbari
1682 3102 1764 3168 ipsi
1786 3115 1964 3160 natant,

193 3166 528 3230 excursantque
545 3169 602 3215 ad
624 3168 706 3217 ilia
726 3171 864 3234 usque
882 3171 1091 3226 demerfi,
1105 3185 1159 3217 ac
1177 3170 1407 3234 plaeraque
1420 3170 1630 3233 -corporis
1650 3169 1762 3217 nudi
1780 3185 1967 3216 coenum

198 3245 517 3280 contemnunt.
583 3233 754 3298 Neque
788 3236 911 3282 enim
940 3236 1071 3282 vestis
1090 3234 1220 3282 usum
1241 3247 1517 3298 cognorunt,
1554 3234 1629 3282 sed
1649 3246 1875 3293 ventrem,-
1895 3245 1966 3280 at-

199 3315 292 3362 que
312 3296 538 3345 cervicem
561 3297 682 3346 ferro
698 3298 960 3364 incingunt‚
983 3312 1303 3347 ornamentum
1325 3299 1505 3353 ideffe,
1537 3315 1590 3346 ac
1608 3297 1873 3346 divitiarum
1895 3314 1966 3343 ar·

194 3373 472 3426 ‚gumentum
495 3361 818 3420 existimantes,
842 3364 1033 3428 perinde
1053 3376 1103 3411 ut
1124 3378 1283 3412 aurum
1306 3363 1460 3410 caeteri
1478 3362 1698 3411 barbari.‘
1741 3361 1869 3424 Qin
1891 3361 1965 3424 ip-

118 3481 123 3488 ·
198 3422 243 3473 sa
264 3437 425 3474 notant
461 3443 655 3491 corpora
675 3427 854 3491 pictura
889 3429 1030 3484 varia,
1071 3435 1111 3476 δε
1145 3428 1436 3489 omnifariam
1473 3427 1634 3476 formis
1675 3425 1964 3481 animalium,

199 3489 416 3553 quocirca
436 3507 493 3538 ne
513 3491 769 3539 induuntur
789 3492 996 3555 quidem,
1015 3492 1232 3541 videlicet
1247 3491 1472 3556 picturam
1494 3486 1698 3554 corporis
1716 3508 1773 3538 ne
1794 3489 1967 3552 adope-

199 3556 334 3602 riant.
405 3556 521 3604 Sunt
553 3568 707 3606 autem
729 3557 1058 3621 bellicofiffima
1077 3574 1210 3623 gens,
1244 3569 1383 3622 atque
1416 3555 1666 3606 avidiffima
1686 3554 1841 3613 caedis,
1868 3568 1968 3601 tan-

1874 3630 1973 3667 tum
