<?xml version="1.0" encoding="UTF-8"?>
<!DOCTYPE html PUBLIC "-//W3C//DTD XHTML 1.0 Transitional//EN"
    "http://www.w3.org/TR/xhtml1/DTD/xhtml1-transitional.dtd">
<html xmlns="http://www.w3.org/1999/xhtml" xml:lang="en" lang="en">
 <head>
  <title>
</title>
<meta http-equiv="Content-Type" content="text/html;charset=utf-8" />
  <meta name='ocr-system' content='tesseract 3.04.00' />
  <meta name='ocr-capabilities' content='ocr_page ocr_carea ocr_par ocr_line ocrx_word'/>
</head>
<body>
  <div class='ocr_page' id='page_1' title='image "./rerumscoticarumh01buch_0463.png"; bbox 0 0 2025 3831; ppageno 0'>
   <div class='ocr_carea' id='block_1_1' title="bbox 290 168 1853 260">
    <p class='ocr_par' dir='ltr' id='par_1_1' title="bbox 290 168 1853 260">
     <span class='ocr_line' id='line_1_1' title="bbox 290 168 1853 260; baseline -0.002 -21"><span class='ocrx_word' id='word_1_1' title='bbox 290 172 590 239; x_wconf 67' lang='lat' dir='ltr'>Lrssna</span> <span class='ocrx_word' id='word_1_2' title='bbox 666 168 1623 248; x_wconf 68' lang='lat' dir='ltr'>Dnermusouxu‘rUS.</span> <span class='ocrx_word' id='word_1_3' title='bbox 1718 192 1853 260; x_wconf 83' lang='lat'>445</span> 
     </span>
    </p>
   </div>
   <div class='ocr_carea' id='block_1_2' title="bbox 21 267 1882 3404">
    <p class='ocr_par' dir='ltr' id='par_1_2' title="bbox 70 267 1866 843">
     <span class='ocr_line' id='line_1_2' title="bbox 73 267 1865 336; baseline 0 -18"><span class='ocrx_word' id='word_1_4' title='bbox 73 269 218 327; x_wconf 67' lang='lat' dir='ltr'>lestis,</span> <span class='ocrx_word' id='word_1_5' title='bbox 242 271 295 321; x_wconf 88' lang='lat'>&amp;</span> <span class='ocrx_word' id='word_1_6' title='bbox 315 267 594 317; x_wconf 77' lang='lat' dir='ltr'>tumultuose</span> <span class='ocrx_word' id='word_1_7' title='bbox 615 269 673 316; x_wconf 89' lang='lat' dir='ltr'>ad</span> <span class='ocrx_word' id='word_1_8' title='bbox 697 286 824 317; x_wconf 77' lang='lat' dir='ltr'>arma</span> <span class='ocrx_word' id='word_1_9' title='bbox 839 281 1053 318; x_wconf 88' lang='lat' dir='ltr'>vocantes</span> <span class='ocrx_word' id='word_1_10' title='bbox 1072 269 1130 317; x_wconf 89' lang='lat' dir='ltr'>ad</span> <span class='ocrx_word' id='word_1_11' title='bbox 1150 284 1302 316; x_wconf 88' lang='lat' dir='ltr'>arcem</span> <span class='ocrx_word' id='word_1_12' title='bbox 1325 280 1568 316; x_wconf 80' lang='lat' dir='ltr'>accurrunt</span> <span class='ocrx_word' id='word_1_13' title='bbox 1589 285 1694 317; x_wconf 88' lang='lat' dir='ltr'>cum</span> <span class='ocrx_word' id='word_1_14' title='bbox 1732 287 1865 336; x_wconf 84' lang='lat' dir='ltr'>mag-</span> 
     </span>
     <span class='ocr_line' id='line_1_3' title="bbox 76 332 1864 398; baseline -0.003 -14"><span class='ocrx_word' id='word_1_15' title='bbox 76 337 149 385; x_wconf 83' lang='lat' dir='ltr'>nis</span> <span class='ocrx_word' id='word_1_16' title='bbox 169 334 325 390; x_wconf 88' lang='lat' dir='ltr'>minis,</span> <span class='ocrx_word' id='word_1_17' title='bbox 352 341 391 381; x_wconf 67' lang='grc' dir='ltr'>δι</span> <span class='ocrx_word' id='word_1_18' title='bbox 414 336 659 381; x_wconf 87' lang='lat' dir='ltr'>verborum</span> <span class='ocrx_word' id='word_1_19' title='bbox 682 335 993 383; x_wconf 88' lang='lat' dir='ltr'>contumeliis.</span> <span class='ocrx_word' id='word_1_20' title='bbox 1060 335 1213 382; x_wconf 90' lang='lat' dir='ltr'>Scalas</span> <span class='ocrx_word' id='word_1_21' title='bbox 1233 332 1427 397; x_wconf 88' lang='lat' dir='ltr'>poscunt</span> <span class='ocrx_word' id='word_1_22' title='bbox 1453 350 1462 376; x_wconf 74' lang='grc' dir='ltr'><strong><em>τ</em></strong></span> <span class='ocrx_word' id='word_1_23' title='bbox 1491 340 1530 379; x_wconf 68' lang='grc' dir='ltr'>ὃς</span> <span class='ocrx_word' id='word_1_24' title='bbox 1556 335 1659 388; x_wconf 74' lang='lat' dir='ltr'>alia,</span> <span class='ocrx_word' id='word_1_25' title='bbox 1682 353 1788 398; x_wconf 84' lang='lat' dir='ltr'>quae</span> <span class='ocrx_word' id='word_1_26' title='bbox 1814 354 1864 384; x_wconf 70' lang='lat' dir='ltr'>e,</span> 
     </span>
     <span class='ocr_line' id='line_1_4' title="bbox 73 396 1865 464; baseline -0.001 -15"><span class='ocrx_word' id='word_1_27' title='bbox 73 413 177 450; x_wconf 90' lang='lat' dir='ltr'>rant</span> <span class='ocrx_word' id='word_1_28' title='bbox 198 401 256 447; x_wconf 91' lang='lat' dir='ltr'>ad</span> <span class='ocrx_word' id='word_1_29' title='bbox 273 399 670 463; x_wconf 88' lang='lat' dir='ltr'>oppugnationem</span> <span class='ocrx_word' id='word_1_30' title='bbox 693 401 934 448; x_wconf 83' lang='lat' dir='ltr'>necefl&#39;aria</span> <span class='ocrx_word' id='word_1_31' title='bbox 954 413 1263 463; x_wconf 87' lang='lat' dir='ltr'>comportant.</span> <span class='ocrx_word' id='word_1_32' title='bbox 1296 396 1393 460; x_wconf 85' lang='lat' dir='ltr'>Qi</span> <span class='ocrx_word' id='word_1_33' title='bbox 1414 413 1471 443; x_wconf 87' lang='lat' dir='ltr'>ex</span> <span class='ocrx_word' id='word_1_34' title='bbox 1490 414 1591 444; x_wconf 82' lang='lat' dir='ltr'>arce</span> <span class='ocrx_word' id='word_1_35' title='bbox 1617 400 1715 446; x_wconf 80' lang='lat' dir='ltr'>haec</span> <span class='ocrx_word' id='word_1_36' title='bbox 1737 401 1865 464; x_wconf 82' lang='lat' dir='ltr'>spec·</span> 
     </span>
     <span class='ocr_line' id='line_1_5' title="bbox 75 463 1866 528; baseline 0 -14"><span class='ocrx_word' id='word_1_37' title='bbox 75 467 251 521; x_wconf 84' lang='lat' dir='ltr'>tabant,</span> <span class='ocrx_word' id='word_1_38' title='bbox 278 476 327 511; x_wconf 87' lang='lat' dir='ltr'>ut</span> <span class='ocrx_word' id='word_1_39' title='bbox 350 465 642 527; x_wconf 81' lang='lat' dir='ltr'>repentinum</span> <span class='ocrx_word' id='word_1_40' title='bbox 665 465 797 513; x_wconf 89' lang='lat' dir='ltr'>illum</span> <span class='ocrx_word' id='word_1_41' title='bbox 831 465 1091 513; x_wconf 86' lang='lat' dir='ltr'>animorum</span> <span class='ocrx_word' id='word_1_42' title='bbox 1112 465 1341 528; x_wconf 88' lang='lat' dir='ltr'>impetum</span> <span class='ocrx_word' id='word_1_43' title='bbox 1381 463 1624 525; x_wconf 83' lang='lat' dir='ltr'>paululum</span> <span class='ocrx_word' id='word_1_44' title='bbox 1647 468 1866 514; x_wconf 85' lang='lat' dir='ltr'>retunde·</span> 
     </span>
     <span class='ocr_line' id='line_1_6' title="bbox 73 528 1865 593; baseline -0.001 -14"><span class='ocrx_word' id='word_1_45' title='bbox 73 543 193 586; x_wconf 84' lang='lat' dir='ltr'>rent,</span> <span class='ocrx_word' id='word_1_46' title='bbox 218 535 268 580; x_wconf 74' lang='grc' dir='ltr'>ὅτ</span> <span class='ocrx_word' id='word_1_47' title='bbox 290 530 350 576; x_wconf 87' lang='lat' dir='ltr'>ad</span> <span class='ocrx_word' id='word_1_48' title='bbox 370 530 622 593; x_wconf 66' lang='lat' dir='ltr'>respectum</span> <span class='ocrx_word' id='word_1_49' title='bbox 660 529 725 576; x_wconf 86' lang='lat' dir='ltr'>sui</span> <span class='ocrx_word' id='word_1_50' title='bbox 746 531 947 578; x_wconf 82' lang='lat' dir='ltr'>furentes</span> <span class='ocrx_word' id='word_1_51' title='bbox 969 543 1254 585; x_wconf 83' lang='lat' dir='ltr'>revocarent,</span> <span class='ocrx_word' id='word_1_52' title='bbox 1279 528 1571 591; x_wconf 83' lang='lat' dir='ltr'>conclamant</span> <span class='ocrx_word' id='word_1_53' title='bbox 1606 528 1765 578; x_wconf 81' lang='lat' dir='ltr'>frustra</span> <span class='ocrx_word' id='word_1_54' title='bbox 1785 549 1865 580; x_wconf 87' lang='lat' dir='ltr'>eos</span> 
     </span>
     <span class='ocr_line' id='line_1_7' title="bbox 73 592 1865 660; baseline 0.001 -18"><span class='ocrx_word' id='word_1_55' title='bbox 73 595 364 650; x_wconf 82' lang='lat' dir='ltr'>tumultuari,</span> <span class='ocrx_word' id='word_1_56' title='bbox 405 600 446 642; x_wconf 71' lang='grc' dir='ltr'>ὅτ</span> <span class='ocrx_word' id='word_1_57' title='bbox 471 608 654 642; x_wconf 87' lang='lat' dir='ltr'>mortuo</span> <span class='ocrx_word' id='word_1_58' title='bbox 688 596 827 644; x_wconf 89' lang='lat' dir='ltr'>seram</span> <span class='ocrx_word' id='word_1_59' title='bbox 850 612 988 660; x_wconf 92' lang='lat' dir='ltr'>opem</span> <span class='ocrx_word' id='word_1_60' title='bbox 1011 595 1130 643; x_wconf 88' lang='lat' dir='ltr'>ferre</span> <span class='ocrx_word' id='word_1_61' title='bbox 1166 613 1178 646; x_wconf 69' lang='grc' dir='ltr'>ς</span> <span class='ocrx_word' id='word_1_62' title='bbox 1219 601 1259 642; x_wconf 86' lang='lat'>&amp;</span> <span class='ocrx_word' id='word_1_63' title='bbox 1284 610 1390 640; x_wconf 91' lang='lat' dir='ltr'>cum</span> <span class='ocrx_word' id='word_1_64' title='bbox 1425 592 1550 640; x_wconf 63' lang='lat' dir='ltr'>dicto</span> <span class='ocrx_word' id='word_1_65' title='bbox 1572 594 1766 641; x_wconf 61' lang='lat' dir='ltr'>cadaver</span> <span class='ocrx_word' id='word_1_66' title='bbox 1783 614 1865 643; x_wconf 75' lang='lat' dir='ltr'>ex·-</span> 
     </span>
     <span class='ocr_line' id='line_1_8' title="bbox 70 658 1864 724; baseline 0.001 -16"><span class='ocrx_word' id='word_1_67' title='bbox 70 661 327 708; x_wconf 84' lang='lat' dir='ltr'>animatum</span> <span class='ocrx_word' id='word_1_68' title='bbox 349 660 499 707; x_wconf 88' lang='lat' dir='ltr'>oculis</span> <span class='ocrx_word' id='word_1_69' title='bbox 520 661 729 707; x_wconf 88' lang='lat' dir='ltr'>omnium</span> <span class='ocrx_word' id='word_1_70' title='bbox 771 672 1013 724; x_wconf 87' lang='lat' dir='ltr'>exponunt</span> <span class='ocrx_word' id='word_1_71' title='bbox 1053 661 1100 707; x_wconf 87' lang='lat' dir='ltr'>in</span> <span class='ocrx_word' id='word_1_72' title='bbox 1137 660 1223 707; x_wconf 90' lang='lat' dir='ltr'>illo</span> <span class='ocrx_word' id='word_1_73' title='bbox 1243 659 1342 723; x_wconf 88' lang='lat' dir='ltr'>ipso</span> <span class='ocrx_word' id='word_1_74' title='bbox 1363 659 1486 712; x_wconf 91' lang='lat' dir='ltr'>loco,</span> <span class='ocrx_word' id='word_1_75' title='bbox 1510 659 1631 704; x_wconf 80' lang='lat' dir='ltr'>unde</span> <span class='ocrx_word' id='word_1_76' title='bbox 1652 658 1746 721; x_wconf 74' lang='lat' dir='ltr'>ipse</span> <span class='ocrx_word' id='word_1_77' title='bbox 1770 677 1864 710; x_wconf 85' lang='lat' dir='ltr'>non</span> 
     </span>
     <span class='ocr_line' id='line_1_9' title="bbox 71 723 1860 790; baseline 0.001 -18"><span class='ocrx_word' id='word_1_78' title='bbox 71 727 222 773; x_wconf 88' lang='lat' dir='ltr'>multo</span> <span class='ocrx_word' id='word_1_79' title='bbox 264 739 370 772; x_wconf 90' lang='lat' dir='ltr'>ante</span> <span class='ocrx_word' id='word_1_80' title='bbox 410 725 612 790; x_wconf 85' lang='lat' dir='ltr'>Georgii</span> <span class='ocrx_word' id='word_1_81' title='bbox 634 726 938 789; x_wconf 87' lang='lat' dir='ltr'>Sophocardii</span> <span class='ocrx_word' id='word_1_82' title='bbox 962 725 1239 788; x_wconf 87' lang='lat' dir='ltr'>supplicium</span> <span class='ocrx_word' id='word_1_83' title='bbox 1263 738 1357 773; x_wconf 88' lang='lat' dir='ltr'>tam</span> <span class='ocrx_word' id='word_1_84' title='bbox 1401 724 1533 770; x_wconf 78' lang='lat' dir='ltr'>laetus</span> <span class='ocrx_word' id='word_1_85' title='bbox 1566 723 1860 785; x_wconf 67' lang='lat' dir='ltr'>spectaverat.</span> 
     </span>
     <span class='ocr_line' id='line_1_10' title="bbox 72 788 1863 843; baseline -0.001 -5"><span class='ocrx_word' id='word_1_86' title='bbox 72 791 178 838; x_wconf 86' lang='lat' dir='ltr'>Nec</span> <span class='ocrx_word' id='word_1_87' title='bbox 202 791 382 838; x_wconf 76' lang='lat' dir='ltr'>subibat</span> <span class='ocrx_word' id='word_1_88' title='bbox 403 792 544 839; x_wconf 91' lang='lat' dir='ltr'>modo</span> <span class='ocrx_word' id='word_1_89' title='bbox 582 790 760 838; x_wconf 89' lang='lat' dir='ltr'>animos</span> <span class='ocrx_word' id='word_1_90' title='bbox 783 807 934 839; x_wconf 88' lang='lat' dir='ltr'>rerum</span> <span class='ocrx_word' id='word_1_91' title='bbox 957 790 1262 837; x_wconf 86' lang='lat' dir='ltr'>humanarum</span> <span class='ocrx_word' id='word_1_92' title='bbox 1300 788 1621 843; x_wconf 85' lang='lat' dir='ltr'>inconstantia,</span> <span class='ocrx_word' id='word_1_93' title='bbox 1641 792 1691 838; x_wconf 66' lang='grc' dir='ltr'>ὃς</span> <span class='ocrx_word' id='word_1_94' title='bbox 1731 790 1863 837; x_wconf 60' lang='lat' dir='ltr'>inex-2</span> 
     </span>
    </p>

    <p class='ocr_par' dir='ltr' id='par_1_3' title="bbox 21 852 1882 1180">
     <span class='ocr_line' id='line_1_11' title="bbox 21 852 1863 920; baseline 0.001 -18"><span class='ocrx_word' id='word_1_95' title='bbox 21 852 28 855; x_wconf 19' lang='lat' dir='ltr'>i</span> <span class='ocrx_word' id='word_1_96' title='bbox 67 860 274 920; x_wconf 56' lang='lat' dir='ltr'>peclatus</span> <span class='ocrx_word' id='word_1_97' title='bbox 312 870 522 913; x_wconf 89' lang='lat' dir='ltr'>eventus,</span> <span class='ocrx_word' id='word_1_98' title='bbox 558 855 634 903; x_wconf 89' lang='lat' dir='ltr'>sed</span> <span class='ocrx_word' id='word_1_99' title='bbox 650 856 808 904; x_wconf 88' lang='lat' dir='ltr'>multis</span> <span class='ocrx_word' id='word_1_100' title='bbox 830 856 1100 903; x_wconf 87' lang='lat' dir='ltr'>occurrebat</span> <span class='ocrx_word' id='word_1_101' title='bbox 1142 854 1342 919; x_wconf 83' lang='lat' dir='ltr'>Georgii</span> <span class='ocrx_word' id='word_1_102' title='bbox 1374 853 1455 901; x_wconf 90' lang='lat' dir='ltr'>illa</span> <span class='ocrx_word' id='word_1_103' title='bbox 1477 855 1535 901; x_wconf 88' lang='lat' dir='ltr'>de</span> <span class='ocrx_word' id='word_1_104' title='bbox 1564 853 1689 900; x_wconf 81' lang='lat' dir='ltr'>illins</span> <span class='ocrx_word' id='word_1_105' title='bbox 1715 871 1863 903; x_wconf 84' lang='lat' dir='ltr'>morte</span> 
     </span>
     <span class='ocr_line' id='line_1_12' title="bbox 67 918 1863 986; baseline 0.001 -18"><span class='ocrx_word' id='word_1_106' title='bbox 67 922 308 985; x_wconf 60' lang='lat' dir='ltr'>praedictio</span> <span class='ocrx_word' id='word_1_107' title='bbox 334 941 345 969; x_wconf 74' lang='grc' dir='ltr'><strong><em>ε</em></strong></span> <span class='ocrx_word' id='word_1_108' title='bbox 385 924 624 986; x_wconf 88' lang='lat' dir='ltr'>multaque</span> <span class='ocrx_word' id='word_1_109' title='bbox 659 921 765 977; x_wconf 84' lang='lat' dir='ltr'>alia,</span> <span class='ocrx_word' id='word_1_110' title='bbox 791 939 892 985; x_wconf 84' lang='lat' dir='ltr'>quae</span> <span class='ocrx_word' id='word_1_111' title='bbox 916 921 1207 969; x_wconf 65' lang='lat' dir='ltr'>sanctiffimus</span> <span class='ocrx_word' id='word_1_112' title='bbox 1250 922 1320 967; x_wconf 90' lang='lat' dir='ltr'>vir</span> <span class='ocrx_word' id='word_1_113' title='bbox 1340 918 1421 966; x_wconf 86' lang='lat' dir='ltr'>ille</span> <span class='ocrx_word' id='word_1_114' title='bbox 1461 935 1552 967; x_wconf 89' lang='lat' dir='ltr'>non</span> <span class='ocrx_word' id='word_1_115' title='bbox 1578 919 1669 966; x_wconf 85' lang='lat' dir='ltr'>fine</span> <span class='ocrx_word' id='word_1_116' title='bbox 1699 921 1863 969; x_wconf 79' lang='lat' dir='ltr'>divino</span> 
     </span>
     <span class='ocr_line' id='line_1_13' title="bbox 73 985 1882 1050; baseline 0.002 -18"><span class='ocrx_word' id='word_1_117' title='bbox 73 989 148 1049; x_wconf 91' lang='lat' dir='ltr'>(ut</span> <span class='ocrx_word' id='word_1_118' title='bbox 167 988 393 1036; x_wconf 84' lang='lat' dir='ltr'>credibile</span> <span class='ocrx_word' id='word_1_119' title='bbox 411 990 492 1048; x_wconf 87' lang='lat' dir='ltr'>est)</span> <span class='ocrx_word' id='word_1_120' title='bbox 518 987 700 1050; x_wconf 86' lang='lat' dir='ltr'>spiritus</span> <span class='ocrx_word' id='word_1_121' title='bbox 722 987 874 1034; x_wconf 85' lang='lat' dir='ltr'>afflatu</span> <span class='ocrx_word' id='word_1_122' title='bbox 898 999 1090 1034; x_wconf 73' lang='lat' dir='ltr'>ventura</span> <span class='ocrx_word' id='word_1_123' title='bbox 1111 997 1469 1049; x_wconf 74' lang='lat' dir='ltr'>praemonuerat,</span> <span class='ocrx_word' id='word_1_124' title='bbox 1497 997 1547 1031; x_wconf 88' lang='lat' dir='ltr'>ut</span> <span class='ocrx_word' id='word_1_125' title='bbox 1568 985 1697 1033; x_wconf 87' lang='lat' dir='ltr'>brevi</span> <span class='ocrx_word' id='word_1_126' title='bbox 1734 987 1882 1050; x_wconf 42' lang='lat' dir='ltr'>secuf</span> 
     </span>
     <span class='ocr_line' id='line_1_14' title="bbox 71 1049 1866 1116; baseline -0.002 -18"><span class='ocrx_word' id='word_1_127' title='bbox 71 1064 147 1099; x_wconf 87' lang='lat' dir='ltr'>tus</span> <span class='ocrx_word' id='word_1_128' title='bbox 170 1054 319 1099; x_wconf 76' lang='lat' dir='ltr'>exitus</span> <span class='ocrx_word' id='word_1_129' title='bbox 343 1052 954 1116; x_wconf 77' lang='lat' dir='ltr'>comprobavit.Cardinalis</span> <span class='ocrx_word' id='word_1_130' title='bbox 998 1051 1154 1108; x_wconf 85' lang='lat' dir='ltr'>amici,</span> <span class='ocrx_word' id='word_1_131' title='bbox 1181 1059 1220 1099; x_wconf 76' lang='grc' dir='ltr'>δε</span> <span class='ocrx_word' id='word_1_132' title='bbox 1244 1049 1502 1116; x_wconf 82' lang='lat' dir='ltr'>propinqui</span> <span class='ocrx_word' id='word_1_133' title='bbox 1521 1051 1578 1098; x_wconf 86' lang='lat' dir='ltr'>ad</span> <span class='ocrx_word' id='word_1_134' title='bbox 1596 1052 1686 1098; x_wconf 86' lang='lat' dir='ltr'>hoc</span> <span class='ocrx_word' id='word_1_135' title='bbox 1706 1050 1866 1115; x_wconf 59' lang='lat' dir='ltr'>inspe,</span> 
     </span>
     <span class='ocr_line' id='line_1_15' title="bbox 70 1116 1337 1180; baseline 0.001 -17"><span class='ocrx_word' id='word_1_136' title='bbox 70 1130 220 1164; x_wconf 81' lang='lat' dir='ltr'>ratum</span> <span class='ocrx_word' id='word_1_137' title='bbox 245 1118 551 1180; x_wconf 73' lang='lat' dir='ltr'>spectaculum</span> <span class='ocrx_word' id='word_1_138' title='bbox 575 1117 779 1173; x_wconf 82' lang='lat' dir='ltr'>attoniti,</span> <span class='ocrx_word' id='word_1_139' title='bbox 801 1116 1010 1165; x_wconf 86' lang='lat' dir='ltr'>celeriter</span> <span class='ocrx_word' id='word_1_140' title='bbox 1031 1117 1134 1164; x_wconf 90' lang='lat' dir='ltr'>sunt</span> <span class='ocrx_word' id='word_1_141' title='bbox 1157 1117 1337 1180; x_wconf 84' lang='lat' dir='ltr'>dil-.pfi.</span> 
     </span>
    </p>

    <p class='ocr_par' dir='ltr' id='par_1_4' title="bbox 60 1181 1864 2359">
     <span class='ocr_line' id='line_1_16' title="bbox 132 1181 1860 1247; baseline 0.001 -18"><span class='ocrx_word' id='word_1_142' title='bbox 132 1184 285 1230; x_wconf 80' lang='lat' dir='ltr'><strong>XLH.</strong></span> <span class='ocrx_word' id='word_1_143' title='bbox 341 1185 410 1230; x_wconf 89' lang='lat' dir='ltr'>Re</span> <span class='ocrx_word' id='word_1_144' title='bbox 440 1200 521 1245; x_wconf 86' lang='lat' dir='ltr'>per</span> <span class='ocrx_word' id='word_1_145' title='bbox 558 1197 717 1230; x_wconf 88' lang='lat' dir='ltr'>omnes</span> <span class='ocrx_word' id='word_1_146' title='bbox 757 1183 890 1247; x_wconf 87' lang='lat' dir='ltr'>regni</span> <span class='ocrx_word' id='word_1_147' title='bbox 914 1197 1062 1246; x_wconf 85' lang='lat' dir='ltr'>partes</span> <span class='ocrx_word' id='word_1_148' title='bbox 1086 1182 1342 1245; x_wconf 80' lang='lat' dir='ltr'>divulgata,</span> <span class='ocrx_word' id='word_1_149' title='bbox 1370 1181 1572 1228; x_wconf 75' lang='lat' dir='ltr'>diversus</span> <span class='ocrx_word' id='word_1_150' title='bbox 1596 1181 1860 1232; x_wconf 78' lang='lat' dir='ltr'>animorum.</span> 
     </span>
     <span class='ocr_line' id='line_1_17' title="bbox 65 1245 1862 1312; baseline 0.002 -19"><span class='ocrx_word' id='word_1_151' title='bbox 65 1263 152 1311; x_wconf 87' lang='lat' dir='ltr'>pro</span> <span class='ocrx_word' id='word_1_152' title='bbox 175 1247 392 1312; x_wconf 85' lang='lat' dir='ltr'>cujusque</span> <span class='ocrx_word' id='word_1_153' title='bbox 411 1265 521 1312; x_wconf 87' lang='lat' dir='ltr'>erga</span> <span class='ocrx_word' id='word_1_154' title='bbox 557 1265 664 1296; x_wconf 89' lang='lat' dir='ltr'>eum</span> <span class='ocrx_word' id='word_1_155' title='bbox 687 1265 860 1303; x_wconf 87' lang='lat' dir='ltr'>amore,</span> <span class='ocrx_word' id='word_1_156' title='bbox 884 1248 957 1293; x_wconf 91' lang='lat' dir='ltr'>vel</span> <span class='ocrx_word' id='word_1_157' title='bbox 994 1245 1105 1294; x_wconf 89' lang='lat' dir='ltr'>odio</span> <span class='ocrx_word' id='word_1_158' title='bbox 1139 1246 1229 1293; x_wconf 90' lang='lat' dir='ltr'>fuit</span> <span class='ocrx_word' id='word_1_159' title='bbox 1252 1260 1402 1294; x_wconf 85' lang='lat' dir='ltr'>motus</span> <span class='ocrx_word' id='word_1_160' title='bbox 1429 1267 1439 1294; x_wconf 92' lang='lat'>:</span> <span class='ocrx_word' id='word_1_161' title='bbox 1483 1245 1584 1293; x_wconf 84' lang='lat' dir='ltr'>aliis</span> <span class='ocrx_word' id='word_1_162' title='bbox 1603 1248 1862 1310; x_wconf 85' lang='lat' dir='ltr'>pulcherri-</span> 
     </span>
     <span class='ocr_line' id='line_1_18' title="bbox 65 1311 1860 1368; baseline 0.002 -8"><span class='ocrx_word' id='word_1_163' title='bbox 65 1329 215 1368; x_wconf 87' lang='lat' dir='ltr'>mum,</span> <span class='ocrx_word' id='word_1_164' title='bbox 240 1314 343 1360; x_wconf 88' lang='lat' dir='ltr'>aliis</span> <span class='ocrx_word' id='word_1_165' title='bbox 367 1313 593 1361; x_wconf 79' lang='lat' dir='ltr'>nefarium</span> <span class='ocrx_word' id='word_1_166' title='bbox 617 1314 792 1360; x_wconf 79' lang='lat' dir='ltr'>facinus</span> <span class='ocrx_word' id='word_1_167' title='bbox 811 1311 1191 1361; x_wconf 81' lang='lat' dir='ltr'>existimantibus.</span> <span class='ocrx_word' id='word_1_168' title='bbox 1236 1312 1382 1359; x_wconf 83' lang='lat' dir='ltr'>Multi</span> <span class='ocrx_word' id='word_1_169' title='bbox 1401 1312 1524 1359; x_wconf 82' lang='lat' dir='ltr'>enim</span> <span class='ocrx_word' id='word_1_170' title='bbox 1546 1314 1607 1360; x_wconf 91' lang='lat' dir='ltr'>ob</span> <span class='ocrx_word' id='word_1_171' title='bbox 1630 1313 1860 1363; x_wconf 80' lang='lat' dir='ltr'>diversum</span> 
     </span>
     <span class='ocr_line' id='line_1_19' title="bbox 63 1377 1860 1443; baseline 0.001 -18"><span class='ocrx_word' id='word_1_172' title='bbox 63 1378 303 1441; x_wconf 81' lang='lat' dir='ltr'>religionis</span> <span class='ocrx_word' id='word_1_173' title='bbox 327 1381 503 1426; x_wconf 88' lang='lat' dir='ltr'>cultum</span> <span class='ocrx_word' id='word_1_174' title='bbox 523 1378 630 1426; x_wconf 83' lang='lat' dir='ltr'>vitae</span> <span class='ocrx_word' id='word_1_175' title='bbox 654 1379 741 1443; x_wconf 69' lang='lat' dir='ltr'>sua:</span> <span class='ocrx_word' id='word_1_176' title='bbox 764 1379 822 1425; x_wconf 89' lang='lat' dir='ltr'>ab</span> <span class='ocrx_word' id='word_1_177' title='bbox 844 1395 899 1426; x_wconf 86' lang='lat' dir='ltr'>eo</span> <span class='ocrx_word' id='word_1_178' title='bbox 940 1390 1214 1432; x_wconf 83' lang='lat' dir='ltr'>metuentes,</span> <span class='ocrx_word' id='word_1_179' title='bbox 1235 1394 1329 1424; x_wconf 90' lang='lat' dir='ltr'>non</span> <span class='ocrx_word' id='word_1_180' title='bbox 1360 1377 1496 1441; x_wconf 88' lang='lat' dir='ltr'>pauci</span> <span class='ocrx_word' id='word_1_181' title='bbox 1516 1378 1577 1423; x_wconf 90' lang='lat' dir='ltr'>ob</span> <span class='ocrx_word' id='word_1_182' title='bbox 1601 1381 1860 1443; x_wconf 77' lang='lat' dir='ltr'>arroganti-</span> 
     </span>
     <span class='ocr_line' id='line_1_20' title="bbox 65 1442 1861 1507; baseline 0.001 -17"><span class='ocrx_word' id='word_1_183' title='bbox 65 1459 140 1490; x_wconf 87' lang='lat' dir='ltr'>am</span> <span class='ocrx_word' id='word_1_184' title='bbox 164 1444 684 1506; x_wconf 10' lang='lat' dir='ltr'>intolerabilemboffenfi</span> <span class='ocrx_word' id='word_1_185' title='bbox 709 1462 802 1491; x_wconf 91' lang='lat' dir='ltr'>non</span> <span class='ocrx_word' id='word_1_186' title='bbox 840 1444 985 1490; x_wconf 88' lang='lat' dir='ltr'>solum</span> <span class='ocrx_word' id='word_1_187' title='bbox 1013 1445 1186 1492; x_wconf 69' lang='lat' dir='ltr'>factum</span> <span class='ocrx_word' id='word_1_188' title='bbox 1220 1443 1491 1505; x_wconf 83' lang='lat' dir='ltr'>probarunt,</span> <span class='ocrx_word' id='word_1_189' title='bbox 1528 1442 1604 1489; x_wconf 87' lang='lat' dir='ltr'>sed</span> <span class='ocrx_word' id='word_1_190' title='bbox 1628 1447 1677 1492; x_wconf 65' lang='grc' dir='ltr'>ἃς</span> <span class='ocrx_word' id='word_1_191' title='bbox 1700 1458 1861 1507; x_wconf 84' lang='lat' dir='ltr'>gratu-</span> 
     </span>
     <span class='ocr_line' id='line_1_21' title="bbox 63 1508 1858 1573; baseline 0.001 -18"><span class='ocrx_word' id='word_1_192' title='bbox 63 1509 210 1556; x_wconf 80' lang='lat' dir='ltr'>latum</span> <span class='ocrx_word' id='word_1_193' title='bbox 232 1511 290 1556; x_wconf 87' lang='lat' dir='ltr'>ad</span> <span class='ocrx_word' id='word_1_194' title='bbox 313 1510 537 1557; x_wconf 83' lang='lat' dir='ltr'>libertatis</span> <span class='ocrx_word' id='word_1_195' title='bbox 561 1510 760 1573; x_wconf 88' lang='lat' dir='ltr'>publicae</span> <span class='ocrx_word' id='word_1_196' title='bbox 783 1511 987 1557; x_wconf 61' lang='lat' dir='ltr'>audiores</span> <span class='ocrx_word' id='word_1_197' title='bbox 1004 1522 1248 1556; x_wconf 82' lang='lat' dir='ltr'>venerunt.</span> <span class='ocrx_word' id='word_1_198' title='bbox 1305 1508 1514 1571; x_wconf 83' lang='lat' dir='ltr'>Qidam</span> <span class='ocrx_word' id='word_1_199' title='bbox 1532 1509 1672 1555; x_wconf 86' lang='lat' dir='ltr'>etiam</span> <span class='ocrx_word' id='word_1_200' title='bbox 1697 1514 1858 1566; x_wconf 72' lang='lat' dir='ltr'>vitam,</span> 
     </span>
     <span class='ocr_line' id='line_1_22' title="bbox 66 1573 1860 1638; baseline 0.002 -18"><span class='ocrx_word' id='word_1_201' title='bbox 66 1573 362 1638; x_wconf 78' lang='lat' dir='ltr'>fortunasque</span> <span class='ocrx_word' id='word_1_202' title='bbox 384 1592 490 1622; x_wconf 90' lang='lat' dir='ltr'>cum</span> <span class='ocrx_word' id='word_1_203' title='bbox 518 1574 612 1622; x_wconf 89' lang='lat' dir='ltr'>illis</span> <span class='ocrx_word' id='word_1_204' title='bbox 647 1576 1006 1637; x_wconf 82' lang='lat' dir='ltr'>conjunxerunt.</span> <span class='ocrx_word' id='word_1_205' title='bbox 1074 1574 1197 1620; x_wconf 87' lang='lat' dir='ltr'>Aula</span> <span class='ocrx_word' id='word_1_206' title='bbox 1232 1573 1531 1620; x_wconf 83' lang='lat' dir='ltr'>vehementer</span> <span class='ocrx_word' id='word_1_207' title='bbox 1566 1575 1786 1635; x_wconf 83' lang='lat' dir='ltr'>perculsa,</span> <span class='ocrx_word' id='word_1_208' title='bbox 1817 1584 1860 1624; x_wconf 74' lang='lat' dir='ltr'>&lt;Sc</span> 
     </span>
     <span class='ocr_line' id='line_1_23' title="bbox 63 1638 1860 1704; baseline 0.002 -19"><span class='ocrx_word' id='word_1_209' title='bbox 63 1640 193 1686; x_wconf 86' lang='lat' dir='ltr'>velut</span> <span class='ocrx_word' id='word_1_210' title='bbox 215 1639 391 1686; x_wconf 78' lang='lat' dir='ltr'>consilii</span> <span class='ocrx_word' id='word_1_211' title='bbox 415 1641 479 1688; x_wconf 82' lang='lat' dir='ltr'>sui</span> <span class='ocrx_word' id='word_1_212' title='bbox 502 1655 630 1704; x_wconf 82' lang='lat' dir='ltr'>parte</span> <span class='ocrx_word' id='word_1_213' title='bbox 653 1641 828 1695; x_wconf 87' lang='lat' dir='ltr'>orbata,</span> <span class='ocrx_word' id='word_1_214' title='bbox 865 1641 923 1688; x_wconf 91' lang='lat' dir='ltr'>de</span> <span class='ocrx_word' id='word_1_215' title='bbox 947 1638 1168 1687; x_wconf 88' lang='lat' dir='ltr'>sententia</span> <span class='ocrx_word' id='word_1_216' title='bbox 1186 1656 1362 1692; x_wconf 85' lang='lat' dir='ltr'>eorum,</span> <span class='ocrx_word' id='word_1_217' title='bbox 1388 1639 1470 1701; x_wconf 86' lang='lat' dir='ltr'>qui</span> <span class='ocrx_word' id='word_1_218' title='bbox 1509 1638 1699 1686; x_wconf 84' lang='lat' dir='ltr'>aderant</span> <span class='ocrx_word' id='word_1_219' title='bbox 1721 1641 1860 1688; x_wconf 75' lang='lat' dir='ltr'>caedis</span> 
     </span>
     <span class='ocr_line' id='line_1_24' title="bbox 65 1704 1859 1766; baseline 0.002 -16"><span class='ocrx_word' id='word_1_220' title='bbox 65 1704 327 1752; x_wconf 67' lang='lat' dir='ltr'>auctoribus</span> <span class='ocrx_word' id='word_1_221' title='bbox 367 1706 667 1760; x_wconf 80' lang='lat' dir='ltr'>denunciant,</span> <span class='ocrx_word' id='word_1_222' title='bbox 701 1720 751 1753; x_wconf 92' lang='lat' dir='ltr'>ut</span> <span class='ocrx_word' id='word_1_223' title='bbox 792 1706 912 1753; x_wconf 86' lang='lat' dir='ltr'>intra</span> <span class='ocrx_word' id='word_1_224' title='bbox 934 1706 1108 1752; x_wconf 85' lang='lat' dir='ltr'>sextum</span> <span class='ocrx_word' id='word_1_225' title='bbox 1132 1705 1255 1751; x_wconf 86' lang='lat' dir='ltr'>diem</span> <span class='ocrx_word' id='word_1_226' title='bbox 1276 1705 1435 1759; x_wconf 63' lang='lat' dir='ltr'>adsint,</span> <span class='ocrx_word' id='word_1_227' title='bbox 1480 1708 1527 1753; x_wconf 64' lang='grc' dir='ltr'>ἃ</span> <span class='ocrx_word' id='word_1_228' title='bbox 1556 1706 1626 1766; x_wconf 88' lang='lat'>(1)</span> <span class='ocrx_word' id='word_1_229' title='bbox 1666 1706 1859 1753; x_wconf 84' lang='lat' dir='ltr'>vadibus</span> 
     </span>
     <span class='ocr_line' id='line_1_25' title="bbox 64 1769 1861 1834; baseline 0.003 -19"><span class='ocrx_word' id='word_1_230' title='bbox 64 1770 183 1817; x_wconf 89' lang='lat' dir='ltr'>datis</span> <span class='ocrx_word' id='word_1_231' title='bbox 205 1785 397 1818; x_wconf 87' lang='lat' dir='ltr'>caveant</span> <span class='ocrx_word' id='word_1_232' title='bbox 419 1772 462 1819; x_wconf 89' lang='lat' dir='ltr'>se</span> <span class='ocrx_word' id='word_1_233' title='bbox 483 1771 604 1819; x_wconf 87' lang='lat' dir='ltr'>intra</span> <span class='ocrx_word' id='word_1_234' title='bbox 624 1770 769 1826; x_wconf 89' lang='lat' dir='ltr'>diem,</span> <span class='ocrx_word' id='word_1_235' title='bbox 793 1772 874 1834; x_wconf 89' lang='lat' dir='ltr'>qui</span> <span class='ocrx_word' id='word_1_236' title='bbox 897 1770 961 1817; x_wconf 87' lang='lat' dir='ltr'>eis</span> <span class='ocrx_word' id='word_1_237' title='bbox 997 1769 1312 1818; x_wconf 83' lang='lat' dir='ltr'>nominaretur</span> <span class='ocrx_word' id='word_1_238' title='bbox 1332 1770 1391 1816; x_wconf 88' lang='lat' dir='ltr'>ad</span> <span class='ocrx_word' id='word_1_239' title='bbox 1413 1769 1590 1816; x_wconf 83' lang='lat' dir='ltr'>causam</span> <span class='ocrx_word' id='word_1_240' title='bbox 1614 1771 1861 1820; x_wconf 76' lang='lat' dir='ltr'>dicendam</span> 
     </span>
     <span class='ocr_line' id='line_1_26' title="bbox 68 1833 1864 1899; baseline 0.003 -19"><span class='ocrx_word' id='word_1_241' title='bbox 68 1833 117 1881; x_wconf 85' lang='lat' dir='ltr'>in</span> <span class='ocrx_word' id='word_1_242' title='bbox 134 1834 210 1896; x_wconf 82' lang='lat' dir='ltr'>jus</span> <span class='ocrx_word' id='word_1_243' title='bbox 230 1849 460 1884; x_wconf 80' lang='lat' dir='ltr'>venturOS.</span> <span class='ocrx_word' id='word_1_244' title='bbox 519 1837 596 1885; x_wconf 87' lang='lat' dir='ltr'>llli</span> <span class='ocrx_word' id='word_1_245' title='bbox 616 1854 723 1885; x_wconf 88' lang='lat' dir='ltr'>cum</span> <span class='ocrx_word' id='word_1_246' title='bbox 747 1853 899 1884; x_wconf 89' lang='lat' dir='ltr'>arcem</span> <span class='ocrx_word' id='word_1_247' title='bbox 923 1835 1151 1883; x_wconf 88' lang='lat' dir='ltr'>munitam</span> <span class='ocrx_word' id='word_1_248' title='bbox 1175 1848 1400 1892; x_wconf 89' lang='lat' dir='ltr'>tenerent,</span> <span class='ocrx_word' id='word_1_249' title='bbox 1427 1841 1466 1882; x_wconf 70' lang='grc' dir='ltr'>δε</span> <span class='ocrx_word' id='word_1_250' title='bbox 1491 1835 1540 1882; x_wconf 86' lang='lat' dir='ltr'>in</span> <span class='ocrx_word' id='word_1_251' title='bbox 1566 1852 1620 1882; x_wconf 73' lang='lat' dir='ltr'>ea</span> <span class='ocrx_word' id='word_1_252' title='bbox 1641 1836 1864 1899; x_wconf 80' lang='lat' dir='ltr'>supellec·</span> 
     </span>
     <span class='ocr_line' id='line_1_27' title="bbox 62 1900 1861 1967; baseline 0.002 -21"><span class='ocrx_word' id='word_1_253' title='bbox 62 1900 217 1957; x_wconf 71' lang='lat' dir='ltr'>rilem,</span> <span class='ocrx_word' id='word_1_254' title='bbox 241 1902 582 1967; x_wconf 87' lang='lat' dir='ltr'>pecuniamque</span> <span class='ocrx_word' id='word_1_255' title='bbox 606 1902 885 1958; x_wconf 86' lang='lat' dir='ltr'>Cardinalis,</span> <span class='ocrx_word' id='word_1_256' title='bbox 912 1907 951 1949; x_wconf 84' lang='lat'>&amp;</span> <span class='ocrx_word' id='word_1_257' title='bbox 976 1901 1188 1965; x_wconf 81' lang='lat' dir='ltr'>Proregis</span> <span class='ocrx_word' id='word_1_258' title='bbox 1211 1902 1357 1948; x_wconf 84' lang='lat' dir='ltr'>filium</span> <span class='ocrx_word' id='word_1_259' title='bbox 1381 1901 1749 1964; x_wconf 84' lang='lat' dir='ltr'>primogenitum</span> <span class='ocrx_word' id='word_1_260' title='bbox 1773 1903 1861 1950; x_wconf 87' lang='lat' dir='ltr'>ob-</span> 
     </span>
     <span class='ocr_line' id='line_1_28' title="bbox 63 1963 1860 2030; baseline 0.002 -18"><span class='ocrx_word' id='word_1_261' title='bbox 63 1965 206 2013; x_wconf 86' lang='lat' dir='ltr'>fidem</span> <span class='ocrx_word' id='word_1_262' title='bbox 253 1971 325 2030; x_wconf 90' lang='lat' dir='ltr'>(ut</span> <span class='ocrx_word' id='word_1_263' title='bbox 346 1981 450 2016; x_wconf 86' lang='lat' dir='ltr'>ante</span> <span class='ocrx_word' id='word_1_264' title='bbox 489 1968 794 2029; x_wconf 82' lang='lat' dir='ltr'>narravimus)</span> <span class='ocrx_word' id='word_1_265' title='bbox 831 1967 1072 2015; x_wconf 76' lang='lat' dir='ltr'>cardinali</span> <span class='ocrx_word' id='word_1_266' title='bbox 1102 1969 1283 2021; x_wconf 85' lang='lat' dir='ltr'>datum,</span> <span class='ocrx_word' id='word_1_267' title='bbox 1317 1963 1404 2013; x_wconf 66' lang='lat' dir='ltr'>&#39;nec</span> <span class='ocrx_word' id='word_1_268' title='bbox 1442 1968 1860 2029; x_wconf 71' lang='lat' dir='ltr'>pollicitationibus</span> 
     </span>
     <span class='ocr_line' id='line_1_29' title="bbox 62 2030 1859 2098; baseline -0.001 -21"><span class='ocrx_word' id='word_1_269' title='bbox 62 2030 280 2086; x_wconf 83' lang='lat' dir='ltr'>hostiurn,</span> <span class='ocrx_word' id='word_1_270' title='bbox 303 2049 501 2096; x_wconf 84' lang='lat' dir='ltr'>quorum</span> <span class='ocrx_word' id='word_1_271' title='bbox 543 2035 658 2098; x_wconf 80' lang='lat' dir='ltr'>saepe</span> <span class='ocrx_word' id='word_1_272' title='bbox 680 2047 786 2081; x_wconf 89' lang='lat' dir='ltr'>ante</span> <span class='ocrx_word' id='word_1_273' title='bbox 808 2032 1063 2087; x_wconf 86' lang='lat' dir='ltr'>levitatem,</span> <span class='ocrx_word' id='word_1_274' title='bbox 1083 2035 1133 2082; x_wconf 67' lang='grc' dir='ltr'>ὃς</span> <span class='ocrx_word' id='word_1_275' title='bbox 1156 2032 1396 2095; x_wconf 86' lang='lat' dir='ltr'>perfidiam</span> <span class='ocrx_word' id='word_1_276' title='bbox 1435 2031 1776 2095; x_wconf 77' lang='lat' dir='ltr'>perspexerant,</span> <span class='ocrx_word' id='word_1_277' title='bbox 1804 2035 1859 2081; x_wconf 80' lang='lat' dir='ltr'>fi.</span> 
     </span>
     <span class='ocr_line' id='line_1_30' title="bbox 62 2094 1856 2160; baseline 0.002 -17"><span class='ocrx_word' id='word_1_278' title='bbox 62 2096 170 2143; x_wconf 89' lang='lat' dir='ltr'>dem</span> <span class='ocrx_word' id='word_1_279' title='bbox 193 2097 434 2155; x_wconf 87' lang='lat' dir='ltr'>haberent,</span> <span class='ocrx_word' id='word_1_280' title='bbox 455 2094 604 2147; x_wconf 84' lang='lat' dir='ltr'>nullas</span> <span class='ocrx_word' id='word_1_281' title='bbox 626 2098 934 2153; x_wconf 81' lang='lat' dir='ltr'>conditiones,</span> <span class='ocrx_word' id='word_1_282' title='bbox 958 2109 1038 2145; x_wconf 86' lang='lat' dir='ltr'>aut</span> <span class='ocrx_word' id='word_1_283' title='bbox 1068 2097 1351 2144; x_wconf 86' lang='lat' dir='ltr'>mentionem</span> <span class='ocrx_word' id='word_1_284' title='bbox 1375 2096 1501 2160; x_wconf 84' lang='lat' dir='ltr'>pacis</span> <span class='ocrx_word' id='word_1_285' title='bbox 1532 2097 1856 2146; x_wconf 80' lang='lat' dir='ltr'>admittebant.</span> 
     </span>
     <span class='ocr_line' id='line_1_31' title="bbox 63 2161 1859 2229; baseline 0.003 -22"><span class='ocrx_word' id='word_1_286' title='bbox 63 2161 136 2208; x_wconf 90' lang='lat' dir='ltr'>Ita</span> <span class='ocrx_word' id='word_1_287' title='bbox 158 2163 224 2209; x_wconf 88' lang='lat' dir='ltr'>eis</span> <span class='ocrx_word' id='word_1_288' title='bbox 241 2179 379 2226; x_wconf 87' lang='lat' dir='ltr'>aqua,</span> <span class='ocrx_word' id='word_1_289' title='bbox 407 2171 447 2211; x_wconf 73' lang='grc' dir='ltr'>δε</span> <span class='ocrx_word' id='word_1_290' title='bbox 471 2166 571 2229; x_wconf 87' lang='lat' dir='ltr'>igni</span> <span class='ocrx_word' id='word_1_291' title='bbox 590 2163 886 2211; x_wconf 64' lang='lat' dir='ltr'>interdictum</span> <span class='ocrx_word' id='word_1_292' title='bbox 910 2164 987 2210; x_wconf 92' lang='lat' dir='ltr'>est.</span> <span class='ocrx_word' id='word_1_293' title='bbox 1057 2163 1166 2210; x_wconf 90' lang='lat' dir='ltr'>Hoc</span> <span class='ocrx_word' id='word_1_294' title='bbox 1188 2165 1325 2225; x_wconf 69' lang='lat' dir='ltr'>paCto</span> <span class='ocrx_word' id='word_1_295' title='bbox 1355 2179 1423 2209; x_wconf 88' lang='lat' dir='ltr'>res</span> <span class='ocrx_word' id='word_1_296' title='bbox 1448 2163 1617 2224; x_wconf 86' lang='lat' dir='ltr'>partim</span> <span class='ocrx_word' id='word_1_297' title='bbox 1638 2163 1793 2218; x_wconf 79' lang='lat' dir='ltr'>miniS,</span> <span class='ocrx_word' id='word_1_298' title='bbox 1816 2170 1859 2213; x_wconf 83' lang='lat'>&amp;</span> 
     </span>
     <span class='ocr_line' id='line_1_32' title="bbox 60 2225 1859 2294; baseline 0.003 -22"><span class='ocrx_word' id='word_1_299' title='bbox 60 2225 277 2275; x_wconf 81' lang='lat' dir='ltr'>inanibus</span> <span class='ocrx_word' id='word_1_300' title='bbox 300 2230 485 2277; x_wconf 87' lang='lat' dir='ltr'>alterius</span> <span class='ocrx_word' id='word_1_301' title='bbox 508 2230 650 2294; x_wconf 86' lang='lat' dir='ltr'>partis</span> <span class='ocrx_word' id='word_1_302' title='bbox 675 2228 917 2292; x_wconf 75' lang='lat' dir='ltr'>promissis,</span> <span class='ocrx_word' id='word_1_303' title='bbox 951 2228 1119 2292; x_wconf 87' lang='lat' dir='ltr'>partim</span> <span class='ocrx_word' id='word_1_304' title='bbox 1143 2228 1340 2276; x_wconf 75' lang='lat' dir='ltr'>alterius</span> <span class='ocrx_word' id='word_1_305' title='bbox 1368 2228 1627 2275; x_wconf 81' lang='lat' dir='ltr'>diffidentia</span> <span class='ocrx_word' id='word_1_306' title='bbox 1661 2230 1859 2278; x_wconf 87' lang='lat' dir='ltr'>a-mense</span> 
     </span>
     <span class='ocr_line' id='line_1_33' title="bbox 66 2291 1698 2359; baseline 0.002 -21"><span class='ocrx_word' id='word_1_307' title='bbox 66 2291 202 2339; x_wconf 84' lang='lat' dir='ltr'>Maio</span> <span class='ocrx_word' id='word_1_308' title='bbox 226 2295 283 2340; x_wconf 85' lang='lat' dir='ltr'>ad</span> <span class='ocrx_word' id='word_1_309' title='bbox 303 2295 457 2343; x_wconf 60' lang='lat' dir='ltr'>Nona&gt;</span> <span class='ocrx_word' id='word_1_310' title='bbox 487 2296 625 2359; x_wconf 88' lang='lat' dir='ltr'>usque</span> <span class='ocrx_word' id='word_1_311' title='bbox 649 2294 932 2342; x_wconf 90' lang='lat' dir='ltr'>Novembris</span> <span class='ocrx_word' id='word_1_312' title='bbox 951 2295 1013 2341; x_wconf 90' lang='lat' dir='ltr'>est</span> <span class='ocrx_word' id='word_1_313' title='bbox 1042 2296 1261 2341; x_wconf 64' lang='lat' dir='ltr'>extracta.</span> <span class='ocrx_word' id='word_1_314' title='bbox 1667 2291 1698 2323; x_wconf 63' lang='lat'><strong>‘</strong></span> 
     </span>
    </p>

    <p class='ocr_par' dir='ltr' id='par_1_5' title="bbox 53 2357 1860 3209">
     <span class='ocr_line' id='line_1_34' title="bbox 128 2357 1856 2424; baseline 0.002 -20"><span class='ocrx_word' id='word_1_315' title='bbox 128 2358 309 2405; x_wconf 85' lang='lat' dir='ltr'>XLIII.</span> <span class='ocrx_word' id='word_1_316' title='bbox 347 2360 478 2408; x_wconf 82' lang='lat' dir='ltr'>Tum</span> <span class='ocrx_word' id='word_1_317' title='bbox 501 2377 610 2408; x_wconf 89' lang='lat' dir='ltr'>vero</span> <span class='ocrx_word' id='word_1_318' title='bbox 634 2361 805 2407; x_wconf 80' lang='lat' dir='ltr'>Prorex</span> <span class='ocrx_word' id='word_1_319' title='bbox 824 2365 863 2406; x_wconf 75' lang='grc' dir='ltr'>δε</span> <span class='ocrx_word' id='word_1_320' title='bbox 887 2358 1082 2424; x_wconf 81' lang='lat' dir='ltr'>Reginae</span> <span class='ocrx_word' id='word_1_321' title='bbox 1101 2358 1256 2406; x_wconf 87' lang='lat' dir='ltr'>viduae</span> <span class='ocrx_word' id='word_1_322' title='bbox 1297 2358 1578 2421; x_wconf 83' lang='lat' dir='ltr'>importunis</span> <span class='ocrx_word' id='word_1_323' title='bbox 1601 2357 1856 2423; x_wconf 81' lang='lat' dir='ltr'>flagitatio-</span> 
     </span>
     <span class='ocr_line' id='line_1_35' title="bbox 58 2420 1856 2488; baseline 0.002 -18"><span class='ocrx_word' id='word_1_324' title='bbox 58 2420 216 2478; x_wconf 87' lang='lat' dir='ltr'>nibus,</span> <span class='ocrx_word' id='word_1_325' title='bbox 243 2430 282 2471; x_wconf 87' lang='lat'>&amp;</span> <span class='ocrx_word' id='word_1_326' title='bbox 308 2424 595 2473; x_wconf 88' lang='lat' dir='ltr'>sacerdotum</span> <span class='ocrx_word' id='word_1_327' title='bbox 620 2426 895 2480; x_wconf 65' lang='lat' dir='ltr'>maledictis,</span> <span class='ocrx_word' id='word_1_328' title='bbox 921 2432 960 2472; x_wconf 85' lang='lat'>&amp;</span> <span class='ocrx_word' id='word_1_329' title='bbox 1000 2423 1214 2471; x_wconf 86' lang='lat' dir='ltr'>convitiis</span> <span class='ocrx_word' id='word_1_330' title='bbox 1237 2423 1460 2487; x_wconf 87' lang='lat' dir='ltr'>impulsus</span> <span class='ocrx_word' id='word_1_331' title='bbox 1483 2440 1610 2470; x_wconf 87' lang='lat' dir='ltr'>arma</span> <span class='ocrx_word' id='word_1_332' title='bbox 1631 2424 1818 2488; x_wconf 80' lang='lat' dir='ltr'>sumpsit</span> <span class='ocrx_word' id='word_1_333' title='bbox 1842 2444 1856 2474; x_wconf 71' lang='grc' dir='ltr'><strong><em>ε</em></strong></span> 
     </span>
     <span class='ocr_line' id='line_1_36' title="bbox 61 2489 1858 2554; baseline 0.003 -21"><span class='ocrx_word' id='word_1_334' title='bbox 61 2491 104 2534; x_wconf 75' lang='grc' dir='ltr'>δι</span> <span class='ocrx_word' id='word_1_335' title='bbox 127 2503 231 2535; x_wconf 87' lang='lat' dir='ltr'>arce</span> <span class='ocrx_word' id='word_1_336' title='bbox 253 2489 363 2536; x_wconf 88' lang='lat' dir='ltr'>totis</span> <span class='ocrx_word' id='word_1_337' title='bbox 387 2490 533 2538; x_wconf 89' lang='lat' dir='ltr'>tribus</span> <span class='ocrx_word' id='word_1_338' title='bbox 557 2491 785 2538; x_wconf 76' lang='lat' dir='ltr'>mensibus</span> <span class='ocrx_word' id='word_1_339' title='bbox 806 2489 1104 2544; x_wconf 72' lang='lat' dir='ltr'>circumsessa,</span> <span class='ocrx_word' id='word_1_340' title='bbox 1141 2489 1457 2552; x_wconf 84' lang='lat' dir='ltr'>machinisque</span> <span class='ocrx_word' id='word_1_341' title='bbox 1496 2489 1671 2553; x_wconf 85' lang='lat' dir='ltr'>pulsata</span> <span class='ocrx_word' id='word_1_342' title='bbox 1693 2505 1858 2554; x_wconf 85' lang='lat' dir='ltr'>quarto</span> 
     </span>
     <span class='ocr_line' id='line_1_37' title="bbox 62 2552 1860 2620; baseline 0.003 -22"><span class='ocrx_word' id='word_1_343' title='bbox 62 2552 251 2600; x_wconf 87' lang='lat' dir='ltr'>demum</span> <span class='ocrx_word' id='word_1_344' title='bbox 276 2555 426 2602; x_wconf 89' lang='lat' dir='ltr'>mense</span> <span class='ocrx_word' id='word_1_345' title='bbox 450 2556 689 2620; x_wconf 82' lang='lat' dir='ltr'>praecipite</span> <span class='ocrx_word' id='word_1_346' title='bbox 705 2555 802 2618; x_wconf 88' lang='lat' dir='ltr'>jam</span> <span class='ocrx_word' id='word_1_347' title='bbox 842 2555 995 2602; x_wconf 89' lang='lat' dir='ltr'>hieme</span> <span class='ocrx_word' id='word_1_348' title='bbox 1018 2573 1065 2602; x_wconf 91' lang='lat' dir='ltr'>re</span> <span class='ocrx_word' id='word_1_349' title='bbox 1087 2554 1259 2602; x_wconf 67' lang='lat' dir='ltr'>infecta</span> <span class='ocrx_word' id='word_1_350' title='bbox 1296 2556 1454 2618; x_wconf 88' lang='lat' dir='ltr'>copias</span> <span class='ocrx_word' id='word_1_351' title='bbox 1492 2554 1665 2602; x_wconf 74' lang='lat' dir='ltr'>dimisit</span> <span class='ocrx_word' id='word_1_352' title='bbox 1700 2570 1712 2601; x_wconf 76' lang='grc' dir='ltr'>τ’</span> <span class='ocrx_word' id='word_1_353' title='bbox 1734 2562 1774 2603; x_wconf 82' lang='lat'>&amp;</span> <span class='ocrx_word' id='word_1_354' title='bbox 1798 2558 1860 2604; x_wconf 84' lang='lat' dir='ltr'>ad</span> 
     </span>
     <span class='ocr_line' id='line_1_38' title="bbox 61 2620 1853 2684; baseline 0.003 -21"><span class='ocrx_word' id='word_1_355' title='bbox 61 2631 344 2667; x_wconf 86' lang='lat' dir='ltr'>conventum</span> <span class='ocrx_word' id='word_1_356' title='bbox 365 2634 471 2669; x_wconf 87' lang='lat' dir='ltr'>ante</span> <span class='ocrx_word' id='word_1_357' title='bbox 492 2622 719 2669; x_wconf 66' lang='lat' dir='ltr'>indictum</span> <span class='ocrx_word' id='word_1_358' title='bbox 743 2620 791 2668; x_wconf 88' lang='lat' dir='ltr'>in</span> <span class='ocrx_word' id='word_1_359' title='bbox 816 2622 1016 2668; x_wconf 85' lang='lat' dir='ltr'>mensem</span> <span class='ocrx_word' id='word_1_360' title='bbox 1029 2621 1331 2669; x_wconf 84' lang='lat' dir='ltr'>Februarium</span> <span class='ocrx_word' id='word_1_361' title='bbox 1349 2620 1692 2684; x_wconf 78' lang='lat' dir='ltr'>Edimburgum</span> <span class='ocrx_word' id='word_1_362' title='bbox 1710 2623 1853 2669; x_wconf 89' lang='lat' dir='ltr'>venit.</span> 
     </span>
     <span class='ocr_line' id='line_1_39' title="bbox 62 2683 1856 2749; baseline 0.003 -19"><span class='ocrx_word' id='word_1_363' title='bbox 62 2683 162 2744; x_wconf 82' lang='lat' dir='ltr'>Qi</span> <span class='ocrx_word' id='word_1_364' title='bbox 182 2700 335 2732; x_wconf 87' lang='lat' dir='ltr'>arcem</span> <span class='ocrx_word' id='word_1_365' title='bbox 359 2687 580 2735; x_wconf 90' lang='lat' dir='ltr'>tenebant</span> <span class='ocrx_word' id='word_1_366' title='bbox 595 2688 771 2734; x_wconf 89' lang='lat' dir='ltr'>interea</span> <span class='ocrx_word' id='word_1_367' title='bbox 790 2699 915 2734; x_wconf 88' lang='lat' dir='ltr'>metu</span> <span class='ocrx_word' id='word_1_368' title='bbox 933 2687 994 2742; x_wconf 17' lang='lat' dir='ltr'>*ab</span> <span class='ocrx_word' id='word_1_369' title='bbox 1013 2687 1137 2733; x_wconf 84' lang='lat' dir='ltr'>hoste</span> <span class='ocrx_word' id='word_1_370' title='bbox 1155 2686 1294 2734; x_wconf 85' lang='lat' dir='ltr'>liberi</span> <span class='ocrx_word' id='word_1_371' title='bbox 1317 2701 1409 2732; x_wconf 90' lang='lat' dir='ltr'>non</span> <span class='ocrx_word' id='word_1_372' title='bbox 1426 2685 1573 2732; x_wconf 83' lang='lat' dir='ltr'>solum</span> <span class='ocrx_word' id='word_1_373' title='bbox 1593 2686 1856 2749; x_wconf 77' lang='lat' dir='ltr'>frequentes</span> 
     </span>
     <span class='ocr_line' id='line_1_40' title="bbox 57 2747 1859 2816; baseline 0.003 -22"><span class='ocrx_word' id='word_1_374' title='bbox 57 2747 163 2795; x_wconf 84' lang='lat' dir='ltr'>loca</span> <span class='ocrx_word' id='word_1_375' title='bbox 196 2753 484 2799; x_wconf 87' lang='lat' dir='ltr'>excurrendo</span> <span class='ocrx_word' id='word_1_376' title='bbox 503 2753 657 2801; x_wconf 88' lang='lat' dir='ltr'>vicina</span> <span class='ocrx_word' id='word_1_377' title='bbox 679 2752 1059 2816; x_wconf 84' lang='lat' dir='ltr'>populationibus</span> <span class='ocrx_word' id='word_1_378' title='bbox 1093 2751 1290 2808; x_wconf 77' lang='lat' dir='ltr'>assiduis,</span> <span class='ocrx_word' id='word_1_379' title='bbox 1331 2755 1381 2801; x_wconf 85' lang='lat'>&amp;</span> <span class='ocrx_word' id='word_1_380' title='bbox 1405 2750 1546 2807; x_wconf 84' lang='lat' dir='ltr'>ferro,</span> <span class='ocrx_word' id='word_1_381' title='bbox 1576 2751 1859 2815; x_wconf 83' lang='lat' dir='ltr'>flammaque</span> 
     </span>
     <span class='ocr_line' id='line_1_41' title="bbox 61 2814 1851 2882; baseline 0.003 -23"><span class='ocrx_word' id='word_1_382' title='bbox 61 2814 298 2863; x_wconf 75' lang='lat' dir='ltr'>vastabant</span> <span class='ocrx_word' id='word_1_383' title='bbox 324 2829 334 2863; x_wconf 68' lang='grc' dir='ltr'>ὲ</span> <span class='ocrx_word' id='word_1_384' title='bbox 383 2817 457 2864; x_wconf 89' lang='lat' dir='ltr'>sed</span> <span class='ocrx_word' id='word_1_385' title='bbox 478 2829 696 2882; x_wconf 87' lang='lat' dir='ltr'>tanquam</span> <span class='ocrx_word' id='word_1_386' title='bbox 721 2817 860 2865; x_wconf 88' lang='lat' dir='ltr'>armis</span> <span class='ocrx_word' id='word_1_387' title='bbox 882 2829 1013 2881; x_wconf 85' lang='lat' dir='ltr'>parta</span> <span class='ocrx_word' id='word_1_388' title='bbox 1033 2816 1222 2864; x_wconf 86' lang='lat' dir='ltr'>licentia</span> <span class='ocrx_word' id='word_1_389' title='bbox 1243 2817 1291 2865; x_wconf 90' lang='lat' dir='ltr'>in</span> <span class='ocrx_word' id='word_1_390' title='bbox 1331 2817 1500 2880; x_wconf 84' lang='lat' dir='ltr'>stupra,</span> <span class='ocrx_word' id='word_1_391' title='bbox 1525 2821 1575 2866; x_wconf 68' lang='grc' dir='ltr'>ἓξ</span> <span class='ocrx_word' id='word_1_392' title='bbox 1609 2818 1851 2873; x_wconf 74' lang='lat' dir='ltr'>adulteria,</span> 
     </span>
     <span class='ocr_line' id='line_1_42' title="bbox 56 2878 1855 2946; baseline 0.003 -22"><span class='ocrx_word' id='word_1_393' title='bbox 56 2878 240 2942; x_wconf 81' lang='lat' dir='ltr'>aliaque</span> <span class='ocrx_word' id='word_1_394' title='bbox 262 2881 506 2930; x_wconf 89' lang='lat' dir='ltr'>hominurn</span> <span class='ocrx_word' id='word_1_395' title='bbox 545 2884 651 2930; x_wconf 92' lang='lat' dir='ltr'>ocio</span> <span class='ocrx_word' id='word_1_396' title='bbox 672 2883 1008 2931; x_wconf 86' lang='lat' dir='ltr'>abundantium</span> <span class='ocrx_word' id='word_1_397' title='bbox 1031 2882 1145 2928; x_wconf 87' lang='lat' dir='ltr'>vitia</span> <span class='ocrx_word' id='word_1_398' title='bbox 1165 2883 1335 2946; x_wconf 86' lang='lat' dir='ltr'>profufi</span> <span class='ocrx_word' id='word_1_399' title='bbox 1354 2882 1448 2944; x_wconf 66' lang='lat' dir='ltr'>jur»,</span> <span class='ocrx_word' id='word_1_400' title='bbox 1488 2885 1537 2931; x_wconf 70' lang='grc' dir='ltr'>δε</span> <span class='ocrx_word' id='word_1_401' title='bbox 1567 2898 1753 2945; x_wconf 82' lang='lat' dir='ltr'>aequum</span> <span class='ocrx_word' id='word_1_402' title='bbox 1778 2884 1855 2931; x_wconf 86' lang='lat' dir='ltr'>sua</span> 
     </span>
     <span class='ocr_line' id='line_1_43' title="bbox 55 2943 1856 3012; baseline 0 -21"><span class='ocrx_word' id='word_1_403' title='bbox 55 2943 257 2993; x_wconf 84' lang='lat' dir='ltr'>libidine</span> <span class='ocrx_word' id='word_1_404' title='bbox 281 2948 604 2997; x_wconf 86' lang='lat' dir='ltr'>metiebantur.</span> <span class='ocrx_word' id='word_1_405' title='bbox 648 2953 719 3011; x_wconf 85' lang='lat'>(2)</span> <span class='ocrx_word' id='word_1_406' title='bbox 745 2949 850 2996; x_wconf 88' lang='lat' dir='ltr'>Nec</span> <span class='ocrx_word' id='word_1_407' title='bbox 872 2950 1123 3012; x_wconf 82' lang='lat' dir='ltr'>(3)Ioanne</span> <span class='ocrx_word' id='word_1_408' title='bbox 1141 2948 1445 3011; x_wconf 75' lang='lat' dir='ltr'>Knoxio,qui</span> <span class='ocrx_word' id='word_1_409' title='bbox 1469 2959 1567 2994; x_wconf 89' lang='lat' dir='ltr'>tum</span> <span class='ocrx_word' id='word_1_410' title='bbox 1590 2949 1648 2993; x_wconf 88' lang='lat' dir='ltr'>ad</span> <span class='ocrx_word' id='word_1_411' title='bbox 1671 2964 1748 2995; x_wconf 86' lang='lat' dir='ltr'>eos</span> <span class='ocrx_word' id='word_1_412' title='bbox 1772 2950 1856 2996; x_wconf 87' lang='lat' dir='ltr'>ad-</span> 
     </span>
     <span class='ocr_line' id='line_1_44' title="bbox 57 3012 1852 3078; baseline 0.003 -23"><span class='ocrx_word' id='word_1_413' title='bbox 57 3024 264 3067; x_wconf 90' lang='lat' dir='ltr'>venerat,</span> <span class='ocrx_word' id='word_1_414' title='bbox 289 3014 450 3061; x_wconf 81' lang='lat' dir='ltr'>crebro</span> <span class='ocrx_word' id='word_1_415' title='bbox 474 3015 771 3069; x_wconf 80' lang='lat' dir='ltr'>admonente,</span> <span class='ocrx_word' id='word_1_416' title='bbox 789 3015 947 3061; x_wconf 90' lang='lat' dir='ltr'>Deum</span> <span class='ocrx_word' id='word_1_417' title='bbox 967 3029 1063 3060; x_wconf 51' lang='lat' dir='ltr'>&lt;non</span> <span class='ocrx_word' id='word_1_418' title='bbox 1086 3012 1286 3069; x_wconf 88' lang='lat' dir='ltr'>irrideri,</span> <span class='ocrx_word' id='word_1_419' title='bbox 1307 3013 1381 3060; x_wconf 87' lang='lat' dir='ltr'>sed</span> <span class='ocrx_word' id='word_1_420' title='bbox 1396 3029 1558 3078; x_wconf 87' lang='lat' dir='ltr'>graves</span> <span class='ocrx_word' id='word_1_421' title='bbox 1572 3028 1682 3059; x_wconf 82' lang='lat' dir='ltr'>mox</span> <span class='ocrx_word' id='word_1_422' title='bbox 1697 3031 1852 3076; x_wconf 82' lang='lat' dir='ltr'>poenas</span> 
     </span>
     <span class='ocr_line' id='line_1_45' title="bbox 58 3076 1854 3143; baseline 0.003 -22"><span class='ocrx_word' id='word_1_423' title='bbox 58 3089 143 3137; x_wconf 86' lang='lat' dir='ltr'>per</span> <span class='ocrx_word' id='word_1_424' title='bbox 162 3091 261 3133; x_wconf 91' lang='lat' dir='ltr'>eos,</span> <span class='ocrx_word' id='word_1_425' title='bbox 285 3094 313 3125; x_wconf 89' lang='lat' dir='ltr'>a</span> <span class='ocrx_word' id='word_1_426' title='bbox 333 3078 502 3143; x_wconf 85' lang='lat' dir='ltr'>quibus</span> <span class='ocrx_word' id='word_1_427' title='bbox 526 3079 718 3127; x_wconf 88' lang='lat' dir='ltr'>minime</span> <span class='ocrx_word' id='word_1_428' title='bbox 741 3080 826 3127; x_wconf 87' lang='lat' dir='ltr'>fibi</span> <span class='ocrx_word' id='word_1_429' title='bbox 859 3079 1104 3132; x_wconf 87' lang='lat' dir='ltr'>timebant,</span> <span class='ocrx_word' id='word_1_430' title='bbox 1146 3079 1204 3126; x_wconf 88' lang='lat' dir='ltr'>de</span> <span class='ocrx_word' id='word_1_431' title='bbox 1227 3078 1324 3125; x_wconf 60' lang='lat' dir='ltr'>suae‘</span> <span class='ocrx_word' id='word_1_432' title='bbox 1338 3078 1456 3142; x_wconf 83' lang='lat' dir='ltr'>legis</span> <span class='ocrx_word' id='word_1_433' title='bbox 1479 3076 1854 3142; x_wconf 75' lang='lat' dir='ltr'>profanatoribus</span> 
     </span>
     <span class='ocr_line' id='line_1_46' title="bbox 53 3140 1568 3209; baseline 0.003 -23"><span class='ocrx_word' id='word_1_434' title='bbox 53 3140 366 3203; x_wconf 73' lang='lat' dir='ltr'>expetiturum</span> <span class='ocrx_word' id='word_1_435' title='bbox 393 3163 405 3192; x_wconf 90' lang='lat'><strong>:</strong></span> <span class='ocrx_word' id='word_1_436' title='bbox 440 3161 467 3192; x_wconf 90' lang='lat' dir='ltr'>a</span> <span class='ocrx_word' id='word_1_437' title='bbox 488 3144 676 3209; x_wconf 79' lang='lat' dir='ltr'>flagitiis</span> <span class='ocrx_word' id='word_1_438' title='bbox 696 3159 849 3193; x_wconf 87' lang='lat' dir='ltr'>tamen</span> <span class='ocrx_word' id='word_1_439' title='bbox 873 3143 1101 3192; x_wconf 87' lang='lat' dir='ltr'>contineri</span> <span class='ocrx_word' id='word_1_440' title='bbox 1126 3141 1198 3206; x_wconf 84' lang='lat'>(2)</span> <span class='ocrx_word' id='word_1_441' title='bbox 1222 3161 1316 3191; x_wconf 90' lang='lat' dir='ltr'>non</span> <span class='ocrx_word' id='word_1_442' title='bbox 1338 3156 1568 3208; x_wconf 87' lang='lat' dir='ltr'>poterant.</span> 
     </span>
    </p>

    <p class='ocr_par' dir='ltr' id='par_1_6' title="bbox 55 3207 1852 3404">
     <span class='ocr_line' id='line_1_47' title="bbox 124 3207 1851 3273; baseline 0.002 -21"><span class='ocrx_word' id='word_1_443' title='bbox 124 3207 301 3255; x_wconf 86' lang='lat' dir='ltr'><strong>XLIV.</strong></span> <span class='ocrx_word' id='word_1_444' title='bbox 334 3210 504 3257; x_wconf 84' lang='lat' dir='ltr'>Praeter</span> <span class='ocrx_word' id='word_1_445' title='bbox 533 3210 622 3257; x_wconf 93' lang='lat' dir='ltr'>hoc</span> <span class='ocrx_word' id='word_1_446' title='bbox 644 3211 963 3267; x_wconf 86' lang='lat' dir='ltr'>domesticum,</span> <span class='ocrx_word' id='word_1_447' title='bbox 999 3214 1041 3256; x_wconf 87' lang='lat'>&amp;</span> <span class='ocrx_word' id='word_1_448' title='bbox 1063 3207 1241 3273; x_wconf 8' lang='lat' dir='ltr'>inpipfis</span> <span class='ocrx_word' id='word_1_449' title='bbox 1265 3209 1510 3256; x_wconf 87' lang='lat' dir='ltr'>visceribus</span> <span class='ocrx_word' id='word_1_450' title='bbox 1533 3210 1729 3273; x_wconf 79' lang='lat' dir='ltr'>graffans</span> <span class='ocrx_word' id='word_1_451' title='bbox 1754 3226 1851 3256; x_wconf 88' lang='lat' dir='ltr'>ma-</span> 
     </span>
     <span class='ocr_line' id='line_1_48' title="bbox 55 3269 1852 3338; baseline 0.001 -21"><span class='ocrx_word' id='word_1_452' title='bbox 55 3269 173 3325; x_wconf 88' lang='lat' dir='ltr'>lum,</span> <span class='ocrx_word' id='word_1_453' title='bbox 197 3273 374 3321; x_wconf 85' lang='lat' dir='ltr'>acceffit</span> <span class='ocrx_word' id='word_1_454' title='bbox 392 3281 430 3320; x_wconf 74' lang='grc' dir='ltr'>δι</span> <span class='ocrx_word' id='word_1_455' title='bbox 455 3274 632 3322; x_wconf 91' lang='lat' dir='ltr'>bellum</span> <span class='ocrx_word' id='word_1_456' title='bbox 653 3287 913 3324; x_wconf 78' lang='lat' dir='ltr'>externum.</span> <span class='ocrx_word' id='word_1_457' title='bbox 968 3273 1116 3338; x_wconf 86' lang='lat' dir='ltr'>Angli</span> <span class='ocrx_word' id='word_1_458' title='bbox 1132 3275 1257 3322; x_wconf 88' lang='lat' dir='ltr'>enim</span> <span class='ocrx_word' id='word_1_459' title='bbox 1280 3275 1484 3322; x_wconf 63' lang='lat' dir='ltr'>collectis</span> <span class='ocrx_word' id='word_1_460' title='bbox 1506 3274 1652 3338; x_wconf 84' lang='lat' dir='ltr'>copiis</span> <span class='ocrx_word' id='word_1_461' title='bbox 1677 3274 1852 3320; x_wconf 74' lang='lat' dir='ltr'>Solvae-</span> 
     </span>
     <span class='ocr_line' id='line_1_49' title="bbox 57 3337 1849 3404; baseline 0.002 -22"><span class='ocrx_word' id='word_1_462' title='bbox 57 3351 135 3382; x_wconf 83' lang='lat' dir='ltr'>um</span> <span class='ocrx_word' id='word_1_463' title='bbox 155 3337 411 3401; x_wconf 78' lang='lat' dir='ltr'>transgreffi.</span> <span class='ocrx_word' id='word_1_464' title='bbox 428 3340 585 3404; x_wconf 86' lang='lat' dir='ltr'>longe,</span> <span class='ocrx_word' id='word_1_465' title='bbox 606 3340 790 3404; x_wconf 69' lang='lat' dir='ltr'>lateque</span> <span class='ocrx_word' id='word_1_466' title='bbox 813 3343 880 3389; x_wconf 85' lang='lat' dir='ltr'>sui</span> <span class='ocrx_word' id='word_1_467' title='bbox 903 3353 1122 3390; x_wconf 85' lang='lat' dir='ltr'>terrorem</span> <span class='ocrx_word' id='word_1_468' title='bbox 1142 3339 1386 3388; x_wconf 86' lang='lat' dir='ltr'>fuderant:</span> <span class='ocrx_word' id='word_1_469' title='bbox 1410 3356 1496 3388; x_wconf 88' lang='lat' dir='ltr'>nec</span> <span class='ocrx_word' id='word_1_470' title='bbox 1513 3338 1700 3403; x_wconf 69' lang='lat' dir='ltr'>praedis,</span> <span class='ocrx_word' id='word_1_471' title='bbox 1724 3338 1849 3385; x_wconf 76' lang='lat' dir='ltr'>&amp;in-</span> 
     </span>
    </p>
   </div>
   <div class='ocr_carea' id='block_1_3' title="bbox 34 3466 1918 3738">
    <p class='ocr_par' dir='ltr' id='par_1_7' title="bbox 34 3466 1918 3738">
     <span class='ocr_line' id='line_1_50' title="bbox 115 3466 1918 3525; baseline 0.001 -18"><span class='ocrx_word' id='word_1_472' title='bbox 115 3466 183 3519; x_wconf 82' lang='lat'>(1)</span> <span class='ocrx_word' id='word_1_473' title='bbox 213 3468 309 3506; x_wconf 86' lang='lat' dir='ltr'>Find</span> <span class='ocrx_word' id='word_1_474' title='bbox 326 3467 477 3506; x_wconf 80' lang='lat' dir='ltr'>cantion</span> <span class='ocrx_word' id='word_1_475' title='bbox 496 3478 534 3507; x_wconf 91' lang='lat' dir='ltr'>to</span> <span class='ocrx_word' id='word_1_476' title='bbox 552 3471 708 3521; x_wconf 80' lang='lat' dir='ltr'>underly</span> <span class='ocrx_word' id='word_1_477' title='bbox 725 3471 792 3510; x_wconf 85' lang='lat' dir='ltr'>the</span> <span class='ocrx_word' id='word_1_478' title='bbox 809 3474 899 3512; x_wconf 85' lang='lat' dir='ltr'>law.</span> <span class='ocrx_word' id='word_1_479' title='bbox 1038 3472 1103 3524; x_wconf 85' lang='lat'>(3)</span> <span class='ocrx_word' id='word_1_480' title='bbox 1132 3473 1219 3510; x_wconf 67' lang='lat' dir='ltr'>Mn</span> <span class='ocrx_word' id='word_1_481' title='bbox 1233 3472 1339 3525; x_wconf 84' lang='lat' dir='ltr'>John</span> <span class='ocrx_word' id='word_1_482' title='bbox 1359 3474 1490 3517; x_wconf 83' lang='lat' dir='ltr'>Knox,</span> <span class='ocrx_word' id='word_1_483' title='bbox 1510 3483 1555 3507; x_wconf 81' lang='lat' dir='ltr'>an</span> <span class='ocrx_word' id='word_1_484' title='bbox 1575 3469 1695 3518; x_wconf 72' lang='lat' dir='ltr'>happy</span> <span class='ocrx_word' id='word_1_485' title='bbox 1714 3468 1850 3506; x_wconf 80' lang='lat' dir='ltr'>instru-</span> <span class='ocrx_word' id='word_1_486' title='bbox 1915 3507 1918 3509; x_wconf 17' lang='grc' dir='ltr'><strong>Α</strong></span> 
     </span>
     <span class='ocr_line' id='line_1_51' title="bbox 111 3521 1848 3574; baseline 0 -14"><span class='ocrx_word' id='word_1_487' title='bbox 111 3523 176 3571; x_wconf 88' lang='lat'>(2)</span> <span class='ocrx_word' id='word_1_488' title='bbox 206 3524 292 3560; x_wconf 89' lang='lat' dir='ltr'>Duo</span> <span class='ocrx_word' id='word_1_489' title='bbox 313 3523 484 3571; x_wconf 76' lang='lat' dir='ltr'>negativa</span> <span class='ocrx_word' id='word_1_490' title='bbox 518 3525 614 3574; x_wconf 87' lang='lat' dir='ltr'>apud</span> <span class='ocrx_word' id='word_1_491' title='bbox 635 3526 805 3573; x_wconf 73' lang='lat' dir='ltr'>Gvaecos,</span> <span class='ocrx_word' id='word_1_492' title='bbox 827 3541 925 3565; x_wconf 83' lang='lat' dir='ltr'>non·</span> <span class='ocrx_word' id='word_1_493' title='bbox 981 3535 1089 3564; x_wconf 84' lang='lat' dir='ltr'>ment</span> <span class='ocrx_word' id='word_1_494' title='bbox 1119 3526 1163 3564; x_wconf 89' lang='lat' dir='ltr'>of</span> <span class='ocrx_word' id='word_1_495' title='bbox 1175 3526 1241 3564; x_wconf 84' lang='lat' dir='ltr'>the</span> <span class='ocrx_word' id='word_1_496' title='bbox 1261 3527 1503 3564; x_wconf 75' lang='lat' dir='ltr'>reformation</span> <span class='ocrx_word' id='word_1_497' title='bbox 1524 3523 1567 3560; x_wconf 86' lang='lat' dir='ltr'>of</span> <span class='ocrx_word' id='word_1_498' title='bbox 1587 3522 1746 3569; x_wconf 78' lang='lat' dir='ltr'>religion</span> <span class='ocrx_word' id='word_1_499' title='bbox 1769 3521 1848 3572; x_wconf 83' lang='lat' dir='ltr'>(af-</span> 
     </span>
     <span class='ocr_line' id='line_1_52' title="bbox 58 3575 1849 3628; baseline 0.001 -14"><span class='ocrx_word' id='word_1_500' title='bbox 58 3587 252 3625; x_wconf 80' lang='lat' dir='ltr'>nnnquam</span> <span class='ocrx_word' id='word_1_501' title='bbox 287 3585 324 3614; x_wconf 89' lang='lat' dir='ltr'>et</span> <span class='ocrx_word' id='word_1_502' title='bbox 343 3579 436 3625; x_wconf 86' lang='lat' dir='ltr'>apud</span> <span class='ocrx_word' id='word_1_503' title='bbox 467 3577 622 3615; x_wconf 86' lang='lat' dir='ltr'>Latinos</span> <span class='ocrx_word' id='word_1_504' title='bbox 662 3578 926 3619; x_wconf 84' lang='lat' dir='ltr'>vehementius</span> <span class='ocrx_word' id='word_1_505' title='bbox 979 3588 1037 3617; x_wconf 88' lang='lat' dir='ltr'>ter</span> <span class='ocrx_word' id='word_1_506' title='bbox 1055 3580 1135 3618; x_wconf 86' lang='lat' dir='ltr'>Mr.</span> <span class='ocrx_word' id='word_1_507' title='bbox 1157 3581 1306 3628; x_wconf 82' lang='lat' dir='ltr'>George</span> <span class='ocrx_word' id='word_1_508' title='bbox 1336 3577 1566 3625; x_wconf 53' lang='lat' dir='ltr'>wifentur)</span> <span class='ocrx_word' id='word_1_509' title='bbox 1586 3575 1672 3616; x_wconf 83' lang='lat' dir='ltr'>who</span> <span class='ocrx_word' id='word_1_510' title='bbox 1698 3584 1734 3613; x_wconf 83' lang='lat' dir='ltr'>at</span> <span class='ocrx_word' id='word_1_511' title='bbox 1769 3576 1849 3615; x_wconf 81' lang='lat' dir='ltr'>this</span> 
     </span>
     <span class='ocr_line' id='line_1_53' title="bbox 34 3630 1438 3687; baseline 0.004 -22"><span class='ocrx_word' id='word_1_512' title='bbox 34 3640 210 3678; x_wconf 69' lang='lat' dir='ltr'>‘neganr,</span> <span class='ocrx_word' id='word_1_513' title='bbox 245 3630 328 3667; x_wconf 88' lang='lat' dir='ltr'>vide</span> <span class='ocrx_word' id='word_1_514' title='bbox 348 3631 415 3668; x_wconf 86' lang='lat' dir='ltr'>lib.</span> <span class='ocrx_word' id='word_1_515' title='bbox 435 3644 580 3681; x_wconf 45' lang='lat' dir='ltr'>neap*</span> <span class='ocrx_word' id='word_1_516' title='bbox 604 3644 652 3681; x_wconf 82' lang='lat'>23</span> <span class='ocrx_word' id='word_1_517' title='bbox 665 3659 674 3668; x_wconf 90' lang='lat'><em>.</em></span> <span class='ocrx_word' id='word_1_518' title='bbox 692 3632 762 3678; x_wconf 81' lang='lat' dir='ltr'>lib.</span> <span class='ocrx_word' id='word_1_519' title='bbox 780 3644 922 3686; x_wconf 21' lang='lat' dir='ltr'>20vcap,</span> <span class='ocrx_word' id='word_1_520' title='bbox 978 3634 1074 3676; x_wconf 77' lang='lat' dir='ltr'>time</span> <span class='ocrx_word' id='word_1_521' title='bbox 1093 3635 1209 3687; x_wconf 67' lang='lat' dir='ltr'>began</span> <span class='ocrx_word' id='word_1_522' title='bbox 1229 3642 1267 3673; x_wconf 89' lang='lat' dir='ltr'>to</span> <span class='ocrx_word' id='word_1_523' title='bbox 1286 3632 1438 3686; x_wconf 73' lang='lat' dir='ltr'>preach.</span> 
     </span>
     <span class='ocr_line' id='line_1_54' title="bbox 57 3683 1085 3738; baseline 0.009 -16"><span class='ocrx_word' id='word_1_524' title='bbox 57 3692 123 3732; x_wconf 79' lang='lat'>24.</span> <span class='ocrx_word' id='word_1_525' title='bbox 139 3683 288 3735; x_wconf 74' lang='lat' dir='ltr'>Dialog.</span> <span class='ocrx_word' id='word_1_526' title='bbox 309 3686 353 3725; x_wconf 85' lang='lat' dir='ltr'>de</span> <span class='ocrx_word' id='word_1_527' title='bbox 373 3697 502 3735; x_wconf 81' lang='lat' dir='ltr'>regno,</span> <span class='ocrx_word' id='word_1_528' title='bbox 520 3697 600 3738; x_wconf 72' lang='lat' dir='ltr'>cap.</span> <span class='ocrx_word' id='word_1_529' title='bbox 622 3685 687 3728; x_wconf 87' lang='lat'>68.</span> <span class='ocrx_word' id='word_1_530' title='bbox 1082 3711 1085 3717; x_wconf 91' lang='lat'>·</span> 
     </span>
    </p>
   </div>
   <div class='ocr_carea' id='block_1_4' title="bbox 1742 3750 1849 3783">
    <p class='ocr_par' dir='ltr' id='par_1_8' title="bbox 1742 3750 1849 3783">
     <span class='ocr_line' id='line_1_55' title="bbox 1742 3750 1849 3783; baseline 0.019 -1"><span class='ocrx_word' id='word_1_531' title='bbox 1742 3750 1849 3783; x_wconf 65' lang='lat' dir='ltr'>{23ss-</span> 
     </span>
    </p>
   </div>
  </div>
 </body>
</html>
