1992 3801
145 158 276 229 344
459 145 821 215 RERUM
910 150 1606 223 Sco‘rtcaRUM

204 238 405 287 XXXII.
437 239 563 288 Inter
582 243 663 290 hos
694 244 808 290 aulae
837 260 983 291 mores
1011 245 1124 291 ordo
1144 248 1460 296 ecclesiasticus
1483 251 1626 297 nihilo
1645 251 1834 302 sanciius
1855 268 1908 304 a.

140 305 296 366 gebat.
339 305 544 366 Qanvis
563 308 685 353 enim
711 308 837 362 luxu,
864 314 901 354 Sc
922 309 1107 355 avaritia
1122 309 1218 370 jam
1242 313 1409 359 multos
1433 331 1573 361 annos
1594 317 1790 363 ccclefiae
1818 322 1908 366 mi-

142 366 266 412 nistri
296 367 581 424 laborassent,
611 371 877 417 remanserat
912 384 1062 418 tamen
1088 373 1235 420 adhuc
1266 375 1431 437 species
1464 380 1674 439 quaedam
1707 382 1908 446 antiquae

140 430 393 493 gravitatis,
428 451 529 496 quae
571 441 609 480 δε
642 434 839 481 stimulos
862 434 1014 482 literas
1046 437 1319 484 discentibus
1343 442 1547 495 adderet,
1575 449 1613 489 δι
1639 445 1720 507 qni
1748 445 1794 492 in
1818 448 1908 504 dis-

138 495 288 542 cendo
308 497 611 559 profecissent,
638 499 758 559 spem
784 500 1082 546 emolumenti
1106 503 1170 548 eis
1201 498 1423 563 injiceret.
1460 505 1766 569 Eligebantur
1785 512 1910 558 enirn

138 558 352 621 Episcopi
371 561 397 607 a
417 561 623 623 collegiis
649 564 1005 617 Canonicorum‚
1032 569 1070 611 δε
1095 566 1444 614 Coenobiarchce
1476 585 1500 614 a
1523 570 1607 616 suis
1637 572 1861 621 sodalibus
1893 594 1905 622 ι

139 635 242 671 tum>
261 640 411 671 autem
436 626 622 681 aulicos,
652 627 733 688 qni
752 627 892 690 Regis
923 628 1143 685 animum,
1173 636 1211 676 δι
1235 648 1363 678 aures
1390 628 1677 688 obsederant,
1702 636 1816 684 lucri
1839 639 1907 685 os-

138 699 310 735 tentata
327 689 613 753 magnitudo,
635 697 675 737 &
694 708 868 745 eorum,
892 693 1059 754 quibus
1082 711 1185 741 cum
1209 706 1434 742 certamen
1455 697 1574 752 esset,
1594 700 1830 754 infirmitas
1849 705 1907 749 eo

138 752 273 800 facile
289 754 521 816 perduxit.
543 767 592 800 ut
614 756 733 818 Regi
751 756 1000 812 suaderent,
1021 775 1078 803 ne
1100 776 1191 805 rem
1213 759 1325 806 tanti
1345 762 1643 809 emolumenti
1667 780 1799 823 penes
1819 766 1904 814 hoa

136 818 282 864 mines
321 816 644 881 ignavifiimos,
669 823 718 867 ὃς
741 822 798 867 ad
823 821 995 867 nullam
1017 823 1079 868 rei
1104 823 1301 886 publicae
1323 838 1499 886 partem
1530 828 1838 888 capessendam
1865 831 1905 877 i-

135 882 306 929 doneos
323 884 407 928 effe
428 884 611 929 sineret:
636 883 705 930 sed
727 886 988 946 potestatem
1001 886 1266 949 designandi
1283 905 1397 949 quos
1413 890 1568 946 vellet,
1583 891 1640 937 ad
1656 893 1696 938 se
1719 909 1905 941 revoca<

134 959 218 1005 ret.
286 947 399 993 Inde
422 947 542 992 enim
572 962 661 993 non
694 948 976 1002 defuturum,
1003 952 1120 995 unde
1148 955 1196 998 &c
1220 966 1508 998 contumaces
1536 955 1816 1014 reprimeret,
1849 963 1900 1008 δε

134 1009 298 1058 dubios
320 1011 546 1057 retineret.
573 1016 612 1057 Sc
657 1011 772 1057 bene
792 1012 962 1058 meritis
983 1014 1175 1075 gratiam
1214 1015 1416 1061 referret.
1443 1029 1446 1034 ’
1484 1017 1624 1064 Nunc
1645 1031 1797 1066 autem
1822 1039 1904 1082 pea-

135 1091 215 1125 nes
233 1075 363 1138 vulgi
385 1075 540 1121 faecem
565 1075 776 1130 honores,
800 1082 839 1123 δι
860 1092 969 1136 opes
987 1079 1088 1131 effe,
1113 1094 1202 1124 non
1217 1077 1365 1124 minus
1388 1079 1435 1125 in
1459 1081 1655 1143 publicis
1678 1086 1905 1132 neceffitaa

132 1139 257 1186 tibus
279 1155 455 1201 parem,
478 1155 615 1202 quam
639 1140 684 1186 in
708 1138 963 1187 domesticis
988 1142 1299 1204 voluptatibus
1333 1144 1555 1205 profusos.
1625 1147 1785 1195 Unum
1808 1151 1902 1197 Re-

131 1220 237 1268 gem
261 1205 591 1264 esseoportere,
611 1205 656 1250 in
677 1221 813 1266 quem
833 1200 1041 1252 omnium
1064 1207 1184 1252 oculi
1208 1207 1292 1253 sint
1314 1206 1478 1254 intenti
1500 1227 1511 1256 :
1533 1227 1670 1270 penes
1689 1225 1825 1273 quem
1847 1215 1901 1261 fit

127 1273 183 1318 ὃς
204 1267 445 1329 puniendi,
471 1273 510 1314 δε
529 1268 809 1331 ignoscendi,
836 1274 875 1316 &
898 1271 1218 1317 remunerandi
1257 1271 1464 1318 facultas.
1534 1275 1653 1321 Cum
1673 1276 1761 1332 his,
1783 1284 1822 1324 δε
1847 1278 1902 1324 fi-

130 1332 318 1379 milibus
349 1328 672 1379 blandimentis
694 1335 834 1398 Regis
855 1334 1058 1380 animum
1082 1348 1212 1382 aetate
1234 1334 1482 1390 infirmum,
1511 1354 1594 1385 nec
1616 1339 1716 1386 satis
1738 1342 1900 1388 adver—

129 1398 198 1445 sus
218 1394 456 1458 pecuniam
479 1397 678 1452 firmum,
703 1403 743 1444 δε
762 1412 900 1460 prava
920 1399 1242 1447 consuetudine
1263 1400 1604 1458 labefactatum,
1629 1409 1669 1449 <Sc
1693 1404 1719 1449 a
1740 1414 1900 1454 natura

128 1478 328 1527 pronum
356 1462 412 1507 ad
435 1460 666 1508 licentiam
687 1460 734 1509 in
757 1463 877 1509 suam
901 1463 1165 1511 sententiam
1191 1464 1515 1526 pertraxissent,
1540 1467 1759 1514 continuo
1782 1486 1900 1516 nova

129 1544 279 1575 rerum
298 1525 435 1573 facies
459 1543 538 1588 per
556 1538 700 1573 totum
720 1543 911 1590 regnum
931 1529 1091 1583 oritur,
1108 1529 1239 1575 rebus
1263 1528 1475 1576 omnibus
1496 1543 1585 1577 tam
1609 1532 1738 1578 sacris
1756 1533 1897 1595 quam

129 1591 331 1656 profanis
355 1590 401 1636 in
425 1591 570 1637 aulam
596 1592 723 1638 velut
746 1592 803 1637 ad
825 1592 1055 1654 publicam
1080 1592 1457 1639 nundinationem
1482 1597 1736 1658 propositi&

195 1655 424 1704 XXXIII.
459 1653 681 1702 Patricius
715 1668 866 1702 autem
907 1657 1125 1711 Gramus,
1157 1657 1238 1720 qui
1271 1659 1632 1720 praecipitantem
1664 1661 1896 1709 ecclesiam

124 1734 246 1768 unus
266 1719 396 1767 velut
410 1719 753 1774 sufflaminabat‚
776 1721 878 1766 cum
900 1720 1100 1768 inimicis
1118 1721 1272 1767 omnia
1291 1720 1418 1776 domi
1436 1723 1712 1779 tenentibus,
1734 1727 1897 1772 Romae

127 1786 318 1849 aliquot
338 1799 479 1830 annos
502 1783 769 1839 subsedisset,
806 1784 972 1832 certior
1002 1803 1083 1848 per
1103 1784 1271 1832 amicos
1304 1785 1464 1842 faetus,
1498 1789 1661 1850 quoin
1683 1791 1793 1837 statu
1826 1807 1897 1838 res

126 1852 282 1904 essent,
306 1848 447 1895 fretus
465 1847 805 1910 propinquitate
828 1849 989 1914 Regis,
1013 1866 1037 1896 e
1059 1849 1184 1911 cujus
1208 1849 1346 1896 amita
1366 1868 1533 1914 magna
1554 1865 1682 1899 natus
1701 1867 1813 1908 erat,
1838 1853 1894 1903 ad

126 1915 224 1962 suos
248 1911 394 1961 redire
417 1911 565 1959 statuit
587 1930 598 1959 ε
624 1919 664 1958 &
685 1925 732 1959 ut
753 1913 930 1961 animos
953 1914 1189 1961 hominum
1214 1927 1506 1977 pertentaret,
1526 1915 1732 1979 diploma
1753 1920 1810 1965 de
1829 1920 1897 1966 le·

123 1977 312 2044 gatione
331 1977 575 2040 impetrata
597 1973 827 2039 praemifit,
849 1984 888 2025 δε
906 1979 1290 2042 promulgandum
1312 1980 1500 2033 curavit,
1516 1981 1665 2028 mense
1688 1982 1897 2044 Septemz-

125 2044 212 2098 bri,
234 2041 341 2089 anni
362 2058 376 2089 1
394 2060 461 2105 47
479 2059 521 2088 2.
543 2058 645 2104 quae
667 2058 735 2087 res
756 2048 795 2089 δε
815 2058 1028 2107 magnam
1048 2043 1089 2090 ei
1110 2043 1325 2089 invidiam
1348 2043 1493 2090 statim
1514 2045 1744 2092 conflavit.
1769 2048 1893 2096 Nam

123 2109 207 2172 qui
225 2108 508 2155 redemerant
526 2107 575 2153 in
598 2107 700 2152 aula
721 2105 915 2154 honores
938 2107 1270 2162 ecclesiasticos,
1297 2125 1353 2154 ne
1375 2109 1594 2171 praedam,
1616 2113 1665 2157 ὃς
1689 2112 1894 2172 precium

128 2173 261 2221 simul
282 2171 558 2226 amitterent,
583 2172 847 2219 metuebant
868 2190 879 2218 ε
913 2174 961 2220 &
984 2171 1064 2236 qui
1083 2172 1202 2234 spem
1227 2173 1456 2220 'crescendi
1477 2190 1533 2219 ex
1555 2173 1702 2220 aulica
1723 2175 1897 2222 nundi-

126 2238 314 2286 natione
334 2245 654 2298 conceperant,
690 2234 866 2283 aditum
890 2236 973 2282 fibi
995 2236 1164 2283 obstrui
1196 2237 1430 2284 dolebant.
1499 2239 1612 2285 Nec
1631 2238 1781 2285 minus
1804 2240 1895 2287 fre·

125 2302 282 2362 mebat
300 2318 355 2348 ea
375 2297 528 2356 fafiio,
550 2316 655 2363 quae
677 2299 923 2348 sacerdotia
945 2302 1223 2348 mercenario
1241 2303 1399 2364 questu
1422 2302 1448 2348 a
1471 2304 1600 2366 Rege
1620 2301 1894 2366 impetrave-

123 2379 244 2422 rant,
274 2366 349 2412 vel
369 2365 612 2429 impetrata
634 2364 732 2412 aliis
753 2364 1079 2419 divendebant,
1111 2383 1167 2413 ne
1189 2383 1331 2429 genus
1358 2368 1471 2413 illud
1494 2366 1608 2413 lucri
1633 2369 1657 2414 ἐ
1679 2368 1892 2416 manibus

122 2430 390 2494 eriperetur.
457 2429 526 2477 Hi
545 2445 702 2476 ornnes
722 2430 1037 2492 conjuratione
1054 2430 1171 2478 faCta
1193 2430 1444 2478 maledictis
1466 2431 1709 2478 Patricium
1733 2433 1892 2481 absen-

123 2507 216 2541 tem
235 2506 441 2550 onerant,
459 2501 497 2541 &
522 2492 567 2540 in
581 2492 776 2557 Regiam
790 2495 971 2542 collecti
993 2507 1247 2558 queruntur
1267 2496 1437 2542 vetusta
1461 2496 1679 2557 majorum
1698 2496 1820 2556 jura,
1847 2504 1889 2546 Sc

123 2559 324 2608 recentia
349 2558 533 2623 *Regum
556 2557 705 2605 edicta
725 2558 902 2613 violari,
927 2575 978 2606 ac
1000 2561 1145 2606 multa
1166 2559 1370 2605 universo
1389 2577 1531 2622 regno
1553 2560 1766 2607 damnosa
1808 2570 1890 2623 per

121 2623 428 2673 Romanenses
449 2622 616 2687 agitari
645 2641 656 2669 z
684 2639 879 2686 quorum
903 2623 1089 2670 libidini
1107 2623 1187 2670 nisi
1210 2624 1384 2671 mature
1413 2623 1599 2670 obviam
1621 2637 1764 2679 eatur,
1789 2626 1888 2673 Re-

124 2705 231 2752 gem
255 2687 383 2736 brevi
403 2687 451 2734 ih
473 2686 681 2734 ordinem
705 2684 934 2734 redactum
957 2687 1031 2743 iri,
1056 2693 1094 2735 &
1118 2705 1256 2751 penes
1278 2689 1381 2734 illos
1403 2687 1608 2735 omnium
1632 2698 1780 2735 rerum
1805 2707 1890 2752 poe

124 2755 326 2814 ‘testatem
361 2752 472 2799 sore.
541 2752 596 2798 Id
631 2751 886 2815 periculum
913 2764 963 2800 ut
990 2753 1309 2816 praevenirent,
1345 2769 1400 2799 ex
1422 2753 1606 2800 decreto
1634 2753 1808 2801 confilii
1830 2751 1892 2802 ad

124 2817 370 2864 Patricium
392 2817 469 2864 vix
490 2815 596 2863 navi
617 2817 835 2879 egressum
860 2816 988 2872 misfi,
1013 2816 1094 2880 qui
1115 2828 1335 2871 vetarent,
1361 2833 1417 2863 ne
1439 2817 1579 2864 ullam
1603 2816 1668 2864 sui
1689 2818 1890 2866 muneris

159 2893 298 2928 artem
321 2881 581 2945 attingeret,
607 2881 753 2928 donec
785 2882 886 2928 Rex
908 2882 966 2928 de
988 2880 1285 2944 querimoniis
1308 2881 1513 2928 adversus
1536 2897 1640 2927 eum
1663 2882 1720 2928 ad
1743 2882 1784 2928 se
1806 2883 1890 2929 de-

122 2897 226 2992 fatis
247 2945 553 3008 cognosceret.
620 2941 734 2992 Dies
751 2943 889 3001 dieta,
915 2957 965 2993 ut
985 2945 1262 3009 Edimburgi
1278 2945 1443 2992 adesset
1460 2946 1516 2992 ad
1539 2944 1764 2993 Calendas
1783 2947 1889 2993 No-

116 3008 348 3055 vembres.
406 3011 584 3057 Interea
605 3024 710 3056 cum
733 3004 889 3064 amici,
923 3014 973 3061 &
994 3009 1245 3073 propinqui
1267 3010 1604 3064 confirmarent,
1644 3000 1815 3074 Regem
1836 3010 1890 3061 in.

123 3083 216 3119 tam
231 3071 345 3132 justa
357 3074 589 3121 causanon
606 3073 818 3136 iniquum
837 3072 1104 3138 fore,idque
1121 3091 1177 3122 ex
1194 3073 1451 3120 rumoribus
1470 3073 1652 3121 adversa
1665 3073 1802 3121 salitio
1814 3080 1888 3122 res

120 3135 280 3190 sciffet,
316 3136 474 3199 Regis,
509 3142 560 3188 ὃς
596 3137 846 3186 aulicorum
869 3138 1045 3186 animos
1068 3148 1246 3204 magnae
1275 3129 1482 3202 pecuniae
1511 3137 1798 3201 pr‘omissione
1819 3138 1886 3186 ita

123 3200 209 3256 fibi
229 3198 450 3255 devinxit,
475 3213 524 3249 ut
546 3214 778 3266 nunquam
796 3202 1200 3251 deindePatricius
1224 3219 1356 3266 aequo
1371 3202 1474 3263 jure
1495 3218 1599 3251 cum
1623 3202 1884 3250 adversariis

120 3264 398 3313 contendere
420 3265 636 3327 potuerit.
704 3268 758 3315 In
780 3280 1058 3315 conventum
1078 3267 1247 3330 accitus
1270 3283 1376 3314 cum
1397 3267 1651 3330 diplomata
1671 3265 1885 3330 protulis-

119 3329 202 3386 set,
221 3329 254 3376 ’ἐ
265 3327 432 3393 quibus
450 3329 703 3376 'ostenderet
724 3331 768 3377 se
787 3331 814 3377 ὲ·
839 3333 1061 3382 Romano·
1091 3331 1314 3379 Pontifice
1364 3331 1776 3399 Archiepistopum
1798 3331 1886 3378 Fa-

118 3393 170 3441 ni
191 3393 408 3460 Andrqae,
426 3391 668 3457 primatem
691 3394 873 3449 Scotiae,
893 3398 944 3446 ὃς
964 3396 1169 3460 legatum
1186 3396 1244 3442 ad
1261 3392 1604 3442 ecclesiasticum
1628 3396 1788 3442 statum
1805 3403 1880 3453 osr—

116 3457 374 3506 dinanffu‘m
395 3456 444 3503 in
467 3456 711 3503 triennium
725 3470 945 3512 creatum,
969 3476 996 3505 a
1017 3448 1270 3510 minoribus
1288 3459 1475 3522 quidem
1493 3457 1794 3508 sacerdotibus
1812 3455 1903 3502 sat-¹
1954 3508 1957 3511 ,

117 3521 177 3568 tis
201 3522 333 3584 aequ'o
355 3521 510 3568 animo
530 3520 592 3567 est
612 3519 807 3568 auditus.
849 3522 1128 3586 Gaudebant
1146 3525 1273 3572 enim
1291 3536 1456 3570 munus
1472 3530 1565 3570 'tam
1587 3518 1882 3570 neceffariunt

119 3584 221 3633 viro
243 3585 383 3644 beno,
406 3588 458 3640 ὃς
477 3582 659 3636 erudito
679 3583 978 3635 commissum
1048 3587 1139 3638 Sec}
1173 3587 1226 3637 hi
1263 3587 1390 3636 meta
1427 3586 1646 3651 potentiae
1666 3581 1884 3695 aliorum}

1799 3652 1859 3711 ξιξ]
