1992 3801
152 156 284 204 222
459 136 823 204 RER‘UM
914 138 1601 207 Seorxcaxum

153 251 256 282 mor
275 232 520 293 oriebatur,
542 237 600 284 eo
621 236 713 284 fine
745 235 906 285 ordine
923 235 1316 286 concurrentibus.
1381 238 1503 286 Cum
1525 254 1635 286 vero
1656 237 1717 288 ad
1733 234 1919 303 'primos

153 299 486 355 ventumeffet,
525 301 774 348 audiebant
803 301 849 347 in
893 300 1022 346 causa
1051 300 1137 359 effe
1169 316 1346 356 cervos,
1368 303 1448 364 qui
1471 303 1655 365 strepitu
1677 303 1919 353 hominum

152 363 346 410 excitati
361 380 444 428 per
463 364 646 421 ericeta,
672 371 713 412 δε
734 365 912 428 aspectu
934 363 1176 410 hominum
1197 366 1436 415 conterriti
1457 369 1636 430 magnis
1659 367 1920 432 agminibus

151 427 273 475 inter
288 427 495 482 cohortes
519 429 841 477 discurrebant.
910 428 1125 474 Tandem
1155 427 1278 475 circa
1310 427 1545 491 vesperum
1566 433 1625 479 ad
1645 431 1765 480 vada
1783 431 1927 480 'rinae

154 490 371 548 fluminis,
392 509 473 555 per
493 509 596 557 quae
619 493 744 540 Scoti
766 492 1046 546 transierant,
1067 508 1250 556 quaque
1268 508 1344 540 eos
1363 492 1510 557 Angli
1528 495 1754 544 redituros
1775 495 1926 559 spera-

153 556 282 613 bant,-
320 557 497 621 equites
536 558 627 604 fine
647 556 803 620 pedite
825 568 1142 620 pervenerant,
1183 573 1236 604 ac
1268 557 1358 605 sole
1392 558 1633 606 occidente
1655 561 1926 614 transierunt

152 621 268 674 saxis
303 621 531 677 rotundiS,
556 638 610 668 ac
644 621 831 669 lubricis
855 638 960 685 quae
995 622 1159 669 fluvius
1183 622 1344 678 volvit,
1368 639 1511 685 equos
1536 637 1704 688 magna
1720 624 1926 676 molestia

152 685 473 733 afficientibuS.
516 686 783 734 Accedebat·
802 668 860 733 ad
883 685 974 733 alia
992 685 1304 745 incommoda,
1324 688 1451 751 qubd
1467 687 1554 735 rari
1576 689 1650 749 (ι)
1676 687 1926 739 ferramen-

151 762 201 797 ta
220 750 387 814 quibus
412 751 715 815 lignarentur.
749 750 997 798 habebant.
1065 752 1228 815 Itaque
1257 768 1351 799 non
1383 763 1562 800 tantum
1585 753 1677 800 fine
1699 755 1925 811 tentoriis,

150 816 303 876 (nulla
321 815 447 862 enim
467 817 731 875 attulerant)
755 816 830 862 sed
851 816 942 863 fine
961 815 1178 882 tuguriis,
1202 817 1293 865 fine
1316 815 1449 879 palis,
1474 817 1528 865 ad
1553 834 1669 881 quos
1691 834 1834 881 equos
1856 821 1926 868 al-
1975 847 1977 850 .

148 878 366 943 ligarent,
385 880 608 943 permenii
620 878 790 943 viginti
805 881 911 927 ofito
929 879 1076 927 millia
1091 881 1295 944 passuum
1315 897 1368 927 ea
1384 882 1518 929 nocte
1533 880 1583 928 in
1602 881 1696 929 solo
1711 883 1837 930 nudo
1852 901 1937 932 ar·

151 943 285 999 mati,
305 960 620 1007 equorumque
638 943 801 1006 fraenps
818 945 960 991 altera
982 961 1121 990 manu
1143 956 1348 990 tenentes
1368 945 1478 991 decu
1487 943 1698 992 buerunt.
1766 947 1926 997 Primo

151 1024 287 1056 mane
306 1011 411 1054 cuni
449 1007 695 1062 diluxisset,
727 1007 842 1055 tanti
862 1007 1031 1054 imbres
1054 1006 1342 1063 deciderunt,
1368 1021 1420 1055 ut
1442 1008 1618 1056 modici
1641 1021 1861 1058 torrentes
1879 1029 1928 1060 e-

150 1074 272 1136 quis,
300 1072 651 1135 hominibusque
683 1073 823 1121 essent
841 1071 1058 1135 imper-vii
1082 1089 1094 1119 ι
1130 1087 1188 1119 ex
1210 1072 1383 1119 rusticis
1406 1073 1524 1120 forte
1546 1073 1834 1135 deprehensis
1853 1075 1926 1124 in-

154 1138 372 1201 telligunt
389 1138 490 1186 loca
508 1137 662 1184 vicina
694 1137 786 1185 late
808 1136 989 1193 sterilia,
1025 1142 1066 1184 δε
1088 1136 1263 1184 inculta
1283 1155 1295 1184 :
1330 1153 1480 1201 neque
1502 1139 1624 1187 unde
1644 1137 1928 1189 commeatus

150 1213 334 1265 petatur
354 1201 605 1266 quicquam
626 1201 814 1266 propius
837 1201 978 1266 quam
999 1202 1192 1249 Novum
1214 1203 1422 1257 castrum,
1447 1204 1498 1252 ὅτ
1519 1203 1783 1251 Carleolum
1801 1206 1885 1253 ess‘e
1911 1224 1925 1254 ε

152 1283 350 1330 quorum
366 1268 457 1313 hoc
482 1266 653 1332 viginti
674 1279 889 1329 quatuor,
914 1267 1034 1314 illud
1055 1265 1248 1330 triginta
1268 1265 1416 1313 millia
1437 1267 1641 1330 passuum
1662 1267 1841 1316 abess‘et.
1879 1271 1925 1317 J-

149 1332 279 1394 gitur
293 1348 349 1378 eo
366 1331 500 1378 miffis
515 1332 756 1394 jumentis,
779 1335 831 1382 δί
852 1330 1082 1385 ministris,
1106 1331 1280 1378 interea
1303 1330 1470 1395 gladiis
1491 1329 1744 1395 lignantur,
1775 1334 1926 1396 palos-

153 1413 245 1458 que
266 1395 502 1460 illigandis
525 1397 673 1460 equis,
705 1395 999 1461 fruticesque,
1041 1402 1080 1444 δι
1105 1395 1360 1443 arbusculas
1382 1396 1440 1443 ad
1463 1395 1631 1443 casulas
1654 1398 1925 1445 extruendas

147 1473 427 1524 congerunt,
451 1478 649 1524 quorum
674 1461 914 1519 frondibus
937 1478 1079 1525 equos
1102 1460 1290 1525 pascunt
1311 1478 1322 1508 ε
1358 1477 1552 1524 eamque
1573 1462 1753 1508 nostem
1775 1461 1842 1509 ibi
1853 1462 1930 1523 je·

146 1524 252 1586 juni
274 1539 436 1589 agunt.
504 1526 670 1573 Tertia
692 1526 878 1574 demum
901 1526 1003 1573 luce
1022 1525 1103 1588 qui
1125 1524 1237 1572 miffi
1256 1526 1316 1571 ad
1347 1524 1520 1589 oppida
1539 1537 1668 1573 erant
1686 1526 1926 1588 paululum

153 1603 436 1637 commeatus
458 1590 649 1654 quisque
671 1590 757 1638 suis
782 1590 951 1638 attulit.
1021 1590 1196 1653 Qi'ex
1217 1589 1392 1653 oppido
1426 1588 1541 1637 lucri
1563 1589 1692 1637 causa
1712 1602 1840 1638 erant
1861 1590 1929 1639 se·

150 1654 248 1701 cuti
268 1672 433 1718 panem
451 1655 660 1717 quidem,
676 1661 714 1702 δε
739 1655 915 1708 vinum,
938 1655 1014 1701 sed
1037 1671 1120 1701 nec
1144 1656 1361 1708 multum,
1387 1670 1472 1701 nec
1493 1654 1690 1718 probum
1712 1668 1928 1718 apporta·

153 1731 262 1766 runt
287 1738 297 1766 z
334 1719 432 1779 ejus
457 1719 581 1766 enim
606 1732 732 1766 tanta
753 1720 943 1783 penuria
960 1732 1072 1775 erat,
1097 1731 1146 1766 ut
1167 1718 1428 1766 certaminis
1453 1718 1603 1765 causas
1622 1719 1728 1782 ipsis
1748 1719 1868 1767 inter
1884 1720 1928 1769 se

151 1784 394 1845 praeberet.
463 1783 541 1829 Ad
562 1785 680 1831 hanc
702 1801 852 1831 rerum
885 1784 1095 1831 omnium
1132 1783 1340 1846 inopiam
1377 1783 1622 1831 accedente
1647 1783 1851 1838 molestia
1869 1801 1928 1832 ex

150 1848 378 1896 imbribus
393 1848 623 1895 continuis
637 1864 741 1896 cum
764 1849 933 1912 septem
955 1848 1052 1896 dies
1075 1848 1282 1913 egiss'ent,
1294 1864 1346 1895 ac
1364 1846 1585 1911 ephippia
1602 1847 1927 1905 madescerent,

153 1924 375 1976 tergaque
407 1928 634 1976 equorum
660 1913 928 1968 ulcerarent,
951 1913 1129 1978 ipsique
1150 1913 1198 1959 in
1220 1911 1415 1960 vestibus
1440 1912 1606 1966 uvidis,
1632 1928 1684 1958 ac
1703 1911 1928 1976 plaerique

151 1979 316 2024 armati
337 1976 450 2031 dies,
476 1976 717 2040 noelesque
747 1990 952 2042 agerent,
981 1994 1064 2025 nec
1081 1978 1212 2042 ignes
1236 1976 1262 2024 ὲ
1284 1976 1474 2024 materia
1493 1975 1651 2031 viridi,
1671 1981 1711 2023 δε
1734 1976 1792 2022 ab
1809 1993 1930 2041 aqua

149 2042 311 2104 pluvia
329 2042 541 2089 madente
562 2042 752 2090 accendi
772 2044 961 2106 possent,
987 2045 1148 2090 ostavo
1170 2043 1357 2090 demum
1378 2041 1455 2087 die
1475 2040 1730 2095 decretum,
1757 2052 1808 2088 ut
1829 2041 1929 2104 sep-

152 2114 245 2153 tem
269 2107 417 2154 millia
436 2107 641 2168 paffuum
678 2106 878 2171 superius
901 2106 1214 2154 commodiore
1249 2105 1370 2152 vado
1392 2105 1559 2153 flumen
1585 2104 1732 2152 rursus
1771 2106 1930 2153 tranfi-

150 2183 255 2218 rent
278 2189 290 2217 ε
322 2171 399 2219 sed
422 2176 463 2217 δι
485 2170 553 2217 ibi
582 2188 715 2219 amne
736 2171 961 2220 imbribus
982 2173 1115 2218 aufito
1133 2168 1343 2234 pluribus
1370 2168 1419 2232 in
1443 2167 1716 2217 transeundo
1736 2169 1930 2226 vexatis,

153 2236 390 2283 nonnullis
421 2235 600 2291 amissiS,
628 2237 708 2284 ubi
742 2236 942 2299 primum
966 2234 1278 2288 constiterunt,
1304 2234 1507 2282 edietum
1548 2247 1597 2280 ut
1631 2232 1714 2296 qui
1751 2247 1928 2282 certum

152 2300 374 2346 nuncium
401 2300 480 2346 ubi
501 2301 709 2348 locorum
731 2302 869 2348 effent
891 2300 1018 2348 Scoti
1039 2299 1269 2354 attulisset,
1295 2315 1462 2362 magna
1482 2297 1672 2361 praemia
1701 2298 1890 2345 referret
1913 2314 1927 2343 τ

155 2364 299 2410 biduo
323 2365 535 2427 proximo
557 2381 660 2411 curn
684 2365 771 2412 iter
792 2383 874 2427 per
894 2366 997 2412 loca
1016 2365 1152 2418 vasta,
1174 2370 1216 2411 Sc
1243 2362 1502 2410 recentibus
1522 2361 1750 2409 incendiis
1781 2361 1929 2411 foeda-

153 2441 201 2475 ta
221 2429 327 2475 effet
348 2429 507 2492 pabuli
530 2429 651 2485 satis,
665 2428 738 2477 sed
757 2430 950 2478 aliorum
969 2441 1310 2477 commeatuum
1327 2443 1418 2476 non
1439 2427 1554 2474 adeo
1577 2425 1778 2474 multum
1793 2443 1925 2490 repe-

152 2504 293 2539 riunt.
701 2521 713 2533 s
1793 2548 1796 2551 ,

217 2558 346 2604 LIV.
389 2559 568 2619 Qarto
589 2558 777 2604 demum
797 2556 873 2604 die
896 2573 1011 2604 unus
1034 2557 1058 2604 ὲ
1081 2555 1346 2621 quindecim
1365 2554 1632 2618 juvenibus,
1663 2554 1748 2618 qui
1764 2555 1929 2619 explo-
1952 2586 1954 2588 >

152 2634 303 2668 ratum
322 2621 547 2678 exierant,
579 2622 734 2668 retulit
756 2624 914 2669 Scotos
932 2621 1111 2669 circiter
1133 2620 1220 2667 tria
1251 2621 1398 2668 millia
1418 2619 1617 2684 paffuum
1642 2620 1701 2666 ab
1722 2620 1925 2670 exercitu

135 2683 413 2748 'Anglorum
438 2687 599 2741 abess'e‚
625 2703 678 2732 ac
705 2686 924 2747 proximis
959 2689 1064 2732 0610
1096 2685 1259 2732 diebus
1283 2685 1412 2747 :eque
1444 2685 1642 2732 incertos
1666 2682 1790 2731 fuisse
1811 2685 1927 2747 quid

154 2746 300 2814 Angli
316 2762 520 2814 agerent,
545 2763 681 2814 atque
698 2750 770 2796 illi
791 2751 848 2798 de
867 2750 1000 2815 rebus
1021 2749 1238 2811 ipsorum.
1305 2750 1415 2796 Hoc
1437 2748 1478 2796 se
1497 2765 1582 2812 pro
1605 2762 1730 2795 certo
1748 2750 1923 2804 afferre,

157 2828 207 2859 ut
228 2815 309 2876 qui
338 2827 496 2877 captus
520 2814 547 2861 a
583 2814 730 2861 Scotis
765 2815 928 2869 fuisset,
953 2831 1005 2861 ac
1028 2815 1117 2862 fine
1139 2812 1296 2877 precio
1317 2813 1518 2860 dimissus
1541 2830 1594 2860 ea
1614 2814 1735 2875 lege,
1762 2824 1810 2859 ut
1832 2812 1925 2862 sme

155 2893 284 2924 mora
306 2878 426 2941 Regi
455 2879 690 2926 nunciaret
711 2895 787 2926 eos
815 2879 911 2941 ejus
944 2879 1194 2926 adventum
1218 2877 1320 2924 illic
1341 2879 1657 2941 expediatur-os
1685 2894 1695 2922 :
1733 2892 1816 2923 nec
1839 2877 1928 2923 mi-

153 2955 267 2987 nore
288 2942 539 3004 cupiditate
560 2943 818 3005 pugnandi,
841 2941 981 3005 quam
1005 2943 1138 2990 illum
1161 2940 1323 2990 teneri.
1351 2983 1356 2986 Α
1391 2942 1499 2988 Hoc
1521 2939 1692 2988 nuncio
1725 2952 1946 3004 accaeptO.
1965 2952 1972 2957 ’

157 3005 284 3065 signa
304 3007 534 3053 consistere
558 3009 657 3054 Rex
676 3006 826 3068 jubet,
844 3023 1087 3069 equorum,
1102 3006 1402 3068 ¹virorumque
1424 3021 1615 3068 corpora
1631 3004 1795 3057 curari,
1812 3009 1852 3053 &
1871 3005 1929 3051 ad

163 3069 378 3115 ultimum
403 3084 630 3118 certamen
654 3072 778 3117 arma
800 3069 1064 3134 animosque
1083 3086 1240 3132 parare
1260 3088 1272 3117 ε
1293 3068 1460 3116 deinde
1483 3068 1664 3132 triplice
1686 3067 1783 3115 acie
1804 3069 1931 3122 lento

153 3134 300 3195 gradu
321 3132 495 3179 hostem-
518 3134 663 3180 versus
687 3134 996 3197 progreditur.
1064 3134 1165 3183 Ubi
1188 3133 1319 3181 alteri
1351 3132 1504 3193 alteris
1525 3131 1763 3196 conspicui
1783 3131 1934 3186 fuere,

154 3195 284 3242 Scoti
304 3209 390 3243 tres
413 3196 531 3243 acies
554 3196 743 3243 seorsum
768 3198 816 3244 in
839 3198 961 3245 clivo
978 3198 1042 3244 ita
1064 3200 1276 3252 struxere,
1301 3208 1352 3244 ut
1369 3194 1621 3250 de‘xteram,
1647 3202 1687 3243 δε
1711 3197 1927 3244 sinistram

152 3276 288 3323 rupes
319 3259 581 3324 praecipites
616 3261 897 3316 clauderent,
922 3262 1043 3308 unde
1076 3256 1222 3308 hostes
1259 3260 1501 3308 subeuntes
1523 3260 1756 3324 lapidibus
1788 3259 1923 3307 obrui

151 3326 344 3387 possent.
385 3361 388 3363 Α
410 3323 487 3370 Ad
503 3323 682 3370 'radices
705 3325 834 3370 collis
863 3325 1067 3385 objeEtus
1099 3338 1196 3373 erat
1218 3323 1383 3388 Anglis
1405 3324 1593 3387 rapidus
1615 3335 1790 3372 torrens
1812 3340 1932 3387 pras·

152 3387 403 3450 grandibus
416 3386 601 3441 saxis‚&
619 3387 827 3434 rotundis
845 3389 912 3434 ita
931 3387 1201 3450 impeditus,
1216 3402 1266 3438 ut
1285 3405 1437 3453 neque
1457 3388 1640 3436 transire
1661 3388 1720 3435 ad
1734 3387 1936 3440 hostem,¹

152 3468 239 3499 nec
259 3451 338 3499 ubi
360 3451 622 3505 transilient,
637 3449 678 3498 se
696 3449 898 3514 recipere
919 3451 1011 3499 fine
1030 3463 1152 3499 certa
1169 3452 1375 3517 pernicie
1395 3453 1606 3518 possent«
1655 3451 1801 3516 Angli
1821 3465 1931 3497 cum

210 3568 270 3616 (r)
300 3571 409 3611 Axes
429 3568 653 3622 for‘cuttiug
669 3567 805 3619 timber
823 3568 881 3610 for
897 3567 997 3609 their
1021 3576 1144 3624 tenta.

1827 3655 1932 3706 per-
