<?xml version="1.0" encoding="UTF-8"?>
<!DOCTYPE html PUBLIC "-//W3C//DTD XHTML 1.0 Transitional//EN"
    "http://www.w3.org/TR/xhtml1/DTD/xhtml1-transitional.dtd">
<html xmlns="http://www.w3.org/1999/xhtml" xml:lang="en" lang="en">
 <head>
  <title>
</title>
<meta http-equiv="Content-Type" content="text/html;charset=utf-8" />
  <meta name='ocr-system' content='tesseract 3.04.00' />
  <meta name='ocr-capabilities' content='ocr_page ocr_carea ocr_par ocr_line ocrx_word'/>
</head>
<body>
  <div class='ocr_page' id='page_1' title='image "./rerumscoticarumh01buch_0151.png"; bbox 0 0 2045 3857; ppageno 0'>
   <div class='ocr_carea' id='block_1_1' title="bbox 517 178 1840 257">
    <p class='ocr_par' dir='ltr' id='par_1_1' title="bbox 517 178 1840 257">
     <span class='ocr_line' id='line_1_1' title="bbox 517 178 1840 257; baseline -0.005 -10"><span class='ocrx_word' id='word_1_1' title='bbox 517 179 849 249; x_wconf 78' lang='lat' dir='ltr'>LIBER</span> <span class='ocrx_word' id='word_1_2' title='bbox 939 178 1352 246; x_wconf 80' lang='lat' dir='ltr'>SEXTUS.</span> <span class='ocrx_word' id='word_1_3' title='bbox 1723 196 1840 257; x_wconf 55' lang='lat'>1323</span> 
     </span>
    </p>
   </div>
   <div class='ocr_carea' id='block_1_2' title="bbox 166 459 1852 565">
    <p class='ocr_par' dir='ltr' id='par_1_2' title="bbox 166 459 1852 565">
     <span class='ocr_line' id='line_1_2' title="bbox 166 459 1852 565; baseline -0.002 -13"><span class='ocrx_word' id='word_1_4' title='bbox 166 500 1300 565; x_wconf 34' lang='lat' dir='ltr'>fflfflmssssssmmssmmssmmss-</span> <span class='ocrx_word' id='word_1_5' title='bbox 1446 515 1514 550; x_wconf 35' lang='grc' dir='ltr'>μ</span> <span class='ocrx_word' id='word_1_6' title='bbox 1587 459 1852 552; x_wconf 54' lang='lat' dir='ltr'>QQQ&amp;</span> 
     </span>
    </p>
   </div>
   <div class='ocr_carea' id='block_1_3' title="bbox 115 545 232 569">
    <p class='ocr_par' dir='ltr' id='par_1_3' title="bbox 115 545 232 569">
     <span class='ocr_line' id='line_1_3' title="bbox 115 545 232 569; baseline 0 0"><span class='ocrx_word' id='word_1_7' title='bbox 115 545 232 569; x_wconf 55' lang='lat'>³22-</span> 
     </span>
    </p>
   </div>
   <div class='ocr_carea' id='block_1_4' title="bbox 103 659 1779 962">
    <p class='ocr_par' dir='ltr' id='par_1_4' title="bbox 103 659 1779 962">
     <span class='ocr_line' id='line_1_4' title="bbox 103 659 1680 776; baseline -0.008 -37"><span class='ocrx_word' id='word_1_8' title='bbox 103 773 106 776; x_wconf 73' lang='lat'>,</span> <span class='ocrx_word' id='word_1_9' title='bbox 239 664 699 739; x_wconf 82' lang='lat' dir='ltr'>RERUM</span> <span class='ocrx_word' id='word_1_10' title='bbox 799 659 1680 729; x_wconf 86' lang='lat' dir='ltr'>SCOTICARUM</span> 
     </span>
     <span class='ocr_line' id='line_1_5' title="bbox 140 838 1779 962; baseline -0.008 -16"><span class='ocrx_word' id='word_1_11' title='bbox 140 852 238 946; x_wconf 85' lang='lat' dir='ltr'>H</span> <span class='ocrx_word' id='word_1_12' title='bbox 386 849 448 957; x_wconf 75' lang='grc' dir='ltr'>Ι,</span> <span class='ocrx_word' id='word_1_13' title='bbox 573 847 636 938; x_wconf 87' lang='lat' dir='ltr'>S</span> <span class='ocrx_word' id='word_1_14' title='bbox 775 838 1112 938; x_wconf 90' lang='lat' dir='ltr'>To</span> <span class='ocrx_word' id='word_1_15' title='bbox 1255 841 1350 934; x_wconf 89' lang='lat' dir='ltr'>R</span> <span class='ocrx_word' id='word_1_16' title='bbox 1489 841 1554 962; x_wconf 25' lang='lat'>1„</span> <span class='ocrx_word' id='word_1_17' title='bbox 1679 842 1779 935; x_wconf 87' lang='lat' dir='ltr'><strong>A</strong></span> 
     </span>
    </p>
   </div>
   <div class='ocr_carea' id='block_1_5' title="bbox 247 1028 1686 1090">
    <p class='ocr_par' dir='ltr' id='par_1_5' title="bbox 247 1028 1686 1090">
     <span class='ocr_line' id='line_1_6' title="bbox 247 1028 1686 1090; baseline -0.003 0"><span class='ocrx_word' id='word_1_18' title='bbox 247 1037 467 1090; x_wconf 66' lang='lat' dir='ltr'>AucCtore</span> <span class='ocrx_word' id='word_1_19' title='bbox 524 1032 904 1088; x_wconf 70' lang='lat' dir='ltr'>Gnonc1o</span> <span class='ocrx_word' id='word_1_20' title='bbox 962 1031 1465 1086; x_wconf 76' lang='lat' dir='ltr'>BUCHANANO</span> <span class='ocrx_word' id='word_1_21' title='bbox 1519 1028 1686 1086; x_wconf 81' lang='lat' dir='ltr'>scoto.</span> 
     </span>
    </p>
   </div>
   <div class='ocr_carea' id='block_1_6' title="bbox 569 1183 1364 1247">
    <p class='ocr_par' dir='ltr' id='par_1_6' title="bbox 569 1183 1364 1247">
     <span class='ocr_line' id='line_1_7' title="bbox 569 1183 1364 1247; baseline -0.005 -1"><span class='ocrx_word' id='word_1_22' title='bbox 569 1194 879 1247; x_wconf 79' lang='lat' dir='ltr'>LIBER</span> <span class='ocrx_word' id='word_1_23' title='bbox 946 1183 1364 1245; x_wconf 62' lang='lat' dir='ltr'>SEXTUS:</span> 
     </span>
    </p>
   </div>
   <div class='ocr_carea' id='block_1_7' title="bbox 43 1334 1882 3613">
    <p class='ocr_par' dir='ltr' id='par_1_7' title="bbox 43 1334 1882 3613">
     <span class='ocr_line' id='line_1_8' title="bbox 80 1334 1864 1404; baseline -0.003 -14"><span class='ocrx_word' id='word_1_24' title='bbox 80 1344 120 1397; x_wconf 85' lang='lat' dir='ltr'>I.</span> <span class='ocrx_word' id='word_1_25' title='bbox 310 1341 358 1388; x_wconf 84' lang='lat' dir='ltr'>T</span> <span class='ocrx_word' id='word_1_26' title='bbox 381 1336 645 1404; x_wconf 88' lang='lat' dir='ltr'>Fergufium</span> <span class='ocrx_word' id='word_1_27' title='bbox 664 1336 886 1401; x_wconf 88' lang='lat' dir='ltr'>primum,</span> <span class='ocrx_word' id='word_1_28' title='bbox 907 1352 960 1383; x_wconf 89' lang='lat' dir='ltr'>ac</span> <span class='ocrx_word' id='word_1_29' title='bbox 979 1335 1147 1383; x_wconf 86' lang='lat' dir='ltr'>deinde</span> <span class='ocrx_word' id='word_1_30' title='bbox 1168 1335 1418 1386; x_wconf 87' lang='lat' dir='ltr'>secundum</span> <span class='ocrx_word' id='word_1_31' title='bbox 1434 1334 1538 1396; x_wconf 87' lang='lat' dir='ltr'>jure</span> <span class='ocrx_word' id='word_1_32' title='bbox 1558 1334 1738 1400; x_wconf 86' lang='lat' dir='ltr'>optimo</span> <span class='ocrx_word' id='word_1_33' title='bbox 1758 1354 1864 1403; x_wconf 85' lang='lat' dir='ltr'>reg·</span> 
     </span>
     <span class='ocr_line' id='line_1_9' title="bbox 162 1346 1865 1499; baseline -0.003 -46"><span class='ocrx_word' id='word_1_34' title='bbox 162 1349 190 1499; x_wconf 86' lang='grc' dir='ltr'>Ι</span> <span class='ocrx_word' id='word_1_35' title='bbox 271 1346 285 1488; x_wconf 80' lang='grc' dir='ltr'>Ι</span> <span class='ocrx_word' id='word_1_36' title='bbox 343 1405 392 1453; x_wconf 86' lang='lat' dir='ltr'>ni</span> <span class='ocrx_word' id='word_1_37' title='bbox 413 1408 654 1452; x_wconf 86' lang='lat' dir='ltr'>Scotorum</span> <span class='ocrx_word' id='word_1_38' title='bbox 673 1402 932 1450; x_wconf 88' lang='lat' dir='ltr'>conditores</span> <span class='ocrx_word' id='word_1_39' title='bbox 952 1400 1154 1464; x_wconf 83' lang='lat' dir='ltr'>superius</span> <span class='ocrx_word' id='word_1_40' title='bbox 1177 1400 1535 1457; x_wconf 86' lang='lat' dir='ltr'>nominavimus,</span> <span class='ocrx_word' id='word_1_41' title='bbox 1550 1401 1616 1449; x_wconf 87' lang='lat' dir='ltr'>ita</span> <span class='ocrx_word' id='word_1_42' title='bbox 1628 1418 1751 1450; x_wconf 87' lang='lat' dir='ltr'>nunc</span> <span class='ocrx_word' id='word_1_43' title='bbox 1771 1420 1865 1452; x_wconf 85' lang='lat' dir='ltr'>non</span> 
     </span>
     <span class='ocr_line' id='line_1_10' title="bbox 267 1465 1867 1532; baseline -0.001 -15"><span class='ocrx_word' id='word_1_44' title='bbox 267 1495 271 1498; x_wconf 95' lang='lat'><em>·</em></span> <span class='ocrx_word' id='word_1_45' title='bbox 338 1469 506 1532; x_wconf 85' lang='lat' dir='ltr'>injuria</span> <span class='ocrx_word' id='word_1_46' title='bbox 527 1466 826 1515; x_wconf 86' lang='lat' dir='ltr'>Kennethum</span> <span class='ocrx_word' id='word_1_47' title='bbox 858 1466 1023 1530; x_wconf 88' lang='lat' dir='ltr'>Alpini</span> <span class='ocrx_word' id='word_1_48' title='bbox 1045 1465 1191 1515; x_wconf 86' lang='lat' dir='ltr'>filium</span> <span class='ocrx_word' id='word_1_49' title='bbox 1213 1465 1402 1513; x_wconf 89' lang='lat' dir='ltr'>tertium</span> <span class='ocrx_word' id='word_1_50' title='bbox 1424 1465 1473 1513; x_wconf 88' lang='lat' dir='ltr'>in</span> <span class='ocrx_word' id='word_1_51' title='bbox 1496 1484 1602 1514; x_wconf 90' lang='lat' dir='ltr'>eum</span> <span class='ocrx_word' id='word_1_52' title='bbox 1620 1482 1867 1516; x_wconf 85' lang='lat' dir='ltr'>numerum</span> 
     </span>
     <span class='ocr_line' id='line_1_11' title="bbox 80 1530 1868 1596; baseline -0.001 -14"><span class='ocrx_word' id='word_1_53' title='bbox 80 1536 345 1590; x_wconf 73' lang='lat' dir='ltr'>referemus.</span> <span class='ocrx_word' id='word_1_54' title='bbox 415 1533 546 1581; x_wconf 84' lang='lat' dir='ltr'>Prior</span> <span class='ocrx_word' id='word_1_55' title='bbox 567 1532 692 1581; x_wconf 87' lang='lat' dir='ltr'>enim</span> <span class='ocrx_word' id='word_1_56' title='bbox 714 1530 952 1596; x_wconf 85' lang='lat' dir='ltr'>Fergufius</span> <span class='ocrx_word' id='word_1_57' title='bbox 975 1548 1033 1579; x_wconf 84' lang='lat' dir='ltr'>ex</span> <span class='ocrx_word' id='word_1_58' title='bbox 1063 1530 1259 1579; x_wconf 87' lang='lat' dir='ltr'>modicis</span> <span class='ocrx_word' id='word_1_59' title='bbox 1289 1531 1435 1578; x_wconf 86' lang='lat' dir='ltr'>initiis</span> <span class='ocrx_word' id='word_1_60' title='bbox 1472 1534 1631 1583; x_wconf 87' lang='lat' dir='ltr'>Scotos</span> <span class='ocrx_word' id='word_1_61' title='bbox 1663 1533 1722 1579; x_wconf 89' lang='lat' dir='ltr'>ad</span> <span class='ocrx_word' id='word_1_62' title='bbox 1753 1549 1868 1596; x_wconf 75' lang='lat' dir='ltr'>opes¹</span> 
     </span>
     <span class='ocr_line' id='line_1_12' title="bbox 78 1596 1867 1662; baseline -0.002 -13"><span class='ocrx_word' id='word_1_63' title='bbox 78 1599 242 1651; x_wconf 83' lang='lat' dir='ltr'>vicinis</span> <span class='ocrx_word' id='word_1_64' title='bbox 264 1599 512 1646; x_wconf 85' lang='lat' dir='ltr'>invidiosas</span> <span class='ocrx_word' id='word_1_65' title='bbox 532 1598 745 1662; x_wconf 81' lang='lat' dir='ltr'>provexit</span> <span class='ocrx_word' id='word_1_66' title='bbox 770 1615 782 1642; x_wconf 89' lang='lat'><strong>:</strong></span> <span class='ocrx_word' id='word_1_67' title='bbox 815 1597 1039 1645; x_wconf 87' lang='lat' dir='ltr'>secundus</span> <span class='ocrx_word' id='word_1_68' title='bbox 1062 1611 1282 1659; x_wconf 72' lang='lat' dir='ltr'>extorres,</span> <span class='ocrx_word' id='word_1_69' title='bbox 1308 1602 1347 1644; x_wconf 65' lang='grc' dir='ltr'>ἃς</span> <span class='ocrx_word' id='word_1_70' title='bbox 1370 1597 1419 1644; x_wconf 90' lang='lat' dir='ltr'>in</span> <span class='ocrx_word' id='word_1_71' title='bbox 1445 1596 1724 1661; x_wconf 82' lang='lat' dir='ltr'>longinquas</span> <span class='ocrx_word' id='word_1_72' title='bbox 1746 1598 1867 1646; x_wconf 87' lang='lat' dir='ltr'>nati-</span> 
     </span>
     <span class='ocr_line' id='line_1_13' title="bbox 82 1660 1867 1728; baseline -0.002 -15"><span class='ocrx_word' id='word_1_73' title='bbox 82 1682 193 1717; x_wconf 87' lang='lat' dir='ltr'>ones</span> <span class='ocrx_word' id='word_1_74' title='bbox 218 1663 457 1728; x_wconf 78' lang='lat' dir='ltr'>dispersOS,</span> <span class='ocrx_word' id='word_1_75' title='bbox 482 1668 523 1710; x_wconf 73' lang='grc' dir='ltr'>δε</span> <span class='ocrx_word' id='word_1_76' title='bbox 542 1663 847 1716; x_wconf 68' lang='grc' dir='ltr'>Αὶῃίῐῐιίεοῑιιιῃ</span> <span class='ocrx_word' id='word_1_77' title='bbox 871 1661 1091 1727; x_wconf 89' lang='lat' dir='ltr'>opinione</span> <span class='ocrx_word' id='word_1_78' title='bbox 1112 1660 1296 1727; x_wconf 85' lang='lat' dir='ltr'>penitus</span> <span class='ocrx_word' id='word_1_79' title='bbox 1317 1661 1544 1711; x_wconf 62' lang='lat' dir='ltr'>extinnos</span> <span class='ocrx_word' id='word_1_80' title='bbox 1566 1664 1696 1709; x_wconf 87' lang='lat' dir='ltr'>velut</span> <span class='ocrx_word' id='word_1_81' title='bbox 1723 1663 1773 1710; x_wconf 89' lang='lat' dir='ltr'>in</span> <span class='ocrx_word' id='word_1_82' title='bbox 1796 1662 1867 1710; x_wconf 88' lang='lat' dir='ltr'>vi·</span> 
     </span>
     <span class='ocr_line' id='line_1_14' title="bbox 83 1726 1866 1791; baseline -0.003 -11"><span class='ocrx_word' id='word_1_83' title='bbox 83 1742 178 1781; x_wconf 78' lang='lat' dir='ltr'>tam</span> <span class='ocrx_word' id='word_1_84' title='bbox 198 1729 449 1784; x_wconf 78' lang='lat' dir='ltr'>revocavit,</span> <span class='ocrx_word' id='word_1_85' title='bbox 465 1734 505 1775; x_wconf 75' lang='grc' dir='ltr'>δε</span> <span class='ocrx_word' id='word_1_86' title='bbox 529 1729 649 1776; x_wconf 80' lang='lat' dir='ltr'>intra</span> <span class='ocrx_word' id='word_1_87' title='bbox 665 1745 835 1791; x_wconf 88' lang='lat' dir='ltr'>paucos</span> <span class='ocrx_word' id='word_1_88' title='bbox 859 1744 1001 1778; x_wconf 84' lang='lat' dir='ltr'>annos</span> <span class='ocrx_word' id='word_1_89' title='bbox 1023 1728 1070 1776; x_wconf 90' lang='lat' dir='ltr'>in</span> <span class='ocrx_word' id='word_1_90' title='bbox 1095 1727 1332 1791; x_wconf 88' lang='lat' dir='ltr'>pristinum</span> <span class='ocrx_word' id='word_1_91' title='bbox 1350 1726 1638 1790; x_wconf 83' lang='lat' dir='ltr'>splendorem</span> <span class='ocrx_word' id='word_1_92' title='bbox 1657 1727 1866 1776; x_wconf 81' lang='lat' dir='ltr'>restituit.</span> 
     </span>
     <span class='ocr_line' id='line_1_15' title="bbox 82 1793 1868 1858; baseline -0.001 -16"><span class='ocrx_word' id='word_1_93' title='bbox 82 1797 148 1851; x_wconf 78' lang='lat' dir='ltr'>At</span> <span class='ocrx_word' id='word_1_94' title='bbox 169 1811 277 1842; x_wconf 89' lang='lat' dir='ltr'>vero</span> <span class='ocrx_word' id='word_1_95' title='bbox 301 1794 551 1845; x_wconf 84' lang='lat' dir='ltr'>Kennetho</span> <span class='ocrx_word' id='word_1_96' title='bbox 578 1793 628 1841; x_wconf 90' lang='lat' dir='ltr'>in</span> <span class='ocrx_word' id='word_1_97' title='bbox 657 1793 792 1840; x_wconf 86' lang='lat' dir='ltr'>rebus</span> <span class='ocrx_word' id='word_1_98' title='bbox 816 1809 960 1858; x_wconf 84' lang='lat' dir='ltr'>prope</span> <span class='ocrx_word' id='word_1_99' title='bbox 979 1793 1227 1856; x_wconf 86' lang='lat' dir='ltr'>deploratis</span> <span class='ocrx_word' id='word_1_100' title='bbox 1259 1807 1448 1854; x_wconf 81' lang='lat' dir='ltr'>accepto</span> <span class='ocrx_word' id='word_1_101' title='bbox 1470 1810 1632 1857; x_wconf 82' lang='lat' dir='ltr'>regno,</span> <span class='ocrx_word' id='word_1_102' title='bbox 1657 1809 1764 1841; x_wconf 86' lang='lat' dir='ltr'>cum</span> <span class='ocrx_word' id='word_1_103' title='bbox 1787 1793 1868 1841; x_wconf 86' lang='lat' dir='ltr'>alii</span> 
     </span>
     <span class='ocr_line' id='line_1_16' title="bbox 79 1857 1871 1922; baseline -0.001 -17"><span class='ocrx_word' id='word_1_104' title='bbox 79 1860 159 1910; x_wconf 84' lang='lat' dir='ltr'>vix</span> <span class='ocrx_word' id='word_1_105' title='bbox 181 1859 397 1922; x_wconf 77' lang='lat' dir='ltr'>reliquias</span> <span class='ocrx_word' id='word_1_106' title='bbox 421 1858 601 1907; x_wconf 83' lang='lat' dir='ltr'>miseras</span> <span class='ocrx_word' id='word_1_107' title='bbox 625 1858 829 1912; x_wconf 86' lang='lat' dir='ltr'>defendi,</span> <span class='ocrx_word' id='word_1_108' title='bbox 852 1864 893 1905; x_wconf 73' lang='grc' dir='ltr'>δε</span> <span class='ocrx_word' id='word_1_109' title='bbox 916 1858 1142 1907; x_wconf 80' lang='lat' dir='ltr'>contineri</span> <span class='ocrx_word' id='word_1_110' title='bbox 1160 1857 1282 1920; x_wconf 81' lang='lat' dir='ltr'>poffe</span> <span class='ocrx_word' id='word_1_111' title='bbox 1300 1857 1545 1921; x_wconf 83' lang='lat' dir='ltr'>sperarent,</span> <span class='ocrx_word' id='word_1_112' title='bbox 1570 1869 1750 1906; x_wconf 79' lang='lat' dir='ltr'>tantum</span> <span class='ocrx_word' id='word_1_113' title='bbox 1769 1858 1871 1905; x_wconf 87' lang='lat' dir='ltr'>ani-</span> 
     </span>
     <span class='ocr_line' id='line_1_17' title="bbox 80 1922 1869 1987; baseline -0.002 -13"><span class='ocrx_word' id='word_1_114' title='bbox 80 1925 146 1974; x_wconf 88' lang='lat' dir='ltr'>mi</span> <span class='ocrx_word' id='word_1_115' title='bbox 168 1923 406 1987; x_wconf 85' lang='lat' dir='ltr'>superfuit,</span> <span class='ocrx_word' id='word_1_116' title='bbox 429 1938 478 1971; x_wconf 91' lang='lat' dir='ltr'>ut</span> <span class='ocrx_word' id='word_1_117' title='bbox 495 1924 668 1977; x_wconf 85' lang='lat' dir='ltr'>hostem</span> <span class='ocrx_word' id='word_1_118' title='bbox 691 1922 889 1971; x_wconf 83' lang='lat' dir='ltr'>externis</span> <span class='ocrx_word' id='word_1_119' title='bbox 913 1922 1096 1971; x_wconf 80' lang='lat' dir='ltr'>auxiliis</span> <span class='ocrx_word' id='word_1_120' title='bbox 1122 1922 1307 1977; x_wconf 82' lang='lat' dir='ltr'>fretum,</span> <span class='ocrx_word' id='word_1_121' title='bbox 1326 1929 1366 1969; x_wconf 68' lang='lat' dir='ltr'>Sc</span> <span class='ocrx_word' id='word_1_122' title='bbox 1389 1922 1561 1970; x_wconf 82' lang='lat' dir='ltr'>recenti</span> <span class='ocrx_word' id='word_1_123' title='bbox 1583 1922 1775 1970; x_wconf 60' lang='lat' dir='ltr'>vietoria</span> <span class='ocrx_word' id='word_1_124' title='bbox 1788 1939 1869 1970; x_wconf 82' lang='lat' dir='ltr'>ex-</span> 
     </span>
     <span class='ocr_line' id='line_1_18' title="bbox 81 1988 1869 2052; baseline -0.001 -14"><span class='ocrx_word' id='word_1_125' title='bbox 81 1990 307 2039; x_wconf 83' lang='lat' dir='ltr'>ultantem</span> <span class='ocrx_word' id='word_1_126' title='bbox 330 1989 505 2043; x_wconf 85' lang='lat' dir='ltr'>multis,</span> <span class='ocrx_word' id='word_1_127' title='bbox 531 1994 572 2036; x_wconf 65' lang='lat' dir='ltr'>Sc</span> <span class='ocrx_word' id='word_1_128' title='bbox 600 1989 783 2052; x_wconf 85' lang='lat' dir='ltr'>asperis,</span> <span class='ocrx_word' id='word_1_129' title='bbox 807 1988 881 2035; x_wconf 90' lang='lat' dir='ltr'>sed</span> <span class='ocrx_word' id='word_1_130' title='bbox 906 2000 1057 2035; x_wconf 84' lang='lat' dir='ltr'>tamen</span> <span class='ocrx_word' id='word_1_131' title='bbox 1077 1988 1285 2035; x_wconf 87' lang='lat' dir='ltr'>secundis</span> <span class='ocrx_word' id='word_1_132' title='bbox 1315 1988 1487 2050; x_wconf 61' lang='lat' dir='ltr'>praeliis</span> <span class='ocrx_word' id='word_1_133' title='bbox 1511 1988 1716 2051; x_wconf 85' lang='lat' dir='ltr'>fregerit,</span> <span class='ocrx_word' id='word_1_134' title='bbox 1750 1988 1869 2036; x_wconf 85' lang='lat' dir='ltr'>frac-</span> 
     </span>
     <span class='ocr_line' id='line_1_19' title="bbox 85 2052 1870 2118; baseline -0.001 -17"><span class='ocrx_word' id='word_1_135' title='bbox 85 2066 278 2117; x_wconf 86' lang='lat' dir='ltr'>tumque</span> <span class='ocrx_word' id='word_1_136' title='bbox 299 2069 357 2100; x_wconf 82' lang='lat' dir='ltr'>ex</span> <span class='ocrx_word' id='word_1_137' title='bbox 387 2053 515 2105; x_wconf 82' lang='lat' dir='ltr'>omni</span> <span class='ocrx_word' id='word_1_138' title='bbox 547 2053 783 2106; x_wconf 80' lang='lat' dir='ltr'>Britannia</span> <span class='ocrx_word' id='word_1_139' title='bbox 815 2052 1040 2116; x_wconf 77' lang='lat' dir='ltr'>exegerit,</span> <span class='ocrx_word' id='word_1_140' title='bbox 1067 2069 1329 2116; x_wconf 87' lang='lat' dir='ltr'>nomenque</span> <span class='ocrx_word' id='word_1_141' title='bbox 1353 2052 1557 2118; x_wconf 86' lang='lat' dir='ltr'>Regium</span> <span class='ocrx_word' id='word_1_142' title='bbox 1581 2053 1718 2101; x_wconf 85' lang='lat' dir='ltr'>semel</span> <span class='ocrx_word' id='word_1_143' title='bbox 1739 2070 1870 2117; x_wconf 88' lang='lat' dir='ltr'>erep-</span> 
     </span>
     <span class='ocr_line' id='line_1_20' title="bbox 85 2117 1872 2182; baseline 0 -16"><span class='ocrx_word' id='word_1_144' title='bbox 85 2130 187 2166; x_wconf 85' lang='lat' dir='ltr'>tum</span> <span class='ocrx_word' id='word_1_145' title='bbox 208 2133 443 2179; x_wconf 85' lang='lat' dir='ltr'>nunquam</span> <span class='ocrx_word' id='word_1_146' title='bbox 464 2134 521 2165; x_wconf 84' lang='lat' dir='ltr'>ex</span> <span class='ocrx_word' id='word_1_147' title='bbox 538 2134 594 2165; x_wconf 94' lang='lat' dir='ltr'>eo</span> <span class='ocrx_word' id='word_1_148' title='bbox 613 2118 687 2166; x_wconf 87' lang='lat' dir='ltr'>die</span> <span class='ocrx_word' id='word_1_149' title='bbox 708 2120 763 2166; x_wconf 83' lang='lat' dir='ltr'>fit</span> <span class='ocrx_word' id='word_1_150' title='bbox 782 2118 927 2182; x_wconf 79' lang='lat' dir='ltr'>paffus</span> <span class='ocrx_word' id='word_1_151' title='bbox 942 2118 1012 2182; x_wconf 90' lang='lat'>(1)</span> <span class='ocrx_word' id='word_1_152' title='bbox 1027 2135 1134 2165; x_wconf 88' lang='lat' dir='ltr'>eum</span> <span class='ocrx_word' id='word_1_153' title='bbox 1157 2117 1396 2169; x_wconf 86' lang='lat' dir='ltr'>resumere.</span> <span class='ocrx_word' id='word_1_154' title='bbox 1465 2120 1582 2165; x_wconf 84' lang='lat' dir='ltr'>Haec</span> <span class='ocrx_word' id='word_1_155' title='bbox 1604 2135 1872 2181; x_wconf 84' lang='lat' dir='ltr'>quanquam</span> 
     </span>
     <span class='ocr_line' id='line_1_21' title="bbox 85 2181 1872 2247; baseline 0.001 -18"><span class='ocrx_word' id='word_1_156' title='bbox 85 2200 256 2247; x_wconf 85' lang='lat' dir='ltr'>magna</span> <span class='ocrx_word' id='word_1_157' title='bbox 277 2181 394 2236; x_wconf 85' lang='lat' dir='ltr'>sunt,</span> <span class='ocrx_word' id='word_1_158' title='bbox 420 2194 572 2234; x_wconf 87' lang='lat' dir='ltr'>tamen</span> <span class='ocrx_word' id='word_1_159' title='bbox 589 2199 782 2246; x_wconf 89' lang='lat' dir='ltr'>operum</span> <span class='ocrx_word' id='word_1_160' title='bbox 802 2184 897 2245; x_wconf 85' lang='lat' dir='ltr'>ejus</span> <span class='ocrx_word' id='word_1_161' title='bbox 920 2200 1012 2232; x_wconf 87' lang='lat' dir='ltr'>non</span> <span class='ocrx_word' id='word_1_162' title='bbox 1036 2183 1366 2234; x_wconf 86' lang='lat' dir='ltr'>suntmaxima.</span> <span class='ocrx_word' id='word_1_163' title='bbox 1435 2185 1654 2247; x_wconf 65' lang='lat' dir='ltr'>Regu-arn</span> <span class='ocrx_word' id='word_1_164' title='bbox 1671 2183 1796 2230; x_wconf 90' lang='lat' dir='ltr'>enim</span> <span class='ocrx_word' id='word_1_165' title='bbox 1821 2183 1872 2231; x_wconf 87' lang='lat' dir='ltr'>in</span> 
     </span>
     <span class='ocr_line' id='line_1_22' title="bbox 86 2247 1874 2312; baseline 0 -16"><span class='ocrx_word' id='word_1_166' title='bbox 86 2247 279 2310; x_wconf 79' lang='lat' dir='ltr'>duplam</span> <span class='ocrx_word' id='word_1_167' title='bbox 308 2248 677 2310; x_wconf 81' lang='lat' dir='ltr'>magnitudinem</span> <span class='ocrx_word' id='word_1_168' title='bbox 701 2266 728 2294; x_wconf 86' lang='lat' dir='ltr'>a</span> <span class='ocrx_word' id='word_1_169' title='bbox 761 2247 802 2295; x_wconf 89' lang='lat' dir='ltr'>fe</span> <span class='ocrx_word' id='word_1_170' title='bbox 822 2249 1006 2295; x_wconf 63' lang='lat' dir='ltr'>aufium</span> <span class='ocrx_word' id='word_1_171' title='bbox 1042 2247 1107 2294; x_wconf 87' lang='lat' dir='ltr'>ita</span> <span class='ocrx_word' id='word_1_172' title='bbox 1137 2248 1320 2312; x_wconf 84' lang='lat' dir='ltr'>legibus</span> <span class='ocrx_word' id='word_1_173' title='bbox 1352 2249 1482 2295; x_wconf 81' lang='lat' dir='ltr'>novis</span> <span class='ocrx_word' id='word_1_174' title='bbox 1514 2249 1807 2312; x_wconf 82' lang='lat' dir='ltr'>temperavit,</span> <span class='ocrx_word' id='word_1_175' title='bbox 1832 2254 1874 2296; x_wconf 67' lang='lat' dir='ltr'>sc</span> 
     </span>
     <span class='ocr_line' id='line_1_23' title="bbox 55 2311 1872 2374; baseline -0.001 -13"><span class='ocrx_word' id='word_1_176' title='bbox 55 2346 60 2348; x_wconf 94' lang='lat'><em>-</em></span> <span class='ocrx_word' id='word_1_177' title='bbox 83 2311 325 2374; x_wconf 82' lang='lat' dir='ltr'>disciplina</span> <span class='ocrx_word' id='word_1_178' title='bbox 345 2324 498 2359; x_wconf 86' lang='lat' dir='ltr'>vetere</span> <span class='ocrx_word' id='word_1_179' title='bbox 532 2312 783 2368; x_wconf 80' lang='lat' dir='ltr'>roboravit,</span> <span class='ocrx_word' id='word_1_180' title='bbox 812 2325 860 2360; x_wconf 81' lang='lat' dir='ltr'>ut</span> <span class='ocrx_word' id='word_1_181' title='bbox 884 2328 967 2359; x_wconf 90' lang='lat' dir='ltr'>nec</span> <span class='ocrx_word' id='word_1_182' title='bbox 991 2312 1016 2359; x_wconf 78' lang='grc' dir='ltr'>ὲ</span> <span class='ocrx_word' id='word_1_183' title='bbox 1038 2311 1163 2358; x_wconf 91' lang='lat' dir='ltr'>bello</span> <span class='ocrx_word' id='word_1_184' title='bbox 1185 2326 1304 2360; x_wconf 79' lang='lat' dir='ltr'>natae</span> <span class='ocrx_word' id='word_1_185' title='bbox 1327 2312 1543 2368; x_wconf 58' lang='lat' dir='ltr'>licentiae,</span> <span class='ocrx_word' id='word_1_186' title='bbox 1569 2325 1657 2360; x_wconf 76' lang='lat' dir='ltr'>nec</span> <span class='ocrx_word' id='word_1_187' title='bbox 1677 2314 1702 2360; x_wconf 76' lang='grc' dir='ltr'>ὲ</span> <span class='ocrx_word' id='word_1_188' title='bbox 1726 2313 1872 2360; x_wconf 60' lang='lat' dir='ltr'>vieto-</span> 
     </span>
     <span class='ocr_line' id='line_1_24' title="bbox 89 2376 1876 2441; baseline 0.001 -17"><span class='ocrx_word' id='word_1_189' title='bbox 89 2377 158 2424; x_wconf 81' lang='lat' dir='ltr'>ria</span> <span class='ocrx_word' id='word_1_190' title='bbox 179 2376 449 2432; x_wconf 83' lang='lat' dir='ltr'>insolentiae,</span> <span class='ocrx_word' id='word_1_191' title='bbox 477 2392 561 2424; x_wconf 87' lang='lat' dir='ltr'>nec</span> <span class='ocrx_word' id='word_1_192' title='bbox 584 2378 882 2441; x_wconf 85' lang='lat' dir='ltr'>flagitiorum,</span> <span class='ocrx_word' id='word_1_193' title='bbox 904 2394 1008 2440; x_wconf 75' lang='lat' dir='ltr'>qua:</span> <span class='ocrx_word' id='word_1_194' title='bbox 1038 2377 1287 2432; x_wconf 76' lang='lat' dir='ltr'>luxuriam,</span> <span class='ocrx_word' id='word_1_195' title='bbox 1315 2384 1356 2425; x_wconf 71' lang='grc' dir='ltr'>δε</span> <span class='ocrx_word' id='word_1_196' title='bbox 1380 2379 1532 2425; x_wconf 86' lang='lat' dir='ltr'>ocium</span> <span class='ocrx_word' id='word_1_197' title='bbox 1557 2377 1770 2425; x_wconf 89' lang='lat' dir='ltr'>comitari</span> <span class='ocrx_word' id='word_1_198' title='bbox 1802 2378 1876 2425; x_wconf 84' lang='lat' dir='ltr'>so·</span> 
     </span>
     <span class='ocr_line' id='line_1_25' title="bbox 43 2440 1871 2508; baseline 0.001 -19"><span class='ocrx_word' id='word_1_199' title='bbox 43 2493 46 2498; x_wconf 54' lang='grc'><strong>,</strong></span> <span class='ocrx_word' id='word_1_200' title='bbox 85 2443 200 2498; x_wconf 82' lang='lat' dir='ltr'>lent,</span> <span class='ocrx_word' id='word_1_201' title='bbox 222 2442 372 2489; x_wconf 77' lang='lat' dir='ltr'>ullu-m</span> <span class='ocrx_word' id='word_1_202' title='bbox 389 2440 635 2506; x_wconf 83' lang='lat' dir='ltr'>vestigium</span> <span class='ocrx_word' id='word_1_203' title='bbox 658 2460 713 2489; x_wconf 90' lang='lat' dir='ltr'>eo</span> <span class='ocrx_word' id='word_1_204' title='bbox 731 2443 842 2490; x_wconf 89' lang='lat' dir='ltr'>vivo</span> <span class='ocrx_word' id='word_1_205' title='bbox 863 2441 1126 2506; x_wconf 86' lang='lat' dir='ltr'>apparuerit</span> <span class='ocrx_word' id='word_1_206' title='bbox 1146 2461 1157 2490; x_wconf 75' lang='grc' dir='ltr'>ε</span> <span class='ocrx_word' id='word_1_207' title='bbox 1190 2459 1243 2489; x_wconf 83' lang='lat' dir='ltr'>ac</span> <span class='ocrx_word' id='word_1_208' title='bbox 1263 2443 1445 2506; x_wconf 86' lang='lat' dir='ltr'>legibus</span> <span class='ocrx_word' id='word_1_209' title='bbox 1468 2443 1585 2505; x_wconf 77' lang='lat' dir='ltr'>ejuS,</span> <span class='ocrx_word' id='word_1_210' title='bbox 1609 2460 1722 2508; x_wconf 82' lang='lat' dir='ltr'>quas</span> <span class='ocrx_word' id='word_1_211' title='bbox 1737 2445 1871 2490; x_wconf 88' lang='lat' dir='ltr'>Mac-</span> 
     </span>
     <span class='ocr_line' id='line_1_26' title="bbox 89 2507 1873 2572; baseline 0.001 -19"><span class='ocrx_word' id='word_1_212' title='bbox 89 2507 327 2570; x_wconf 79' lang='lat' dir='ltr'>alpinanas</span> <span class='ocrx_word' id='word_1_213' title='bbox 360 2508 593 2570; x_wconf 75' lang='lat' dir='ltr'>posteritas</span> <span class='ocrx_word' id='word_1_214' title='bbox 624 2507 761 2562; x_wconf 81' lang='lat' dir='ltr'>dixit,</span> <span class='ocrx_word' id='word_1_215' title='bbox 787 2507 944 2556; x_wconf 84' lang='lat' dir='ltr'>multis</span> <span class='ocrx_word' id='word_1_216' title='bbox 965 2507 1181 2571; x_wconf 80' lang='lat' dir='ltr'>deinceps</span> <span class='ocrx_word' id='word_1_217' title='bbox 1204 2507 1376 2555; x_wconf 81' lang='lat' dir='ltr'>saeculis</span> <span class='ocrx_word' id='word_1_218' title='bbox 1410 2525 1503 2554; x_wconf 81' lang='lat' dir='ltr'>non</span> <span class='ocrx_word' id='word_1_219' title='bbox 1538 2508 1707 2564; x_wconf 85' lang='lat' dir='ltr'>minus,</span> <span class='ocrx_word' id='word_1_220' title='bbox 1731 2525 1873 2572; x_wconf 83' lang='lat' dir='ltr'>quam</span> 
     </span>
     <span class='ocr_line' id='line_1_27' title="bbox 90 2571 1874 2639; baseline 0.001 -19"><span class='ocrx_word' id='word_1_221' title='bbox 90 2573 226 2625; x_wconf 75' lang='lat' dir='ltr'>armis</span> <span class='ocrx_word' id='word_1_222' title='bbox 250 2572 431 2622; x_wconf 84' lang='lat' dir='ltr'>Scotica</span> <span class='ocrx_word' id='word_1_223' title='bbox 451 2590 522 2619; x_wconf 84' lang='lat' dir='ltr'>res</span> <span class='ocrx_word' id='word_1_224' title='bbox 545 2574 655 2622; x_wconf 88' lang='lat' dir='ltr'>stare</span> <span class='ocrx_word' id='word_1_225' title='bbox 677 2573 769 2620; x_wconf 84' lang='lat' dir='ltr'>visa</span> <span class='ocrx_word' id='word_1_226' title='bbox 791 2575 867 2621; x_wconf 91' lang='lat' dir='ltr'>est.</span> <span class='ocrx_word' id='word_1_227' title='bbox 912 2573 1002 2620; x_wconf 85' lang='lat' dir='ltr'>Sed</span> <span class='ocrx_word' id='word_1_228' title='bbox 1020 2571 1090 2624; x_wconf 87' lang='lat' dir='ltr'>his</span> <span class='ocrx_word' id='word_1_229' title='bbox 1113 2571 1279 2625; x_wconf 76' lang='lat' dir='ltr'>omissis</span> <span class='ocrx_word' id='word_1_230' title='bbox 1302 2591 1384 2622; x_wconf 89' lang='lat' dir='ltr'>nos</span> <span class='ocrx_word' id='word_1_231' title='bbox 1405 2591 1475 2622; x_wconf 85' lang='lat' dir='ltr'>res</span> <span class='ocrx_word' id='word_1_232' title='bbox 1498 2573 1594 2635; x_wconf 78' lang='lat' dir='ltr'>ejus</span> <span class='ocrx_word' id='word_1_233' title='bbox 1617 2576 1777 2639; x_wconf 82' lang='lat' dir='ltr'>gestas,</span> <span class='ocrx_word' id='word_1_234' title='bbox 1806 2574 1874 2623; x_wconf 78' lang='lat' dir='ltr'>uti</span> 
     </span>
     <span class='ocr_line' id='line_1_28' title="bbox 88 2636 710 2699; baseline 0.005 -16"><span class='ocrx_word' id='word_1_235' title='bbox 88 2636 332 2699; x_wconf 76' lang='lat' dir='ltr'>coepimuS,</span> <span class='ocrx_word' id='word_1_236' title='bbox 356 2637 710 2699; x_wconf 66' lang='lat' dir='ltr'>prosequemur.</span> 
     </span>
     <span class='ocr_line' id='line_1_29' title="bbox 102 2701 1874 2769; baseline -0.001 -18"><span class='ocrx_word' id='word_1_237' title='bbox 102 2740 107 2744; x_wconf 73' lang='lat'><em>-</em></span> <span class='ocrx_word' id='word_1_238' title='bbox 155 2702 219 2751; x_wconf 85' lang='lat' dir='ltr'>II.</span> <span class='ocrx_word' id='word_1_239' title='bbox 253 2701 389 2749; x_wconf 76' lang='lat' dir='ltr'>Piffis</span> <span class='ocrx_word' id='word_1_240' title='bbox 413 2702 554 2765; x_wconf 84' lang='lat' dir='ltr'>igitur</span> <span class='ocrx_word' id='word_1_241' title='bbox 573 2702 741 2750; x_wconf 71' lang='lat' dir='ltr'>exaffis</span> <span class='ocrx_word' id='word_1_242' title='bbox 766 2703 1039 2758; x_wconf 77' lang='lat' dir='ltr'>Kennethus</span> <span class='ocrx_word' id='word_1_243' title='bbox 1067 2720 1201 2768; x_wconf 79' lang='lat' dir='ltr'>agros</span> <span class='ocrx_word' id='word_1_244' title='bbox 1227 2720 1313 2767; x_wconf 86' lang='lat' dir='ltr'>pro</span> <span class='ocrx_word' id='word_1_245' title='bbox 1341 2703 1512 2752; x_wconf 84' lang='lat' dir='ltr'>virtute·</span> <span class='ocrx_word' id='word_1_246' title='bbox 1533 2703 1752 2769; x_wconf 81' lang='lat' dir='ltr'>cujusque</span> <span class='ocrx_word' id='word_1_247' title='bbox 1785 2703 1874 2751; x_wconf 79' lang='lat' dir='ltr'>suis</span> 
     </span>
     <span class='ocr_line' id='line_1_30' title="bbox 91 2765 1875 2832; baseline 0.003 -21"><span class='ocrx_word' id='word_1_248' title='bbox 91 2765 244 2816; x_wconf 90' lang='lat' dir='ltr'>divifit</span> <span class='ocrx_word' id='word_1_249' title='bbox 261 2783 463 2828; x_wconf 63' lang='lat' dir='ltr'>quorum&gt;</span> <span class='ocrx_word' id='word_1_250' title='bbox 477 2767 672 2821; x_wconf 85' lang='lat' dir='ltr'>ambitio</span> <span class='ocrx_word' id='word_1_251' title='bbox 695 2767 852 2815; x_wconf 87' lang='lat' dir='ltr'>multis</span> <span class='ocrx_word' id='word_1_252' title='bbox 871 2769 1004 2824; x_wconf 82' lang='lat' dir='ltr'>locis,</span> <span class='ocrx_word' id='word_1_253' title='bbox 1029 2772 1079 2819; x_wconf 72' lang='grc' dir='ltr'>δε</span> <span class='ocrx_word' id='word_1_254' title='bbox 1101 2769 1368 2832; x_wconf 79' lang='lat' dir='ltr'>regionibus</span> <span class='ocrx_word' id='word_1_255' title='bbox 1388 2786 1508 2816; x_wconf 87' lang='lat' dir='ltr'>nova</span> <span class='ocrx_word' id='word_1_256' title='bbox 1537 2768 1726 2816; x_wconf 86' lang='lat' dir='ltr'>nomina</span> <span class='ocrx_word' id='word_1_257' title='bbox 1750 2782 1875 2816; x_wconf 79' lang='lat' dir='ltr'>vete-</span> 
     </span>
     <span class='ocr_line' id='line_1_31' title="bbox 88 2830 1875 2896; baseline 0.001 -19"><span class='ocrx_word' id='word_1_258' title='bbox 88 2830 217 2886; x_wconf 70' lang='lat' dir='ltr'>ribus</span> <span class='ocrx_word' id='word_1_259' title='bbox 248 2831 501 2879; x_wconf 85' lang='lat' dir='ltr'>obliteratis</span> <span class='ocrx_word' id='word_1_260' title='bbox 533 2831 766 2896; x_wconf 77' lang='lat' dir='ltr'>imposuit.</span> <span class='ocrx_word' id='word_1_261' title='bbox 847 2833 1109 2886; x_wconf 85' lang='lat' dir='ltr'>Horestiam</span> <span class='ocrx_word' id='word_1_262' title='bbox 1144 2833 1325 2880; x_wconf 88' lang='lat' dir='ltr'>duobus</span> <span class='ocrx_word' id='word_1_263' title='bbox 1360 2833 1576 2881; x_wconf 83' lang='lat' dir='ltr'>fratribus</span> <span class='ocrx_word' id='word_1_264' title='bbox 1608 2835 1790 2888; x_wconf 81' lang='lat' dir='ltr'>AEneae,</span> <span class='ocrx_word' id='word_1_265' title='bbox 1820 2837 1875 2886; x_wconf 80' lang='lat'>&amp;-</span> 
     </span>
     <span class='ocr_line' id='line_1_32' title="bbox 91 2895 1876 2962; baseline 0.002 -21"><span class='ocrx_word' id='word_1_266' title='bbox 91 2895 270 2942; x_wconf 82' lang='lat' dir='ltr'>Mernae</span> <span class='ocrx_word' id='word_1_267' title='bbox 286 2896 478 2958; x_wconf 72' lang='lat' dir='ltr'>partitus</span> <span class='ocrx_word' id='word_1_268' title='bbox 501 2897 578 2948; x_wconf 81' lang='lat' dir='ltr'>est.</span> <span class='ocrx_word' id='word_1_269' title='bbox 647 2899 809 2945; x_wconf 88' lang='lat' dir='ltr'>Altera</span> <span class='ocrx_word' id='word_1_270' title='bbox 837 2914 939 2960; x_wconf 88' lang='lat' dir='ltr'>pars</span> <span class='ocrx_word' id='word_1_271' title='bbox 960 2898 1208 2962; x_wconf 82' lang='lat' dir='ltr'>priscorum</span> <span class='ocrx_word' id='word_1_272' title='bbox 1235 2900 1476 2946; x_wconf 83' lang='lat' dir='ltr'>Scotorum</span> <span class='ocrx_word' id='word_1_273' title='bbox 1498 2899 1702 2946; x_wconf 89' lang='lat' dir='ltr'>sermone</span> <span class='ocrx_word' id='word_1_274' title='bbox 1724 2900 1876 2945; x_wconf 82' lang='lat' dir='ltr'>adhuc</span> 
     </span>
     <span class='ocr_line' id='line_1_33' title="bbox 95 2959 1875 3027; baseline 0.003 -22"><span class='ocrx_word' id='word_1_275' title='bbox 95 2959 263 3014; x_wconf 76' lang='lat' dir='ltr'>AEneia</span> <span class='ocrx_word' id='word_1_276' title='bbox 280 2959 449 3016; x_wconf 25' lang='lat' dir='ltr'>dic-itur</span> <span class='ocrx_word' id='word_1_277' title='bbox 474 2980 484 3008; x_wconf 94' lang='lat'><strong>:</strong></span> <span class='ocrx_word' id='word_1_278' title='bbox 522 2961 626 3024; x_wconf 86' lang='lat' dir='ltr'>(qui</span> <span class='ocrx_word' id='word_1_279' title='bbox 659 2963 862 3026; x_wconf 75' lang='lat' dir='ltr'>Anglice</span> <span class='ocrx_word' id='word_1_280' title='bbox 896 2964 1165 3027; x_wconf 83' lang='lat' dir='ltr'>loquuntur,</span> <span class='ocrx_word' id='word_1_281' title='bbox 1191 2964 1445 3027; x_wconf 78' lang='lat' dir='ltr'>Angustam</span> <span class='ocrx_word' id='word_1_282' title='bbox 1468 2964 1704 3013; x_wconf 80' lang='lat' dir='ltr'>nominare</span> <span class='ocrx_word' id='word_1_283' title='bbox 1726 2966 1875 3011; x_wconf 85' lang='lat' dir='ltr'>malu-</span> 
     </span>
     <span class='ocr_line' id='line_1_34' title="bbox 94 3024 1875 3092; baseline 0.002 -20"><span class='ocrx_word' id='word_1_284' title='bbox 94 3026 248 3082; x_wconf 81' lang='lat' dir='ltr'>erunt)</span> <span class='ocrx_word' id='word_1_285' title='bbox 274 3024 414 3078; x_wconf 84' lang='lat' dir='ltr'>altera</span> <span class='ocrx_word' id='word_1_286' title='bbox 435 3026 623 3081; x_wconf 77' lang='lat' dir='ltr'>Nlernia</span> <span class='ocrx_word' id='word_1_287' title='bbox 645 3029 920 3090; x_wconf 86' lang='lat' dir='ltr'>appellatur.</span> <span class='ocrx_word' id='word_1_288' title='bbox 990 3028 1253 3076; x_wconf 86' lang='lat' dir='ltr'>Proximam</span> <span class='ocrx_word' id='word_1_289' title='bbox 1281 3028 1520 3092; x_wconf 85' lang='lat' dir='ltr'>regionem</span> <span class='ocrx_word' id='word_1_290' title='bbox 1553 3046 1580 3076; x_wconf 89' lang='lat' dir='ltr'>a</span> <span class='ocrx_word' id='word_1_291' title='bbox 1601 3029 1707 3075; x_wconf 88' lang='lat' dir='ltr'>Tao</span> <span class='ocrx_word' id='word_1_292' title='bbox 1735 3029 1875 3092; x_wconf 85' lang='lat' dir='ltr'>usque</span> 
     </span>
     <span class='ocr_line' id='line_1_35' title="bbox 94 3087 1875 3156; baseline 0.004 -23"><span class='ocrx_word' id='word_1_293' title='bbox 94 3087 154 3134; x_wconf 85' lang='lat' dir='ltr'>ad</span> <span class='ocrx_word' id='word_1_294' title='bbox 177 3088 210 3132; x_wconf 92' lang='lat' dir='ltr'>F</span> <span class='ocrx_word' id='word_1_295' title='bbox 214 3087 392 3136; x_wconf 85' lang='lat' dir='ltr'>ortham</span> <span class='ocrx_word' id='word_1_296' title='bbox 423 3104 612 3155; x_wconf 87' lang='lat' dir='ltr'>apparet</span> <span class='ocrx_word' id='word_1_297' title='bbox 629 3092 864 3148; x_wconf 73' lang='lat' dir='ltr'>veteribus</span> <span class='ocrx_word' id='word_1_298' title='bbox 884 3092 1051 3139; x_wconf 66' lang='lat' dir='ltr'>die&#39;tam</span> <span class='ocrx_word' id='word_1_299' title='bbox 1074 3093 1204 3139; x_wconf 81' lang='lat' dir='ltr'>fuisse</span> <span class='ocrx_word' id='word_1_300' title='bbox 1224 3092 1441 3148; x_wconf 85' lang='lat' dir='ltr'>Rossiarn‚</span> <span class='ocrx_word' id='word_1_301' title='bbox 1464 3093 1555 3140; x_wconf 86' lang='lat' dir='ltr'>hoc</span> <span class='ocrx_word' id='word_1_302' title='bbox 1577 3095 1637 3140; x_wconf 88' lang='lat' dir='ltr'>est</span> <span class='ocrx_word' id='word_1_303' title='bbox 1659 3094 1875 3156; x_wconf 83' lang='lat' dir='ltr'>peninsu-</span> 
     </span>
     <span class='ocr_line' id='line_1_36' title="bbox 94 3151 1876 3221; baseline 0.004 -23"><span class='ocrx_word' id='word_1_304' title='bbox 94 3152 190 3198; x_wconf 88' lang='lat' dir='ltr'>lam</span> <span class='ocrx_word' id='word_1_305' title='bbox 212 3168 231 3205; x_wconf 54' lang='grc' dir='ltr'>ε,</span> <span class='ocrx_word' id='word_1_306' title='bbox 256 3151 383 3212; x_wconf 80' lang='lat' dir='ltr'>cujus</span> <span class='ocrx_word' id='word_1_307' title='bbox 406 3155 606 3207; x_wconf 81' lang='lat' dir='ltr'>nominis</span> <span class='ocrx_word' id='word_1_308' title='bbox 641 3156 816 3215; x_wconf 78' lang='lat' dir='ltr'>indicia</span> <span class='ocrx_word' id='word_1_309' title='bbox 850 3156 1002 3204; x_wconf 80' lang='lat' dir='ltr'>adhuc</span> <span class='ocrx_word' id='word_1_310' title='bbox 1029 3159 1208 3213; x_wconf 82' lang='lat' dir='ltr'>restant,</span> <span class='ocrx_word' id='word_1_311' title='bbox 1235 3158 1456 3205; x_wconf 84' lang='lat' dir='ltr'>Culrossia</span> <span class='ocrx_word' id='word_1_312' title='bbox 1483 3159 1876 3221; x_wconf 41' lang='lat' dir='ltr'>oppidum„quod</span> 
     </span>
     <span class='ocr_line' id='line_1_37' title="bbox 94 3214 1877 3287; baseline 0.002 -23"><span class='ocrx_word' id='word_1_313' title='bbox 94 3217 159 3264; x_wconf 87' lang='lat' dir='ltr'>est</span> <span class='ocrx_word' id='word_1_314' title='bbox 180 3214 307 3271; x_wconf 25' lang='lat' dir='ltr'>veluit</span> <span class='ocrx_word' id='word_1_315' title='bbox 329 3216 526 3274; x_wconf 72' lang='lat' dir='ltr'>dorsum,</span> <span class='ocrx_word' id='word_1_316' title='bbox 544 3233 624 3273; x_wconf 83' lang='lat' dir='ltr'>aut</span> <span class='ocrx_word' id='word_1_317' title='bbox 645 3222 863 3284; x_wconf 88' lang='lat' dir='ltr'>posterior</span> <span class='ocrx_word' id='word_1_318' title='bbox 884 3239 986 3284; x_wconf 85' lang='lat' dir='ltr'>pars</span> <span class='ocrx_word' id='word_1_319' title='bbox 1009 3223 1172 3273; x_wconf 83' lang='lat' dir='ltr'>Roffiae</span> <span class='ocrx_word' id='word_1_320' title='bbox 1195 3242 1205 3270; x_wconf 90' lang='grc'>;</span> <span class='ocrx_word' id='word_1_321' title='bbox 1231 3226 1279 3272; x_wconf 84' lang='lat'>&amp;</span> <span class='ocrx_word' id='word_1_322' title='bbox 1299 3222 1541 3279; x_wconf 85' lang='lat' dir='ltr'>Kinroflia,</span> <span class='ocrx_word' id='word_1_323' title='bbox 1564 3224 1693 3287; x_wconf 87' lang='lat' dir='ltr'>quod</span> <span class='ocrx_word' id='word_1_324' title='bbox 1713 3222 1877 3270; x_wconf 81' lang='lat' dir='ltr'>Roffiae</span> 
     </span>
     <span class='ocr_line' id='line_1_38' title="bbox 95 3281 1879 3352; baseline 0.002 -21"><span class='ocrx_word' id='word_1_325' title='bbox 95 3291 254 3343; x_wconf 69' lang='lat' dir='ltr'>caput,</span> <span class='ocrx_word' id='word_1_326' title='bbox 324 3281 439 3338; x_wconf 88' lang='lat' dir='ltr'>Eam</span> <span class='ocrx_word' id='word_1_327' title='bbox 471 3285 709 3347; x_wconf 80' lang='lat' dir='ltr'>regionem</span> <span class='ocrx_word' id='word_1_328' title='bbox 740 3304 863 3334; x_wconf 84' lang='lat' dir='ltr'>nunc</span> <span class='ocrx_word' id='word_1_329' title='bbox 885 3287 1035 3341; x_wconf 71' lang='lat' dir='ltr'>Fifam</span> <span class='ocrx_word' id='word_1_330' title='bbox 1065 3299 1255 3343; x_wconf 67' lang='lat' dir='ltr'>vocant„</span> <span class='ocrx_word' id='word_1_331' title='bbox 1273 3304 1300 3334; x_wconf 86' lang='lat' dir='ltr'>a</span> <span class='ocrx_word' id='word_1_332' title='bbox 1323 3286 1425 3334; x_wconf 88' lang='lat' dir='ltr'>Fifo</span> <span class='ocrx_word' id='word_1_333' title='bbox 1446 3289 1546 3335; x_wconf 79' lang='lat' dir='ltr'>viro</span> <span class='ocrx_word' id='word_1_334' title='bbox 1568 3288 1775 3352; x_wconf 84' lang='lat' dir='ltr'>egregio,</span> <span class='ocrx_word' id='word_1_335' title='bbox 1801 3288 1879 3334; x_wconf 87' lang='lat' dir='ltr'>cui</span> 
     </span>
     <span class='ocr_line' id='line_1_39' title="bbox 98 3345 1878 3416; baseline 0.004 -24"><span class='ocrx_word' id='word_1_336' title='bbox 98 3359 357 3416; x_wconf 18' lang='lat' dir='ltr'>cognomi-en</span> <span class='ocrx_word' id='word_1_337' title='bbox 382 3345 527 3393; x_wconf 87' lang='lat' dir='ltr'>Duffo</span> <span class='ocrx_word' id='word_1_338' title='bbox 549 3348 676 3403; x_wconf 84' lang='lat' dir='ltr'>fuiffe</span> <span class='ocrx_word' id='word_1_339' title='bbox 693 3350 838 3404; x_wconf 83' lang='lat' dir='ltr'>aiunt.</span> <span class='ocrx_word' id='word_1_340' title='bbox 893 3354 1189 3404; x_wconf 81' lang='lat' dir='ltr'>Barodunum</span> <span class='ocrx_word' id='word_1_341' title='bbox 1212 3353 1438 3415; x_wconf 86' lang='lat' dir='ltr'>oppidum</span> <span class='ocrx_word' id='word_1_342' title='bbox 1460 3352 1509 3399; x_wconf 87' lang='lat' dir='ltr'>in</span> <span class='ocrx_word' id='word_1_343' title='bbox 1532 3353 1778 3407; x_wconf 90' lang='lat' dir='ltr'>Lothiana‚</span> <span class='ocrx_word' id='word_1_344' title='bbox 1802 3355 1878 3400; x_wconf 87' lang='lat' dir='ltr'>vel</span> 
     </span>
     <span class='ocr_line' id='line_1_40' title="bbox 92 3409 1877 3474; baseline 0.004 -19"><span class='ocrx_word' id='word_1_345' title='bbox 92 3409 227 3474; x_wconf 72' lang='lat' dir='ltr'>juxta</span> <span class='ocrx_word' id='word_1_346' title='bbox 247 3410 385 3468; x_wconf 77' lang='lat' dir='ltr'>aliam</span> <span class='ocrx_word' id='word_1_347' title='bbox 408 3410 654 3473; x_wconf 61' lang='lat' dir='ltr'>dialeetum</span> <span class='ocrx_word' id='word_1_348' title='bbox 672 3415 965 3468; x_wconf 82' lang='lat' dir='ltr'>Dumbarum</span> <span class='ocrx_word' id='word_1_349' title='bbox 990 3434 1014 3463; x_wconf 90' lang='lat' dir='ltr'>a</span> <span class='ocrx_word' id='word_1_350' title='bbox 1035 3417 1136 3463; x_wconf 89' lang='lat' dir='ltr'>viro</span> <span class='ocrx_word' id='word_1_351' title='bbox 1155 3418 1350 3472; x_wconf 87' lang='lat' dir='ltr'>strenu0,</span> <span class='ocrx_word' id='word_1_352' title='bbox 1367 3417 1441 3465; x_wconf 86' lang='lat' dir='ltr'>cui</span> <span class='ocrx_word' id='word_1_353' title='bbox 1463 3420 1550 3464; x_wconf 87' lang='lat' dir='ltr'>Bar</span> <span class='ocrx_word' id='word_1_354' title='bbox 1571 3430 1667 3464; x_wconf 87' lang='lat' dir='ltr'>erat</span> <span class='ocrx_word' id='word_1_355' title='bbox 1689 3433 1877 3473; x_wconf 89' lang='lat' dir='ltr'>nomen,</span> 
     </span>
     <span class='ocr_line' id='line_1_41' title="bbox 99 3473 1877 3545; baseline 0.006 -26"><span class='ocrx_word' id='word_1_356' title='bbox 99 3473 385 3536; x_wconf 76' lang='lat' dir='ltr'>appellatum</span> <span class='ocrx_word' id='word_1_357' title='bbox 407 3475 625 3533; x_wconf 75' lang='lat' dir='ltr'>creditur.</span> <span class='ocrx_word' id='word_1_358' title='bbox 693 3479 923 3527; x_wconf 85' lang='lat' dir='ltr'>Lothiana</span> <span class='ocrx_word' id='word_1_359' title='bbox 948 3498 1039 3528; x_wconf 88' lang='lat' dir='ltr'>non</span> <span class='ocrx_word' id='word_1_360' title='bbox 1061 3483 1126 3529; x_wconf 86' lang='lat' dir='ltr'>ita</span> <span class='ocrx_word' id='word_1_361' title='bbox 1141 3481 1323 3544; x_wconf 83' lang='lat' dir='ltr'>pridem</span> <span class='ocrx_word' id='word_1_362' title='bbox 1346 3499 1372 3529; x_wconf 85' lang='lat' dir='ltr'>a</span> <span class='ocrx_word' id='word_1_363' title='bbox 1391 3483 1544 3528; x_wconf 89' lang='lat' dir='ltr'>Lotho</span> <span class='ocrx_word' id='word_1_364' title='bbox 1567 3484 1696 3545; x_wconf 83' lang='lat' dir='ltr'>Rege</span> <span class='ocrx_word' id='word_1_365' title='bbox 1724 3482 1877 3529; x_wconf 65' lang='lat' dir='ltr'>Picto-</span> 
     </span>
     <span class='ocr_line' id='line_1_42' title="bbox 56 3538 1882 3613; baseline 0.005 -29"><span class='ocrx_word' id='word_1_366' title='bbox 56 3602 59 3608; x_wconf 20' lang='grc' dir='ltr'><em>ι</em></span> <span class='ocrx_word' id='word_1_367' title='bbox 100 3554 206 3597; x_wconf 59' lang='grc' dir='ltr'>ιζωῃ,</span> <span class='ocrx_word' id='word_1_368' title='bbox 221 3553 390 3590; x_wconf 72' lang='lat' dir='ltr'>nomen</span> <span class='ocrx_word' id='word_1_369' title='bbox 410 3538 627 3599; x_wconf 66' lang='lat' dir='ltr'>habebat,</span> <span class='ocrx_word' id='word_1_370' title='bbox 696 3544 1088 3609; x_wconf 77' lang='lat' dir='ltr'>Cunigamiavox</span> <span class='ocrx_word' id='word_1_371' title='bbox 1115 3547 1174 3594; x_wconf 92' lang='lat' dir='ltr'>est</span> <span class='ocrx_word' id='word_1_372' title='bbox 1195 3545 1376 3610; x_wconf 78' lang='lat' dir='ltr'>prorsus</span> <span class='ocrx_word' id='word_1_373' title='bbox 1397 3546 1596 3603; x_wconf 82' lang='lat' dir='ltr'>Danica,</span> <span class='ocrx_word' id='word_1_374' title='bbox 1620 3562 1759 3613; x_wconf 80' lang='lat' dir='ltr'>quam</span> <span class='ocrx_word' id='word_1_375' title='bbox 1780 3548 1882 3611; x_wconf 89' lang='lat' dir='ltr'>post</span> 
     </span>
    </p>
   </div>
   <div class='ocr_carea' id='block_1_8' title="bbox 155 3666 851 3724">
    <p class='ocr_par' dir='ltr' id='par_1_8' title="bbox 155 3666 851 3724">
     <span class='ocr_line' id='line_1_43' title="bbox 155 3666 851 3724; baseline 0.009 -18"><span class='ocrx_word' id='word_1_376' title='bbox 155 3666 217 3717; x_wconf 71' lang='grc' dir='ltr'>(ι)</span> <span class='ocrx_word' id='word_1_377' title='bbox 244 3669 392 3724; x_wconf 66' lang='lat' dir='ltr'>Nempe</span> <span class='ocrx_word' id='word_1_378' title='bbox 408 3669 567 3718; x_wconf 78' lang='lat' dir='ltr'>hostem,</span> <span class='ocrx_word' id='word_1_379' title='bbox 587 3671 622 3709; x_wconf 80' lang='lat' dir='ltr'>id</span> <span class='ocrx_word' id='word_1_380' title='bbox 642 3674 690 3710; x_wconf 93' lang='lat' dir='ltr'>est</span> <span class='ocrx_word' id='word_1_381' title='bbox 710 3673 851 3714; x_wconf 56' lang='lat' dir='ltr'>Pieros,</span> 
     </span>
    </p>
   </div>
   <div class='ocr_carea' id='block_1_9' title="bbox 1755 3729 1884 3778">
    <p class='ocr_par' dir='ltr' id='par_1_9' title="bbox 1755 3729 1884 3778">
     <span class='ocr_line' id='line_1_44' title="bbox 1755 3729 1884 3778; baseline -0.023 -1"><span class='ocrx_word' id='word_1_382' title='bbox 1755 3729 1884 3778; x_wconf 86' lang='lat' dir='ltr'>Ken.</span> 
     </span>
    </p>
   </div>
  </div>
 </body>
</html>
