2091 3796
227 116 353 166 110·
445 98 884 175 *RERUM
974 102 1673 179 ScoTrc‘A-RUM

215 195 425 246 venando
445 193 589 244 vitam
620 194 806 262 inopem
830 201 1040 257 tolerare,
1064 211 1141 248 aut
1167 201 1469 254 latrocinandi
1501 207 1733 258 licentiam
1767 211 1826 259 ab
1859 213 1996 264 hoste>

208 260 452 325 adversum
474 260 574 308 suos
595 273 859 311 convertere
881 283 891 310 :
927 266 1040 312 adeo
1060 277 1110 311 ut
1128 266 1152 312 ὲ
1173 282 1285 328 pace
1314 281 1500 318 externa
1520 275 1666 337 prope
1689 276 1994 328 domesticum.

163 341 167 345 ·
216 324 391 391 bellum
422 325 692 390 nasceretur.
759 329 864 384 Nec
898 330 968 390 (1)
1004 328 1085 375 soli
1115 342 1374 379 exterorum
1396 328 1612 397 perpetui*
1637 340 1798 397 hostes,
1823 345 1899 391 etfi
1924 345 1982 391 ab

212 401 378 452 aperto
407 389 530 442 bello
553 392 884 457 temperabant,
917 392 1109 440 subinde
1143 395 1353 456 proxima
1384 401 1759 461 populabantur:
1795 406 1868 454 sed
1892 408 1979 455 Hi-

213 452 462 503 bernoru'm
480 470 640 504 manus
662 456 737 520 spe
759 455 875 503 lucri
896 455 1088 504 invitata
1105 459 1345 508 maritimis
1366 461 1695 514 incursionibus
1719 469 1918 527 miseros,
1941 479 1982 519 δε

211 521 428 572 extremis
449 522 581 571 malis
604 521 792 569 obseffos
815 521 1057 569 vexabant.
1125 524 1318 571 Accessit
1339 527 1547 574 omnium
1571 530 1881 580 calamitatum
1903 553 1983 582 ex-

213 589 418 635 tremum·
434 587 575 636 fames
601 603 614 632 :
646 603 751 650 quae
772 587 888 633 adeo
910 585 1082 634 feroces
1104 587 1285 650 spiritus
1308 588 1463 654 fregit,
1485 605 1535 639 ut
1556 595 1742 656 plurimi
1763 597 1846 644 sese
1868 599 1982 646 hosti

213 653 374 721 sponte
391 652 625 699 dederent.
693 650 909 698 Tandem
931 651 1181 714 pauci',qui
1198 652 1247 700 in
1269 653 1495 717 speluncis
1519 658 1737 713 latebant,
1754 663 1983 711 neceffita-

212 729 265 765 te
294 716 440 765 coaCti
470 716 746 780 prodeuntes
774 731 912 778 vagas
948 716 1258 778 praedatorum
1289 735 1448 766 manus
1479 721 1790 783 disjecerunt:
1823 729 1873 775 &
1895 729 1988 775 Hi-

211 781 377 830 bei-nos
411 781 469 829 ad
491 797 615 828 mare
638 780 894 843 compulsos
926 780 1068 828 Albio
1091 780 1318 830 discedere
1341 799 1603 850 coegerunt.
1674 790 1740 835 Ea
1763 792 1881 850 peste
1903 792 1983 840 vix

210 846 372 894 abacta
392 846 581 911 propius
619 847 792 892 malum
827 843 1011 909 gravius
1037 862 1196 908 urgere
1219 846 1376 910 coepit.
1445 852 1586 905 Scoti‚
1615 853 1661 899 ac
1682 854 1792 900 Picti
1818 872 1982 919 perpe-

211 909 284 959 tui
304 911 448 959 hostes
469 927 563 959 non
585 909 789 956 contenti
811 909 987 971 praedas
1009 909 1127 955 clam
1158 910 1384 958 abducere
1403 912 1449 959 in
1474 915 1755 962 occasionem
1789 919 1855 964 rei
1889 935 1984 965 ma—

205 975 321 1041 JOris
343 975 547 1023 animum
568 973 874 1021 intenderant.
943 973 1177 1035 Eugenius
1203 974 1326 1021 enim
1347 976 1546 1040 Fergufii
1572 977 1706 1035 filius,
1731 981 1813 1043 qui
1835 981 1912 1029 sub
1937 996 1997 1031 a·‘

210 1039 336 1089 liena
366 1040 509 1087 tutela
530 1038 587 1085 ad
617 1038 667 1085 id
704 1048 882 1100 tempus
904 1036 1156 1099 quieverat,
1175 1036 1272 1098 jam
1302 1039 1468 1087 adultis
1495 1042 1634 1106 longa
1655 1060 1767 1107 pace
1789 1047 1979 1104 viribus,

160 1114 167 1120 ⁴
211 1120 266 1154 ac
288 1105 432 1152 multa
453 1103 607 1150 sobole
639 1100 896 1165 juventutis
927 1103 1100 1157 auctus,
1138 1102 1364 1164 specimen
1388 1103 1453 1152 sui
1475 1107 1706 1155 ostendere
1729 1111 1943 1174 cupiebat
1969 1133 1979 1159 :

211 1175 255 1219 &
275 1181 439 1233 praeter
455 1167 714 1215 Brittonum
729 1166 1048 1214 'infirmitatem
1070 1168 1306 1215 accesserat
1328 1169 1504 1231 privata
1527 1171 1645 1217 belli'
1660 1174 1804 1221 causa.
1946 1176 1949 1183 '

275 1235 335 1281 X.
371 1234 586 1280 Graemus
620 1249 729 1280 avus
763 1232 858 1294 ejus
882 1244 1111 1278 maternus
1133 1233 1254 1278 claro
1278 1251 1443 1298 genere
1472 1236 1594 1297 apud
1624 1233 1741 1293 suos,
1768 1238 1831 1285 uti
1864 1239 1984 1287 dixi·

209 1316 330 1353 mus,
349 1309 472 1345 ortus
494 1310 590 1345 erat
622 1315 635 1344 t
683 1297 757 1343 sed
778 1313 836 1343 ex
857 1313 910 1343 ea
931 1295 1142 1351 factione,
1168 1314 1271 1359 quie
1307 1297 1498 1360 patriam
1518 1300 1694 1362 eripere
1718 1303 1932 1365 cupiebat
1955 1305 1981 1352 ὲ

208 1361 420 1412 servitute
443 1364 773 1410 Romanorum.
842 1363 958 1408 Eam
976 1362 1038 1407 ob
1075 1362 1251 1408 causam
1275 1364 1332 1409 ab
1367 1364 1507 1410 altera
1540 1363 1737 1414 factione
1758 1367 1981 1420 validiore

208 1428 351 1475 domo
370 1427 522 1492 pulsus
545 1428 604 1474 ad
626 1429 808 1483 ScotOS,¹
827 1425 1099 1489 quibuscum
1120 1425 1295 1474 avitum
1317 1427 1359 1474 ei
1382 1427 1649 1492 hospitium,
1675 1446 1726 1477 ac
1750 1434 1907 1479 multae
1930 1450 1979 1480 a-

206 1492 284 1540 liae
307 1490 649 1540 necessitudines
672 1503 822 1546 erant,
842 1489 883 1536 se
906 1489 1119 1538 contulit.
1187 1493 1255 1539 Eo
1277 1492 1493 1539 defuncto
1525 1495 1758 1558 Eugenius
1781 1513 1913 1563 agros,
1935 1514 1983 1545 a·

206 1557 349 1614 vitm,
367 1561 414 1607 &
437 1557 709 1613 fructuosos„
725 1554 807 1619 qui
827 1554 947 1602 intra
970 1554 1163 1603 Adriani
1184 1556 1355 1603 vallum
1378 1570 1521 1609 erant,
1548 1576 1628 1622 per
1652 1561 1828 1624 legatos
1851 1579 1982 1624 repe-

208 1622 336 1673 tebat
355 1639 368 1667 :
409 1635 461 1668 ac
481 1639 574 1669 non
595 1620 784 1669 obscure
805 1637 902 1683 prae
922 1619 964 1666 se
987 1619 1177 1669 ferebat,
1203 1621 1251 1667 ni
1272 1621 1583 1678 redderentur,
1610 1624 1782 1671 bellum
1814 1625 1854 1672 se
1877 1626 1980 1673 illa-

207 1686 378 1733 turum.
448 1687 571 1733 Cum
591 1685 732 1749 legati
753 1684 968 1731 mandata
1000 1683 1048 1731 in
1071 1685 1259 1734 consilio
1288 1685 1544 1732 Brittonum
1568 1690 1883 1751 exposuissent,
1906 1691 1980 1738 in·-

206 1763 279 1798 ter
309 1750 431 1814 ipsos
465 1762 590 1798 tanta
620 1749 914 1797 contentione
936 1749 1192 1797 animorum
1217 1751 1276 1797 est
1299 1764 1537 1806 certatum,
1566 1764 1613 1797 ut
1633 1770 1777 1816 prope
1800 1755 1856 1800 ad
1879 1746 1977 1802 ma-

208 1831 294 1862 nus
330 1814 549 1862 venirent.
619 1813 927 1862 Ferociflimus
962 1815 1152 1878 quisque
1185 1815 1367 1871 clamat,
1401 1817 1567 1862 scotos
1594 1812 1684 1864 no'n
1720 1831 1814 1865 tam
1848 1835 1981 1882 agros

211 1879 401 1944 (quibus
419 1880 723 1940 abundarent)
749 1895 888 1942 quam
912 1879 1084 1926 bellum
1108 1896 1309 1941 quaerere
1339 1898 1349 1926 :
1386 1895 1471 1927 nec
1504 1879 1704 1928 insidiari
1727 1894 1910 1929 tantum'
1931 1900 1979 1930 a·

208 1943 342 1992 lienis
373 1943 727 1999 calamitatibus,
749 1944 823 1990 sed
855 1943 1126 2006 patientiam
1161 1956 1349 1991 tentare.
1419 1943 1471 1990 Si·
1489 1944 1587 2008 agri
1611 1958 1852 2008 negentur,
1885 1947 1983 1994 ber-

204 2009 306 2059 lum
328 2008 487 2056 instare
514 2028 526 2056 ι
563 2009 595 2055 fi
617 2009 800 2062 dentur,
825 2008 997 2055 hostem
1032 2007 1400 2055 immanifli‘mum
1435 2008 1556 2055 intra
1592 2009 1761 2057 viscera
1793 2012 1940 2075 accipi
1967 2029 1980 2059 z

207 2089 292 2124 nec
315 2085 466 2121 tamen
487 2073 553 2120 ita
572 2108 574 2110 -
583 2088 743 2138 pacem
775 2072 1029 2126 habiturOS,
1053 2073 1134 2119 nisi
1156 2072 1333 2135 sperent
1353 2089 1511 2119 eorum
1534 2075 1770 2121 avaritiam
1806 2093 1975 2138 pauco·

211 2154 313 2185 rum
333 2154 548 2202 agrorum
570 2137 850 2185 concessione
887 2137 1121 2199 expletum
1146 2137 1219 2192 iri,
1245 2137 1325 2199 qui
1361 2151 1445 2191 tot,
1470 2151 1562 2183 tam
1588 2139 1750 2202 amplis
1784 2139 1985 2203 regioni·

205 2202 313 2257 bus,
343 2202 511 2266 quibus
533 2201 744 2266 proximo
768 2202 891 2249 bello
912 2202 1221 2265 demigratum
1244 2203 1312 2258 fit,
1334 2218 1424 2249 non
1448 2202 1532 2248 fint
1556 2203 1775 2251 contenti.
1843 2205 1983 2251 Totis

207 2266 366 2330 itaque
388 2266 560 2314 viribus
582 2267 641 2315 ab
670 2266 805 2314 initio
826 2283 985 2314 eorum
1006 2267 1337 2323 immoderatae,
1361 2265 1457 2312 imo
1490 2265 1760 2330 inexplebili
1797 2267 1984 2316 libidini

209 2331 395 2379 obviam
415 2331 619 2380 eundum
640 2331 724 2378 effe
758 2352 769 2377 :
813 2347 897 2378 nec
928 2347 1169 2393 parvarum
1204 2330 1654 2382 rerumconcessione
1676 2331 1979 2399 cupiditatem

208 2395 599 2451 inflammandam,
626 2395 944 2461 &augendam
969 2395 1225 2450 audaciam,
1250 2395 1332 2442 sedv
1345 2395 1466 2441 ferro
1495 2395 1887 2458 comprimendam
1926 2397 1985 2448 li·

209 2461 426 2514 centiam.
1410 2466 1412 2469 ’

235 2527 238 2530 ⁴
274 2527 360 2573 XI.
381 2525 506 2576 'Erat
537 2524 582 2571 in
607 2541 663 2575 eo
682 2524 882 2582 concilio
913 2527 1132 2574 Conanus
1166 2524 1236 2580 vir
1257 2523 1464 2586 apprime
1487 2524 1672 2579 nobilis,
1699 2530 1740 2572 δε
1760 2523 1980 2587 opinione

175 2623 177 2625 ·
207 2590 464 2655 prudentiae
485 2589 605 2637 inter
626 2590 908 2642 suosclarus.
977 2592 1020 2636 Is
1043 2605 1151 2638 cum
1170 2590 1314 2639 multa
1334 2587 1534 2651 graviter
1555 2590 1612 2635 de
1635 2589 1828 2640 hostium
1851 2588 1979 2635 saevi-

210 2653 290 2709 tia,
316 2652 978 2720 deque'praesentiBrittonum
1001 2655 1111 2700 statu
1149 2652 1426 2708 differuiffet,
1457 2653 1746 2714 juventutem
1767 2654 1860 2700 fere
1883 2668 1981 2703 om·

208 2733 316 2767 nem
337 2718 723 2767 in‘t'ransmarin'as
745 2717 1062 2781 'expeditiones
1081 2718 1323 2766 abductam
1349 2733 1360 2762 :
1393 2717 1606 2779 acceilisse
1628 2721 1678 2766 &
1712 2718 1886 2764 bellum
1908 2717 1979 2764 fo·

210 2782 289 2838 ris,
314 2781 365 2833 &
385 2782 515 2833 domi
531 2781 789 2838 seditioneS,
815 2787 852 2829 δι
878 2798 934 2829 ex
954 2782 1111 2845 inopia
1133 2783 1319 2837 famem,
1344 2797 1448 2844 quae
1470 2781 1686 2844 reliquias
1710 2781 1979 2829 miserrimas

211 2850 290 2900 aut
320 2846 659 2910 consumpserit,
694 2856 773 2897 aut
806 2846 1072 2895 debilitarit.
1139 2849 1370 2894 Romanas
1403 2844 1608 2909 legiones
1641 2846 1699 2892 ad
1734 2846 1979 2892 domestica

208 2911 336 2958 bella.
354 2911 429 2974 spe
449 2911 577 2959 omni
593 2909 766 2959 reditus
785 2924 1012 2975 praerepta
1043 2911 1198 2959 abiiss‘e
1222 2930 1233 2958 :
1269 2925 1428 2974 pacem
1453 2924 1558 2955 cum
1588 2909 1710 2957 hoste
1733 2909 1979 2971 crudelissi·

208 2990 289 3025 mo
320 2974 481 3040 partim
502 2975 691 3038 qui‘dem
713 2976 969 3034 honestam,
985 2976 1068 3024 sed'
1092 2989 1213 3024 certe
1243 2973 1536 3022 necessariam,
1551 2974 1649 3020 effe.
1718 2975 1774 3025 kd
1794 2973 1975 3020 eonsili-

213 3056 292 3088 um
317 3039 445 3088 nullo
477 3056 630 3090 rerum
661 3039 840 3091 suarum
862 3039 1064 3103 respectu
1086 3057 1118 3087 a
1150 3039 1192 3086 se
1213 3039 1392 3092 datum,
1413 3037 1488 3084 sed
1511 3038 1698 3100 publica
1730 3037 1984 3091 necestitate

208 3102 467 3167 'expressum
492 3121 512 3152 ι,
537 3103 627 3151 hoc
646 3105 731 3153 esse
752 3103 944 3158 indicio,
969 3106 1098 3169 quod
1124 3101 1330 3168 quandiu
1352 3102 1393 3150 se
1420 3102 1538 3148 tueri
1559 3101 1768 3150 adversus
1790 3102 1987 3149 hostium

209 3167 952 3231 i'mmanitatem'poterant‚„nulla
966 3167 1176 3232 unquam
1190 3165 1312 3234 pacis
1336 3165 1510 3217 mentio
1531 3181 1558 3212 a
1590 3164 1633 3216 fe
1654 3166 1806 3216 fuisset
1823 3166 1942 3213 fana
1967 3183 1991 3224 a,

204 3236 361 3296 neque
379 3232 423 3280 se
443 3232 656 3295 ignorate
677 3232 795 3279 hanc
816 3232 974 3295 ipsam,
1000 3229 1141 3296 quam
1161 3231 1344 3279 suadeat
1364 3245 1456 3277 non
1479 3230 1584 3281 fore·
1596 3228 1888 3286 diuturnam‚'
1903 3229 1981 3276 sed

132 3323 134 3326 ·
161 3315 169 3320 ‘
207 3298 386 3344 moram
407 3295 624 3359 tantisper
644 3295 769 3342 bello
791 3296 1028 3351 fafituram,
1052 3295 1302 3344 dumvi'res
1325 3294 1592 3342 Brittonum*
1610 3306 1680 3342 tot
1707 3294 1879 3342 casibus
1901 3293 1983 3340 de—

210 3360 418 3417 bilitatae,
443 3376 496 3413 ac
528 3376 674 3429 prope
691 3360 845 3413 fractae
878 3360 1005 3413 brevi
1035 3359 1190 3427 quiete
1225 3358 1567 3431 refocillarssssac
1588 3358 1781 3406 recreari
1794 3358 1982 3422 'possint-

263 3489 327 3537 (1)
354 3489 444 3528 The
464 3483 576 3529 'Scots
608 3491 677 3528 and
707 3488 825 3531 pias.
844 3489 931 3527 who
961 3488 1070 3537 being
1123 3498 1163 3528 to
1189 3489 1256 3528 the
1274 3471 1471 3527 Brittonsi
1500 3488 1559 3528 for
1584 3487 1651 3529 the
1678 3487 1770 3526 Irish
1797 3483 2003 3540 were-‘bug

214 3543 432 3612 fqreigners,
463 3544 658 3586 had-been
687 3543 1071 3595 perpetual--enemies
1124 3541 1407 3585 new-enemim.
1445 3580 1449 3583 ⁴
1764 3543 1779 3552 ”
1933 3566 1937 3569 -

1865 3617 2002 3671 Hae&
