2045 3857
449 179 825 245 -LtnER
935 173 1439 239 OCTAVUS.
1754 171 1879 227 221

118 287 281 337 ‹dentia
296 280 433 345 longe
454 273 810 342 praestantiffimi.
867 268 1052 335 Viginti
1074 266 1219 315 millia
1236 267 1441 330 equitum
1466 263 1784 327 expeditorum
1804 262 1886 309 ha-

124 355 310 402 bebant,
334 348 424 392 fine
443 342 547 389 ullis
571 339 777 403 peditum
798 336 943 399 copiis
969 354 980 382 ε
1013 334 1140 396 quod
1161 348 1216 378 eo
1237 330 1424 377 consilio
1444 329 1616 375 factum
1646 329 1723 384 est,
1761 341 1810 374 ut
1832 329 1887 374 fi-

121 434 182 464 ne
198 406 536 475 impedimentis
556 404 689 451 latius
710 402 1026 454 discurrerent,
1047 413 1130 445 nec
1149 395 1334 458 usquam
1353 393 1656 447 consisterent,
1679 405 1757 440 aut
1771 408 1886 455 prze-

120 481 177 527 lii
198 476 345 523 casum
370 471 506 518 inviti
523 469 721 516 subirent
742 464 952 513 adversus
974 463 1200 526 Anglum,
1222 475 1362 524 quem
1384 474 1489 504 cum
1513 456 1651 519 longe
1674 472 1889 504 numero-

119 533 279 588 fiffimo
310 536 513 584 exercitu
549 532 883 597 progressurum
915 529 964 576 in
1002 529 1196 591 primam
1226 521 1570 587 expeditionem
1592 536 1684 567 non
1706 521 1890 568 dubita-

120 605 232 652 bant
255 621 267 649 :
305 618 389 649 nec
407 599 573 648 fefellit
590 614 666 645 eos
687 594 864 658 opinio.
932 594 1058 640 Nam
1075 603 1242 654 praeter
1257 586 1524 635 domesticas
1548 584 1702 647 copias
1725 602 1892 649 magna

117 667 329 731 &Belgio
350 665 561 729 equitum
583 660 810 709 exciverat
832 658 1018 705 auxilia.
1082 657 1259 701 Verum
1288 664 1388 699 orta
1407 650 1528 698 inter
1547 665 1625 696 eos
1648 654 1688 696 &
1711 650 1890 712 Anglos

118 731 321 780 Eboraci
342 729 580 782 seditione,
612 725 875 787 Anglorum
896 721 1088 785 quidam
1107 718 1344 779 scriptores
1366 732 1444 762 eos
1467 715 1661 763 domum
1691 714 1892 760 remiffos

118 796 321 844 tradunt.
390 797 456 840 At
485 794 519 840 F
523 789 742 839 roffardus
766 787 932 833 Gallus
958 787 1029 847 (1)
1056 783 1242 846 :equalis
1262 780 1451 827 illorum
1471 793 1733 843 temporum
1756 777 1892 839 scrip-

44 888 51 898 ·
119 872 194 909 tor
213 873 307 908 tota
329 873 382 908 ea
403 875 460 906 ex
496 856 698 904 editione
715 852 887 899 secutos
910 850 1118 913 Anglum
1138 848 1329 893 affirmat
1349 864 1361 892 ε
1395 861 1448 891 ac
1470 859 1562 890 non
1580 843 1725 890 solum
1746 842 1892 889 hono-

101 925 182 973 .ris
204 925 351 980 causa,
374 923 448 972 sed
485 917 699 969 editionis
721 916 861 965 etiam
884 927 1010 962 metu
1032 912 1295 977 proximum
1317 911 1414 974 post
1436 908 1634 974 Regiam
1656 908 1892 954 cohortem

117 989 169 1038 in
189 990 339 1037 castris
355 990 512 1036 locum
533 986 706 1048 semper
722 982 786 1029 eis
809 981 937 1028 fuiffe
958 980 1242 1042 affignatum.

185 1056 292 1102 LII.
326 1056 426 1102 Rex
446 1051 592 1115 igitur
611 1047 827 1096 omnibus
848 1044 993 1108 copiis
1015 1041 1288 1105 conjunCtiS,
1315 1039 1468 1103 (supra
1488 1037 1720 1102 sexaginta
1740 1037 1894 1085 homi-

120 1137 230 1168 num
258 1118 402 1167 millia
422 1117 550 1164 fuisse
571 1114 673 1160 satis
691 1110 941 1171 constabat)
962 1108 1367 1160 adversusScotos,
1389 1120 1503 1167 quos
1521 1104 1614 1166 jam
1637 1101 1810 1150 Tinam
1828 1103 1894 1150 es-

120 1185 165 1231 se
187 1183 469 1246 transgrefl‘os
491 1176 798 1240 intelligebat,
823 1175 985 1221 movit.
1055 1171 1132 1218 Ad
1153 1170 1327 1218 Tinam
1348 1171 1473 1217 enim
1495 1168 1588 1215 duo
1610 1179 1739 1214 erant
1758 1167 1895 1232 oppi-

119 1249 182 1296 da
198 1248 390 1302 munita,
408 1247 602 1292 alterum
616 1240 804 1304 propius
817 1238 1021 1286 Valliam
1043 1235 1324 1289 Carleolum,
1347 1235 1541 1282 alterum
1559 1232 1743 1279 circiter
1759 1234 1895 1296 quin·

117 1313 344 1378 quaginta
364 1310 512 1359 millia
532 1306 736 1371 pass'uum
756 1303 966 1358 inferius,
988 1301 1183 1349 Novum
1203 1300 1396 1347 castrum
1418 1298 1667 1363 appellant.
1716 1298 1896 1345 Utrun-

119 1394 212 1440 que
236 1378 416 1442 Anglus
437 1372 617 1437 magnis
639 1358 874 1435 praefidiis,
914 1379 965 1414 ut
997 1367 1142 1413 hostes
1169 1364 1355 1412 transitu
1381 1362 1583 1410 fluminis
1611 1363 1894 1425 prohiberet,

121 1443 470 1490 communierat.
540 1437 617 1484 llli
658 1448 810 1482 tamen
837 1433 966 1480 vadis
1001 1430 1122 1479 notis
1155 1429 1221 1476 ita
1243 1429 1333 1476 fine
1368 1428 1462 1475 ullo
1480 1427 1688 1475 tumultu
1711 1430 1896 1475 transie-

121 1522 246 1562 runt,
275 1519 323 1554 ut
346 1518 535 1568 utraque
559 1499 766 1565 praesidia
800 1498 1025 1545 fallerent.
1094 1493 1241 1558 Angli
1277 1494 1331 1540 in.
1349 1511 1509 1558 agrurn
1533 1493 1896 1540 Dunelmensem

120 1573 335 1635 progrefli
357 1587 460 1618 cum
484 1585 540 1616 ex
569 1566 682 1613 locis
704 1564 973 1611 editioribus
1004 1561 1218 1608 incendia
1255 1559 1396 1622 longe
1426 1557 1752 1621 prospicerent,
1795 1570 1896 1605 tum

120 1637 309 1684 demum
331 1635 589 1698 intelligere
607 1641 862 1695 coeperunt,
878 1644 1018 1691 quam
1036 1624 1323 1689 propinquus
1343 1623 1477 1671 hostis
1500 1623 1632 1669 ess'et:
1671 1624 1897 1669 tumultu-

121 1702 195 1748 ose
216 1702 274 1748 ad
294 1717 420 1747 arma
441 1701 640 1745 clamant
664 1714 676 1741 :
728 1700 767 1742 δε
790 1693 916 1740 velut
940 1693 1130 1754 jamjam
1153 1688 1418 1753 pugnaturi,
1451 1686 1544 1752 qua
1573 1686 1895 1735 incendiorum

119 1765 240 1813 fumi
262 1765 579 1816 cernebantur,
605 1762 662 1808 εὸ
684 1759 867 1822 triplice
889 1759 985 1804 acie
1006 1755 1209 1802 instructi
1228 1753 1350 1800 recia
1384 1754 1575 1806 ducunt,
1608 1751 1736 1815 gravi
1758 1769 1898 1815 poena

118 1832 352 1894 proposita
373 1830 404 1876 fi
428 1827 530 1891 quis
550 1826 613 1888 inj
624 1826 713 1872 uffu
732 1822 1018 1887 imperatoris
1041 1820 1137 1866 acie
1158 1819 1414 1867 excederet.
1482 1818 1659 1863 Frustra
1679 1817 1896 1865 omnibus

120 1894 325 1959 fatigatis
342 1895 424 1942 sub
440 1891 679 1954 vesperum
697 1890 801 1936 loco
818 1886 969 1935 castris
987 1886 1035 1932 in
1058 1886 1166 1932 silva
1186 1901 1330 1947 prope
1352 1881 1545 1929 fluvium
1568 1881 1801 1945 quendam
1816 1882 1897 1929 de-

120 1960 295 2025 fignato
317 1959 384 2006 ibi
401 1956 734 2020 impedimenta
753 1957 877 2016 (quae
898 1950 1107 1999 celeriter
1126 1962 1308 2012 raptum
1327 1964 1492 2010 agmen
1510 1945 1637 2010 sequi
1654 1962 1746 1993 non
1763 1960 1898 2008 pote-

119 2026 242 2085 rant)
268 2025 514 2071 collocant.
581 2021 762 2068 Postero
784 2018 859 2066 die
882 2017 1046 2064 eodem
1067 2014 1228 2061 ordine
1249 2012 1442 2077 profecti
1457 2011 1554 2072 jam
1576 2010 1826 2057 inclinante
1847 2012 1896 2059 in

120 2086 358 2152 vesperum
381 2088 456 2134 die
480 2086 784 2147 utjumenta,
806 2082 1072 2146 peditesque
1097 2080 1354 2137 reficerent,
1381 2076 1782 2123 coacticonfistere
1804 2077 1897 2122 cas-

53 2198 57 2209 ,
121 2153 204 2199 tris
227 2169 310 2216 pro
331 2151 425 2198 loci
445 2149 775 2198 commoditate
796 2146 951 2210 politis
974 2161 1183 2209 proceres
1207 2142 1264 2189 ad
1288 2144 1466 2206 Regem
1489 2152 1671 2187 coeunt.
1760 2141 1895 2187 Deli-

121 2218 306 2264 beratur
327 2232 421 2278 quo
443 2217 574 2278 pacto
608 2213 784 2260 efficere
814 2211 994 2275 possint,
1031 2223 1082 2256 ut
1115 2225 1303 2255 manum
1336 2223 1442 2253 cum
1479 2207 1618 2251 Scoto
1639 2204 1893 2252 conferant.

121 2281 314 2344 Majoris
339 2281 479 2339 partis
513 2296 567 2327 ea
587 2277 677 2325 fuit
697 2276 858 2339 opinio
880 2292 971 2322 non
994 2275 1115 2337 poffe
1138 2273 1234 2320 fieri
1254 2284 1301 2319 ut
1324 2272 1466 2334 Angli
1492 2269 1667 2333 pedites
1690 2269 1897 2331 equitem

120 2348 311 2394 Scotum
328 2341 603 2408 expeditum
621 2343 957 2403 assequerentur
977 2357 986 2386 :
1012 2355 1095 2385 nec
1115 2338 1146 2385 si
1159 2338 1460 2400 assequantur,
1482 2335 1603 2396 poffe
1620 2351 1762 2398 vagos
1779 2351 1896 2397 praeae

118 2411 263 2458 dones
285 2410 393 2474 cogi
414 2410 472 2455 ad
494 2406 814 2472 pugnandum,
839 2405 921 2451 nifi
943 2403 1030 2451 suis
1052 2403 1182 2450 locis.
1233 2403 1412 2448 Verum
1438 2402 1548 2462 quia
1562 2399 1659 2460 jam
1681 2399 1898 2446 omnibus

118 2475 383 2539 pervastatis
399 2473 449 2521 in
470 2474 642 2520 hostico
664 2470 744 2517 diu
768 2485 1033 2533 permanere
1056 2485 1149 2514 non
1167 2466 1346 2530 possint,
1370 2466 1599 2528 optimum
1621 2463 1769 2510 videri
1791 2480 1898 2511 cum

118 2540 335 2587 omnibus
351 2539 498 2602 copiis
521 2537 695 2585 Tinam
714 2536 917 2590 transire,
954 2547 1090 2596 atque
1114 2533 1284 2578 hostem
1307 2531 1499 2577 domum
1520 2529 1788 2576 redeuntem
1819 2547 1898 2576 ex-

59 2635 63 2638 -
117 2605 291 2669 cipere.
358 2603 620 2667 Regionem
642 2601 778 2648 etiam
798 2612 919 2647 trans
943 2599 1118 2646 Tinam
1140 2596 1395 2660 planiorem
1418 2595 1520 2649 effe,
1546 2599 1587 2641 δε
1608 2594 1898 2641 commodio-

118 2686 218 2718 rem
236 2670 292 2716 ad
315 2668 462 2716 aciem
476 2666 818 2730 explicandam,
839 2663 1035 2727 totisque
1051 2662 1181 2709 simul
1198 2660 1370 2708 viribus
1390 2658 1744 2713 decernendum..

185 2736 317 2786 Lm.
351 2734 470 2780 Haec
486 2730 707 2779 sententia
725 2745 830 2776 cum
849 2729 954 2775 ess'et
972 2728 1181 2791 probata,
1202 2725 1422 2778 edictum,
1445 2737 1494 2771 ut
1511 2740 1703 2786 corpora
1717 2736 1895 2778 curent,

117 2812 258 2863 atque
277 2798 472 2844 universi
492 2808 664 2860 quanto
684 2811 788 2841 cum
811 2794 989 2840 silentio
1011 2793 1202 2854 pofl'ent,
1227 2800 1428 2854 agerent,
1465 2801 1514 2834 ut
1534 2787 1730 2849 imperia
1751 2787 1898 2834 facili-

119 2881 174 2914 us
195 2865 433 2927 capessere,
455 2867 494 2908 &
517 2858 676 2907 sonum
696 2860 907 2906 tubarum
927 2859 1085 2904 audire
1107 2868 1278 2919 queant
1299 2873 1309 2901 :
1337 2866 1386 2900 ut
1405 2852 1572 2900 reliffis
1591 2852 1899 2915 impedimen·

119 2927 181 2986 tis
202 2926 367 2991 singuli
390 2926 589 2989 singulos
619 2940 759 2988 panes
794 2923 944 2969 secum
968 2922 1154 2975 ferrent,
1194 2933 1242 2966 ut
1273 2918 1483 2982 proxima
1515 2919 1615 2964 luce
1645 2933 1751 2964 cum
1774 2918 1898 2964 hoste

120 2990 403 3047 dimicaturi,
437 3006 574 3053 quem
598 2989 764 3050 cuique
788 2987 971 3033 fortuna
992 2987 1121 3044 daret
1147 2984 1323 3031 exitum
1346 2981 1681 3046 opperirentur.
1749 2982 1899 3046 Igitur

122 3055 150 3102 ὲ
169 3054 689 3118 fatigationesuperioris
709 3051 801 3099 diei
814 3050 991 3097 refeftis
1012 3049 1280 3112 corporibus
1300 3049 1437 3110 paulo
1457 3047 1551 3108 post
1566 3045 1768 3094 mediam
1787 3063 1899 3093 noc-

71 3145 74 3153 =
121 3132 217 3166 tem
239 3135 364 3166 arma
376 3119 580 3181 capiunt,
606 3122 653 3166 ἃ
676 3115 878 3163 ἰηίὶτυξὶὶ
899 3116 986 3177 iter
1008 3115 1183 3161 ineunt.
1234 3114 1323 3158 Sed
1350 3111 1551 3173 paludes,
1579 3118 1619 3158 Sc
1641 3112 1782 3158 colles
1806 3127 1897 3173 qua,

120 3184 408 3231 ducebantur
423 3183 516 3229 cito
538 3193 790 3244 coegerunt
808 3179 990 3226 ordines
1014 3179 1073 3225 sol
1109 3195 1201 3230 ere,
1223 3183 1263 3224 δε
1282 3176 1374 3238 qua
1392 3175 1586 3237 quisque
1609 3184 1786 3239 poterat
1802 3175 1897 3238 pri·

122 3247 189 3294 mi
208 3247 436 3294 ducebant
462 3264 473 3292 z
505 3245 585 3292 alii
606 3244 909 3308 praeeuntium
927 3242 1115 3306 vestigia
1132 3241 1450 3303 sequebantur.
1520 3241 1769 3304 Tantoque
1791 3255 1898 3300 cum

51 3343 61 3354 -
120 3312 326 3358 tumultu
347 3309 432 3355 iter
453 3309 699 3364 faciebant,
720 3322 770 3356 ut
792 3308 927 3354 multi
948 3309 1076 3369 equi,
1091 3308 1246 3353 multa
1262 3306 1375 3352 item
1392 3304 1604 3365 jumenta
1625 3321 1702 3352 aut
1724 3305 1771 3350 in
1796 3304 1895 3350 luto

121 3375 308 3437 palustri
327 3372 604 3426 inhaeserint,
628 3386 706 3419 aut
719 3389 808 3435 per
825 3371 1023 3418 declivia
1040 3369 1429 3434 praecipitaverint
1450 3385 1461 3413 :
1495 3368 1898 3432 saepenumeroque

121 3439 183 3486 ad
202 3455 328 3486 arma
344 3438 397 3484 sit
418 3437 772 3492 conclamatum,
797 3435 971 3484 c'unciis
994 3452 1164 3499 magna
1185 3450 1289 3481 cum
1313 3432 1635 3496 trepidatione,
1662 3432 1782 3481 unde
1804 3433 1900 3479 cla-

178 3585 241 3636 (1)
269 3589 308 3625 A
326 3594 579 3639 cotemporary
597 3585 735 3634 writer,
749 3585 838 3625 who
856 3585 930 3625 also
949 3585 1047 3625 lived
1066 3597 1084 3622 a
1098 3584 1197 3624 little
1217 3584 1312 3623 after
1325 3581 1399 3622 this
1418 3583 1525 3622 time,

1803 3704 1903 3743 mor
