2076 3862
564 145 892 211 LrssER
983 144 1510 231 QUARTUS.
1792 159 1906 205 101

144 273 244 306 mm
267 263 396 316 agros
417 245 750 311 popularentur
771 244 946 308 primus
968 242 1032 290 eis
1055 243 1293 289 confliCtus
1317 241 1405 288 fuit
1427 243 1485 288 ad
1509 244 1677 289 Cream
1699 237 1918 289 Gallovi-

146 308 234 371 diae
255 329 455 364 amnem.
524 309 651 361 Scoti
673 310 910 373 pauciores
934 325 960 355 a
980 307 1193 371 pluribus
1219 306 1523 354 circumventi
1544 308 1673 354 dumi
1695 324 1724 353 n
1760 316 1918 353 omnes

143 374 292 450 partes
322 377 523 442 fugiunt,
548 376 749 426 Romani
770 374 898 422 velut
919 385 1042 420 certa
1061 372 1254 424 victoria
1282 369 1423 436 potiti
1444 372 1542 426 sine,
1557 372 1715 418 ordine
1738 370 1922 436 fugien-

144 450 265 498 tibus
283 444 464 492 instant.
486 443 668 487 Interea
680 437 1031 503 Argathelii‚V-&
1050 436 1287 485 ulteriores
1306 436 1485 499 aliquot
1506 436 1688 499 populi,
1707 437 1788 499 qui
1807 451 1923 482 non-

146 515 256 564 dum
278 509 320 555 se
339 524 447 555 cum
466 505 655 566 reliquis
674 504 820 567 copiis
838 503 1188 565 conjunxerant,
1207 502 1254 549 in
1275 501 1506 566 dissipatos
1525 501 1759 546 Romanos
1779 498 1924 548 densis

143 574 410 639 agminibus
431 571 609 618 inveffi-
635 585 853 633 magnam
887 569 1080 631 stragem
1113 566 1373 614 ediderunt.
1441 565 1678 628 Eugenius
1704 565 1924 612 colleffis,

143 655 262 702 quos
281 656 306 685 e
330 638 441 701 fuga
464 636 690 682 retrahere
712 634 883 697 potuit,
901 632 1061 679 habito
1083 631 1214 695 super
1235 631 1410 679 summa
1425 647 1579 677 rerum
1602 632 1807 686 confilio,
1822 645 1930 677 cum

143 704 387 768 praesentes
410 699 559 762 copiae¹
580 699 755 753 nullam
777 697 1171 761 spemrenovandi
1189 696 1301 743 belli
1324 696 1685 754 facerent,retro
1703 695 1752 742 in
1772 694 1930 742 Caric-

81 793 94 804 -
146 781 241 815 tam
263 767 392 814 abiit.
461 764 726 812 Maximum
756 780 865 810 vero
900 779 993 826 quo
1033 762 1184 808 minus
1218 761 1412 808 vi&oria
1449 772 1668 816 uteretur,
1692 759 1932 823 prohibuit

145 832 354 896 trepidus
378 828 573 878 nuncius
595 828 753 877 omnia
772 826 821 874 in
838 827 1056 875 interiore
1079 826 1316 874 Britannia
1332 826 1457 872 bello
1491 825 1666 872 ardere.
1734 825 1860 872 Seoti
1885 840 1932 868 e-

146 897 222 959 jus
246 897 438 944 discessu.
463 894 636 953 majore
668 891 866 942 hostium
888 905 1017 956 parte
1039 890 1181 939 levati
1200 908 1464 955 quanquam
1484 889 1565 939 vix
1587 892 1645 938 ad
1666 890 1743 937 sua
1764 892 1936 938 tuenda

153 962 425 1014 sufficerent,
448 959 516 1006 ira
538 971 709 1015 tamen,
735 974 786 1005 ac
819 958 895 1021 spe
933 957 975 1004 se
1010 968 1115 1005 ante
1135 959 1340 1004 exa&am
1374 957 1570 1002 aestatem
1592 957 1738 1007 hostes
1758 955 1935 1002 vicinos

152 1026 325 1090 insigni
344 1025 502 1087 aliqua
534 1024 664 1077 clade
685 1025 974 1087 repreffuros,
1006 1021 1232 1085 quicquid
1257 1021 1447 1077 virium,
1471 1032 1553 1068 aut·
1580 1021 1678 1068 odii
1710 1021 1939 1084 supererat

154 1091 204 1138 in
228 1090 375 1138 Pictos
399 1090 676 1137 effuderunt.
745 1090 1036 1151 Qacunque
1057 1088 1328 1150 pergebant,
1353 1086 1502 1133 obviis
1527 1085 1694 1150 absque
1716 1086 1938 1135 discrimi-

158 1172 217 1202 ne
255 1153 495 1201 trucidatis
531 1153 652 1200 ferro
679 1156 730 1203 &t
759 1153 945 1211 flamma
978 1153 1068 1199 late
1100 1151 1355 1197 vastitatem
1390 1151 1646 1198 faciebant(
1704 1151 1938 1198 Maximus

161 1234 429 1283 quanquam
455 1217 609 1273 minis,
634 1221 684 1267 &
710 1221 958 1264 verborum
987 1216 1269 1263 contumelia
1303 1219 1462 1263 Scotos
1493 1219 1863 1279 persequebatur,
1889 1234 1939 1262 u-

158 1285 360 1347 triusque
396 1294 550 1330 tamen
585 1283 715 1336 clade
737 1283 887 1345 gentis
910 1281 1081 1345 pariter
1114 1281 1274 1336 laetus,
1297 1281 1384 1328 ubi>
1414 1281 1619 1343 primum
1653 1283 1701 1328 ei
1734 1298 1942 1336 commo-

166 1352 278 1397 dum
303 1348 409 1404 fuit,
435 1345 655 1410 tanquam
678 1348 845 1394 damna
866 1346 1005 1406 Pictis
1026 1346 1155 1393 illata
1176 1347 1353 1398 ulturus
1375 1346 1424 1392 in
1449 1347 1608 1394 Scotos
1632 1349 1811 1402 movit„
1866 1349 1945 1395 Illi

165 1426 267 1461 tum
302 1429 394 1460 non
429 1413 487 1459 de
525 1412 690 1476 gloria,
714 1412 929 1474 imperio,
955 1423 1039 1457 aut.
1065 1412 1223 1473 praeda
1246 1410 1510 1459 dimicaturi
1537 1431 1547 1458 :
1581 1412 1656 1458 sed
1690 1413 1747 1460 de
1775 1414 1943 1477 patria,

167 1478 380 1532 fortunis,
417 1477 536 1532 vita,
562 1476 843 1539 caeterisque,
878 1494 979 1540 quae
1015 1476 1283 1523 hominibus
1317 1492 1420 1523 cara
1455 1477 1540 1522 effe
1573 1477 1747 1533 solent,
1768 1479 1945 1526 eduffitis

168 1543 413 1596 omnibus,
429 1541 511 1603 qui
548 1558 673 1588 arma
706 1541 821 1588 ferre
855 1542 1040 1605 possent
1060 1557 1153 1587 non
1190 1542 1330 1588 modo
1363 1540 1489 1597 viris,
1514 1541 1589 1588 sed
1623 1543 1760 1590 etiam
1783 1543 1952 1607 gentili

169 1606 497 1657 consuetudine
529 1605 801 1653 mulieribus
833 1605 879 1653 in
904 1606 1119 1652 ultimum
1154 1606 1195 1653 se
1226 1606 1466 1653 discrimen
1489 1619 1686 1669 parant:
1722 1614 1762 1654 gc
1798 1609 1949 1657 castris

168 1688 262 1719 non
291 1672 453 1734 procul
484 1689 510 1716 a
532 1672 673 1718 Duno
696 1687 830 1718 amne
852 1670 1007 1734 pofitis
1032 1689 1125 1718 non
1154 1672 1293 1734 longe
1317 1672 1374 1717 ab
1399 1671 1602 1720 hostibus
1632 1673 1948 1721 constiterunt.

162 1737 287 1783 Acie
322 1735 536 1799 utrinque
556 1736 770 1793 instruffita
803 1735 943 1800 primi
964 1749 1295 1783 concurrerunt
1315 1752 1422 1783 cum
1445 1736 1593 1789 Scotis
1624 1738 1688 1797 (1)
1713 1739 1950 1785 Romano-

170 1818 273 1849 rum
296 1800 483 1849 auxilia.
553 1802 625 1848 Ibi
651 1797 803 1848 alteris
838 1801 943 1864 spe„
961 1801 1114 1848 alteris
1136 1801 1460 1864 ‘desperatione
1488 1800 1696 1861 incitatis?
1720 1816 1952 1851 certamen

172 1866 336 1920 acrius,
362 1882 501 1927 quam
529 1866 714 1930 longius
737 1865 840 1912 fuit.
909 1865 1045 1920 Pieri,
1069 1872 1109 1919 Sc,
1133 1865 1359 1923 Brittones
1383 1882 1563 1929 magna,
1585 1882 1692 1919 cum
1722 1869 1848 1915 caede
1881 1886 1954 1915 re-

174 1932 289 1994 pulsi
316 1949 326 1977 z
359 1947 411 1977 ac
445 1931 531 1977 nisi
564 1930 812 1978 subsidium
844 1930 892 1977 in
922 1943 1128 1993 tempore
1161 1949 1186 1978 a
1208 1930 1430 1983 Romanis
1451 1931 1656 1987 venisset,
1681 1932 1842 1997 fugam
1865 1934 1954 1987 cir-

176 1995 561 2058 cumspectabant.
629 1997 807 2043 Verum
831 1995 1043 2041 Maximo
1077 1995 1284 2060 legion-es
1319 1996 1594 2044 admovente
1618 1997 1743 2044 Scoti
1770 2005 1811 2045 δε
1834 1998 1955 2044 mul-

178 2059 392 2115 titudine,
418 2066 459 2106 δε
481 2077 648 2124 genere
679 2077 929 2119 armorum,
954 2065 994 2106 δε
1018 2060 1257 2124 disciplina
1279 2061 1517 2117 inferiores
1542 2061 1687 2109 ruinae
1721 2064 1862 2110 modo
1885 2080 1956 2110 re-

177 2123 355 2183 troacti.
425 2125 609 2178 Cecidit
630 2125 699 2172 ibi
720 2127 822 2172 Rex
845 2124 1098 2188 Eugenius,
1125 2128 1236 2172 dum
1260 2126 1344 2172 suis
1368 2144 1461 2173 non
1495 2127 1597 2175 vult
1617 2126 1833 2192 superesse
1856 2146 1868 2175 ε
1905 2146 1958 2175 ac

180 2190 326 2250 major
347 2204 590 2250 procerum
612 2206 719 2253 pars
738 2207 795 2236 ne
814 2192 993 2252 Regem·
1016 2191 1264 2252 prodidisse
1287 2191 1535 2238 videretur„

246 2256 325 2300 LI.
361 2255 425 2300 At
450 2254 685 2301 Maximus
708 2266 835 2301 tanta
853 2255 1048 2302 vittoria
1065 2254 1217 2310 citius,
1242 2272 1381 2318 quarn
1404 2256 1615 2319 sperarat,
1639 2256 1833 2318 potitus,
1853 2275 1960 2307 cum

180 2317 259 2364 vix
282 2317 470 2376 habere-t
490 2318 539 2365 in
561 2336 702 2380 quem
724 2319 883 2366 odium
914 2332 1159 2375 exerceret,
1186 2320 1494 2368 misericordia
1514 2322 1581 2367 ad·
1602 2320 1833 2382 pristinam
1868 2326 1962 2371 cle-

182 2382 404 2430 mentiam
425 2396 687 2438 revocatus„
710 2384 867 2433 multis
891 2386 1133 2431 Scotorum
1157 2385 1421 2448 regionibus
1445 2385 1720 2449 perlustratis
1743 2387 1962 2437 dedentes

181 2448 268 2495 sese
294 2449 500 2511 recaepit,
527 2449 748 2512 agrosque
772 2450 921 2496 colere
937 2448 1060 2510 juffit
1080 2468 1090 2496 ε
1119 2455 1167 2498 ὃς
1185 2462 1234 2496 ut
1252 2450 1338 2496 suis
1358 2451 1580 2507 contenti,
1600 2450 1765 2498 vicinis
1787 2456 1962 2502 molesti

182 2530 242 2559 ne
261 2514 398 2560 essent
420 2516 629 2576 imperat.
671 2513 788 2560 Piffi
806 2514 924 2561 hanc
945 2514 1041 2575 ejus
1065 2515 1358 2574 clementiam
1382 2515 1618 2580 aegerrirne
1637 2516 1831 2566 ferentes
1853 2536 1964 2568 con-

185 2579 439 2624 tendebant
460 2585 696 2640 nunquam
719 2580 972 2633 Romanos,
1005 2596 1257 2643 eorumque
1279 2580 1421 2627 socios
1446 2581 1636 2627 solidam
1667 2586 1715 2630 ὃς
1732 2582 1966 2646 synceram

184 2659 347 2706 pacem
381 2642 625 2704 habituros.
652 2643 878 2695 incolumi
908 2656 1060 2708 gente,
1081 2646 1321 2702 Scotorum
1344 2646 1524 2708 semper,
1541 2645 1775 2708 inquieta„
1790 2649 1966 2713 semper

186 2708 245 2754 ad
267 2724 452 2763 omnem
475 2708 638 2770 praedae
661 2709 945 2763 occasionem
967 2709 1146 2756 intenta
1169 2728 1180 2757 :
1215 2728 1453 2773 nunquam
1489 2721 1652 2756 terram
1683 2713 1966 2768 Britanniam

188 2772 390 2819 securam
414 2773 528 2826 fore,
567 2772 749 2824 durnin
771 2790 824 2820 ea
857 2774 1109 2836 quicquam
1138 2774 1267 2822 illius
1298 2774 1529 2839 sanguinis
1551 2774 1790 2838 supereffet
1812 2798 1823 2826 ς
1860 2789 1967 2828 cum

189 2835 296 2883 feris
319 2836 483 2883 bell-uis
507 2853 603 2882 rem
626 2838 728 2892 esie,
752 2854 855 2902 quae
879 2839 1016 2884 nullis
1048 2839 1207 2895 officiis
1232 2853 1492 2902 provocatae
1516 2841 1838 2899 mansuescant,
1865 2847 1972 2891 nul-

188 2901 245 2948 lis
269 2901 446 2948 damnis
472 2902 624 2947 frastae
648 2901 973 2964 conquiescant
999 2922 1010 2951 ε
1045 2905 1260 2959 eundem,
1282 2905 1366 2968 qui
1403 2904 1446 2951 ei
1468 2905 1598 2968 genti
1627 2907 1894 2962 effet,‚bello
1918 2910 1970 2956 fi-

191 2982 297 3024 nem
316 2967 540 3013 futurum.
611 2968 733 3023 Cum
757 2967 991 3014 Maximus
1027 2968 1186 3017 contra
1207 2972 1354 3016 multa
1374 2970 1604 3016 dissereret
1624 2971 1681 3017 de
1714 2986 1867 3020 vetere
1885 2992 1970 3037 po-

192 3029 292 3090 puli
314 3031 515 3090 Romani
535 3030 756 3086 instituto,
783 3049 809 3078 a
841 3049 936 3094 quo
969 3047 1129 3097 gentes
1150 3033 1288 3089 vic‘tae,
1317 3051 1408 3086 non
1432 3034 1572 3085 modo
1593 3035 1761 3087 relifitae
1791 3038 1972 3086 incolu-

195 3096 309 3149 me5‚
330 3095 564 3154 sedet-iam
601 3096 788 3155 civitate
812 3096 898 3143 fint
919 3097 1098 3144 donatae
1125 3117 1136 3145 ε
1170 3116 1409 3161 nunquam
1429 3099 1477 3145 in
1505 3099 1616 3146 orbe
1639 3112 1858 3155 terrarum
1879 3103 1974 3152 fere

196 3159 475 3220 perdomito,
486 3172 672 3222 gentem
706 3162 846 3207 ullam
861 3163 1059 3226 penitus
1092 3163 1285 3219 excisam
1317 3183 1337 3218 :¹
1362 3164 1403 3213 se
1425 3165 1609 3220 curasse,
1635 3178 1685 3212 ut
1712 3168 1842 3232 Rege
1866 3185 1973 3216 cum

197 3223 326 3270 omni
358 3223 600 3284 juventute
623 3225 734 3284 caeso
772 3242 865 3282 non
904 3228 1174 3282 metuendos
1197 3228 1387 3285 vicinis,
1416 3228 1491 3276 sed
1513 3229 1668 3292 potius
1695 3231 1971 3281 miserandos

253 3369 317 3417 (ι)
345 3370 432 3407 The
460 3372 610 3412 Roman
639 3389 742 3424 army
767 3389 841 3421 was
867 3376 912 3413 of
939 3375 1042 3421 three
1124 3378 1171 3427 by
1186 3376 1252 3415 the
1271 3377 1460 3428 provinces
1480 3391 1521 3415 or
1538 3377 1638 3416 their
1663 3382 1912 3424 confederates
1931 3385 1972 3422 in

197 3432 295 3470 parts
315 3439 323 3460 :
355 3425 531 3471 legiones,
551 3428 678 3472 which
695 3431 760 3465 the
778 3431 947 3471 Romans
966 3431 1042 3467 cal-
1124 3431 1212 3481 help
1230 3433 1274 3468 of
1289 3433 1352 3468 the
1377 3434 1529 3468 Roman
1548 3446 1664 3481 army,
1686 3437 1754 3471 and
1780 3437 1880 3475 these
1900 3438 1973 3475 had

199 3477 258 3512 led
276 3476 444 3514 footmen
465 3492 476 3526 ς
506 3480 704 3527 equitatus,
724 3482 823 3519 their
843 3484 986 3532 cavalry
1004 3498 1045 3520 or
1125 3498 1145 3521 a
1163 3484 1338 3524 different
1353 3499 1509 3524 manner
1524 3485 1568 3531 qf
1581 3487 1772 3536 discipline
1790 3490 1896 3534 from>
1908 3492 1974 3529 the

203 3528 395 3567 horscmen
426 3545 437 3578 3
484 3535 553 3570 and
576 3533 729 3584 ffiirdly,
761 3536 914 3582 auxilia,
947 3537 1047 3574 their
1126 3539 1309 3582 Romans.
1465 3560 1468 3562 ’

202 3582 290 3628 aids,
311 3584 393 3621 that
412 3584 456 3630 is,
469 3584 612 3624 soldiers
633 3587 710 3625 sent
728 3591 798 3626 and
817 3589 1047 3627 maintained
1072 3621 1077 3623 .

1785 3757 1798 3765 ,
1835 3702 1981 3751 hostes
2000 3709 2019 3727 ’-
