2076 3862
569 176 899 243 Lunna
994 173 1507 261 QUARTUS.
1856 170 1944 255 87

154 285 216 334 ob
237 282 423 330 virtutes
445 278 655 342 egregias
678 277 893 325 omnibus
911 287 1211 337 caru5,quam
1224 274 1412 319 Euenus
1431 271 1584 317 iuerat
1605 270 1667 317 ob
1688 268 1835 319 vitam
1857 269 1939 316 fla-

155 347 314 414 gitiose
337 347 482 391 actam
503 342 688 390 invisus.
757 344 823 388 Ea
857 356 931 388 res
948 353 1124 387 tantam
1147 337 1191 386 ei
1214 338 1338 401 apud
1359 351 1519 383 omnes
1541 335 1722 398 peperit
1742 334 1938 384 auctori-

154 426 310 466 tatem,
329 421 377 456 ut
399 425 453 457 eo
471 408 728 470 imperante
743 419 965 470 perpetua
986 404 1126 452 fuerit
1147 403 1260 450 foris
1278 417 1387 465 pax,
1406 406 1446 447 δε
1463 400 1593 447 domi
1615 400 1938 471 tranquillitas,

155 477 262 525 Hoc
282 485 424 522 unum
446 475 504 522 ad
527 474 748 520 summam
772 471 1041 518 felicitatem
1064 469 1109 517 ei
1126 467 1292 522 defuit,
1317 467 1448 529 quod
1469 463 1725 512 nobilitatis
1749 465 1798 510 in
1831 464 1939 511 libi-

155 541 309 588 dinem
329 538 546 602 proclivis
565 537 818 600 pertinacia
834 535 1085 599 impeditus
1104 535 1229 597 leges
1243 532 1394 579 Eueni
1411 531 1591 595 spurcas
1608 529 1828 592 abrogare
1846 545 1940 577 non

150 604 370 669 potuerit.
443 602 578 655 Obiit
600 615 797 660 mortem
821 616 941 648 anno
963 600 1095 665 regni
1118 598 1185 645 sui
1204 597 1446 645 tricesimo.

849 695 1034 743 XVIII.
1071 695 1113 741 R
1136 694 1173 740 E
1197 694 1257 739 X.

216 774 404 821 XXIII.
429 774 516 819 EO
538 773 627 819 fine
649 770 808 819 liberis
831 769 1049 816 defuncto
1068 782 1263 832 regnum
1281 766 1487 814 delatum
1506 765 1567 811 est
1585 763 1643 811 ad
1663 764 1937 812 Caratacum

150 838 396 885 Cadallani
420 838 564 884 filium
588 836 769 900 generis
792 834 932 899 Regii
949 834 1187 896 juvenem.
1242 834 1286 880 Is
1309 831 1427 878 inito
1449 830 1596 878 statim
1618 845 1766 893 regno
1786 831 1938 880 AEbu-

150 904 229 949 das
253 920 280 948 a
302 914 448 950 morte
472 902 674 966 proximi
695 902 837 965 Regis
861 900 1194 946 tumultuantes
1219 914 1312 943 non
1336 896 1426 943 fine
1449 896 1607 942 labore
1626 894 1942 961 compescuitq

149 984 236 1014 nec
255 981 427 1015 temere
450 982 602 1014 tamen
626 966 916 1020 crediderim,
945 964 1074 1028 quod
1097 963 1232 1009 nostri
1254 961 1492 1025 scriptores
1513 960 1746 1013 Orofium‚
1770 961 1938 1010 Eutro-

150 1033 299 1095 pium,
326 1039 366 1080 δε
390 1033 561 1080 Bedam
584 1032 725 1079 secuti
747 1031 948 1084 tradunt,
976 1029 1181 1076 Orcadas
1204 1044 1260 1074 eo
1281 1026 1539 1090 imperante
1562 1042 1589 1071 a
1610 1023 1812 1075 Claudio
1833 1024 1938 1070 Cae-

147 1090 244 1144 sare
264 1098 489 1160 superatas
516 1115 526 1142 ε
564 1114 655 1144 non
682 1097 809 1160 quod
831 1093 1018 1141 difficile
1039 1088 1482 1156 existimem'paucas
1503 1089 1669 1135 insulas
1691 1089 1740 1135 in
1763 1088 1937 1141 saevifli-
1969 1144 1971 1147 Ι

151 1179 229 1209 mo
253 1162 366 1208 mari
389 1161 617 1222 disjectas,
650 1179 676 1207 a
705 1160 862 1224 paucis
896 1157 1078 1213 incolis,
1104 1161 1154 1206 ὅτ
1192 1156 1446 1203 inermibus
1469 1154 1712 1209 habitatas.
1738 1154 1937 1217 singulas

148 1226 359 1290 aggredi,
386 1232 425 1273 ἃ
454 1228 561 1273 cum
587 1226 759 1272 mutuis
792 1223 976 1270 auxiliis
1007 1223 1049 1269 se
1079 1221 1197 1269 tueri
1219 1238 1311 1268 non
1335 1222 1529 1284 poffent,
1553 1234 1712 1268 omnes
1734 1218 1936 1267 vincere.

149 1280 254 1340 Nec
276 1291 405 1353 quod
424 1290 702 1339 incredibile
722 1302 883 1353 putem
903 1287 952 1334 in
974 1304 1074 1334 eam
1098 1285 1443 1349 expeditionem
1468 1285 1645 1331 claffem
1669 1301 1695 1330 a
1735 1284 1939 1335 Claudio

151 1358 344 1411 missam,
364 1356 552 1403 homine
595 1361 666 1418 (ut
686 1355 841 1418 inquit
858 1353 1067 1411 Orosius)
1109 1351 1192 1413 qui
1214 1351 1387 1397 bellum
1413 1349 1602 1414 ubique,
1628 1352 1678 1398 &
1695 1348 1936 1396 victoriam

151 1423 456 1484 undecunque
478 1434 703 1483 quaereret
728 1439 738 1467 z
776 1420 850 1466 sed
873 1418 1003 1481 quod
1024 1417 1219 1463 Tacitus
1239 1416 1431 1462 affirmet
1449 1428 1553 1462 ante
1576 1413 1936 1478 juliiAgricolae

149 1488 399 1533 adventum
421 1503 523 1532 eam
546 1484 791 1533 Britannia:
810 1498 988 1547 partem
1010 1481 1234 1529 Romanis
1258 1480 1447 1528 omnino
1469 1479 1758 1543 incognitam
1787 1478 1933 1526 fuiffe.

151 1552 398 1598 Caratacus
421 1567 616 1614 regnum
639 1566 781 1597 annos
805 1547 975 1613 viginti
995 1547 1161 1594 tenuit.

865 1633 995 1678 XIX.
1029 1633 1072 1679 R
1095 1633 1132 1678 E
1156 1632 1216 1678 X.

214 1709 394 1755 XXIV.
428 1710 501 1756 EI
522 1709 720 1755 successit
733 1707 996 1755 Corbredus
1015 1706 1168 1752 frater.
1210 1706 1255 1751 Is
1274 1721 1461 1768 quoque
1479 1704 1715 1752 Insulanos
1733 1704 1821 1768 qui
1833 1720 1939 1750 om*

108 1803 113 1811 ·
147 1771 284 1819 nibus
307 1773 451 1820 ferme
473 1774 747 1838 interregnis
770 1773 892 1835 spem
917 1787 1138 1817 novarum
1162 1785 1313 1817 rerum
1333 1770 1473 1817 secuti
1494 1786 1638 1817 novos
1669 1782 1820 1816 motus
1842 1770 1937 1815 cie*

148 1837 275 1888 bant.
298 1839 453 1886 multis
474 1839 847 1902 expeditionibus
871 1835 1074 1883 attrivit:
1100 1836 1298 1882 latrones
1317 1834 1364 1881 in
1383 1834 1568 1898 plebem
1587 1835 1831 1897 grassantes
1855 1851 1935 1880 ex-

149 1901 289 1950 tinxit
315 1922 324 1949 :
360 1910 399 1951 δε
422 1921 534 1967 pace
555 1904 623 1950 ibi
651 1903 892 1950 constituta
913 1901 961 1947 in
990 1899 1186 1948 Albium
1219 1900 1437 1954 reversus,
1463 1912 1701 1963 totamque
1732 1899 1934 1946 Scotiam

148 1962 421 2030 pervagatus
453 1969 726 2016 labefactata
758 1968 882 2015 bello
913 1965 1124 2022 restituit,
1152 1980 1204 2012 ac
1236 1965 1421 2014 decimo
1455 1967 1617 2013 octavo
1648 1965 1782 2028 regni
1814 1980 1936 2011 anno

149 2031 360 2080 devestit(

877 2098 983 2144 XX.
1024 2097 1066 2144 R
1090 2097 1128 2142 E
1152 2097 1212 2143 X.

213 2172 369 2219 XXV.
407 2173 446 2218 C
461 2172 853 2220 ONVENTU
869 2173 896 2218 S
931 2188 1174 2234 procerum
1207 2169 1440 2232 praeterito
1461 2171 1529 2218 ob
1553 2169 1848 2218 immaturam
1873 2186 1934 2216 ae-

148 2249 288 2282 tatem
326 2238 554 2284 Corbredi
589 2239 684 2285 filio
717 2238 1021 2283 Dardannum
1047 2235 1292 2282 Metellani
1324 2248 1541 2298 nepotem
1576 2251 1766 2300 regnare
1793 2235 1932 2297 juffit·

146 2302 302 2348 Nemo
326 2315 430 2348 ante
452 2303 580 2349 hunc
599 2303 771 2363 majore
794 2318 896 2348 cum
921 2300 1240 2362 expectatione
1261 2316 1457 2364 regnum
1479 2299 1586 2347 iniit
1612 2319 1623 2348 ;
1649 2317 1786 2348 nemo
1807 2300 1934 2363 spem

147 2366 203 2412 ‹le
228 2366 269 2412 se
292 2380 562 2428 conceptam
586 2366 902 2415 vehementius
926 2365 1106 2413 fefellit.
1178 2368 1301 2412 Ante
1330 2364 1586 2427 susceptum
1621 2365 1934 2430 magistratum

147 2432 292 2477 multa
311 2432 616 2486 liberalitatis,
643 2430 977 2495 temperantiae‚
1004 2436 1043 2477 &
1066 2428 1350 2493 fortitudinis
1365 2430 1495 2478 dedit
1514 2433 1729 2494 exempla
1754 2448 1765 2477 :
1797 2430 1938 2478 initio

145 2494 333 2558 imperii
351 2498 555 2544 medium
577 2499 619 2545 se
638 2500 815 2560 Regem
841 2496 967 2560 geffit
993 2514 1003 2541 :
1038 2495 1237 2543 triennio
1259 2493 1339 2542 vix
1359 2497 1519 2542 exaEio
1540 2495 1589 2543 in
1611 2496 1771 2543 omnia
1790 2493 1935 2544 vitio-

146 2578 249 2607 rum
272 2578 440 2624 genera
471 2579 674 2626 praeceps
698 2563 828 2610 abiit.
897 2563 1086 2613 Probus,
1123 2566 1163 2607 δε
1194 2560 1443 2623 prudentes
1471 2560 1611 2617 viros,
1646 2561 1728 2624 qui
1756 2560 1878 2625 patri
1906 2561 1935 2608 a

144 2626 342 2674 confiliis
375 2627 573 2683 fuerant,
592 2628 722 2692 quod
755 2627 850 2689 ejus
875 2625 1218 2673 adversarentur
1241 2624 1479 2688 nequitiae,
1505 2642 1563 2673 ex
1594 2627 1701 2673 aula
1734 2626 1931 2690 expulit.

144 2691 438 2746 Adulatores,
464 2697 513 2742 ὃς
536 2710 759 2740 novarum
783 2694 1077 2754 voluptatum
1099 2690 1364 2738 inventores
1398 2689 1444 2737 in
1471 2691 1711 2755 praecipuo
1733 2691 1935 2738 habebat

142 2755 345 2804 honore.
405 2758 662 2804 Cardorum
686 2757 1004 2821 propinquum
1032 2756 1180 2812 suum,
1205 2755 1287 2819 qui
1304 2755 1416 2818 juri,
1438 2761 1478 2804 δε
1503 2755 1712 2820 aequitati
1730 2755 1932 2804 admini-

142 2820 332 2866 strandae
352 2822 592 2884 praefectus
619 2822 768 2869 fuerat
791 2821 870 2868 sub
893 2823 1024 2885 Rege
1047 2820 1278 2883 superiore
1301 2822 1540 2868 molestum
1564 2821 1742 2869 suarum
1766 2821 1933 2884 volup-

141 2897 287 2932 tatum
305 2885 699 2950 interpellatorem
721 2887 909 2934 occidit.
978 2889 1139 2949 Atque
1158 2885 1281 2932 intra
1301 2902 1472 2949 paucos
1491 2886 1588 2934 dies
1611 2887 1835 2952 plaerique
1853 2886 1933 2933 alii

143 2949 318 2998 divitiis
341 2952 608 2999 aut‘virtute
642 2951 903 3016 praestantes
935 2950 1050 2998 alius
1078 2949 1171 2997 alia
1206 2949 1366 2998 fraude
1402 2951 1707 3000 circumventi
1737 2946 1931 3015 perieief.

141 3013 359 3063 'Eandem
399 3017 447 3064 ut
481 3029 657 3064 metum
691 3015 946 3064 successoris
969 3014 1052 3064 fibi
1074 3015 1281 3063 demeret
1303 3016 1596 3064 Corbredum
1618 3012 1831 3066 Galdum
1851 3034 1933 3082 ge·-

142 3095 251 3125 nere
273 3080 625 3144 propinquum,
647 3081 896 3144 Fratresque
918 3081 1014 3142 ejus
1053 3080 1103 3127 in
1137 3080 1263 3144 spem
1284 3082 1419 3146 regni
1442 3081 1696 3131 liberaliter
1716 3083 1934 3130 educatos

142 3143 307 3190 tollere
327 3145 545 3194 decrevit.
613 3147 876 3212 Negotium
897 3163 975 3194 eos
993 3146 1190 3194 necandi
1207 3146 1344 3196 datur
1366 3148 1651 3196 Cormoraco
1667 3148 1851 3196 cuidam
1877 3163 1936 3195 ex

141 3207 319 3255 intimis
342 3209 662 3260 familiaribus.
708 3212 752 3259 Is
773 3213 952 3276 magnis
975 3210 1246 3259 muneribus
1270 3212 1485 3268 donatus,
1510 3218 1552 3260 «Sc
1574 3211 1800 3277 promiflis
1822 3229 1937 3261 one·
2002 3250 2008 3257 .

141 3286 265 3321 ratus
285 3273 344 3320 ad
365 3273 508 3323 scelus
530 3279 891 3340 perpetrandum
913 3274 1117 3325 dimiss'us
1154 3294 1166 3324 ε
1213 3275 1290 3325 sed
1316 3293 1415 3324 rem
1441 3277 1674 3326 incautius
1705 3279 1942 3344 aggressus

140 3354 168 3384 a
189 3337 336 3386 Ga-ldi
356 3339 612 3388 comitibus
629 3343 824 3390 strictam
847 3344 983 3391 sicam
1006 3353 1164 3390 tenens
1183 3342 1249 3400 est
1270 3343 1624 3407 comprehensus
1658 3361 1671 3391 :
1717 3360 1770 3390 ac
1790 3343 1841 3391 in
1858 3342 1944 3407 jue¹

140 3401 306 3450 ductus
341 3406 581 3454 tormentis
611 3407 832 3456 adhibitis
869 3411 1119 3461 auctorem,
1145 3407 1376 3471 totiusque
1408 3407 1740 3470 conjurationis
1771 3407 1936 3456 seriem

139 3467 364 3516 confessus
387 3469 535 3518 statim
557 3472 802 3521 occiditur.
871 3475 982 3523 Hoc
1004 3472 1208 3519 facinore
1232 3473 1425 3537 vulgato
1445 3489 1616 3538 magno
1649 3472 1865 3524 consensu
1885 3473 1937 3521 in

142 3532 324 3596 Regem
347 3534 612 3595 conjuratur
637 3555 647 3582 :
683 3537 895 3602 caesisque
929 3537 1081 3585 statim
1108 3537 1315 3601 turpium
1338 3538 1649 3602 voluptatum,
1674 3554 1790 3602 quos
1821 3554 1938 3587 nan·
2008 3558 2010 3560 ’

141 3594 248 3644 circi
268 3609 482 3660 poterant
503 3600 735 3657 ministris,
756 3603 815 3650 ad
842 3603 994 3667 ipsum
1011 3602 1124 3651 mali
1145 3614 1287 3666 caput
1306 3602 1431 3651 viam
1455 3604 1686 3651 affectant.
1753 3603 1938 3652 Interea

141 3659 364 3713 Conanus
388 3673 503 3716 unus
523 3682 582 3717 ex
609 3667 935 3734 assentatorum⁴
953 3685 1113 3736 grege
1126 3668 1322 3718 obscuro
1343 3667 1537 3736 quidem-
1555 3669 1662 3720 loco
1684 3662 1836 3729 natus,
1859 3668 1936 3741 sed⁶

159 3754 162 3759 .
1859 3746 1935 3782 cuz
