2045 3857
454 152 787 216 LIBER
876 144 1428 212 SEP‘rths.=
1696 147 1817 237 189

124 254 250 306 LLX.
279 248 514 314 Qoniam
536 263 642 294 vero
667 245 928 304 Alexander
947 243 1097 292 adhuc
1117 242 1331 306 impubes
1353 254 1466 299 erat,
1490 260 1547 291 ex
1568 245 1823 301 amicorum

56 309 245 371 ‚confilio'
265 317 520 369 decretum,
552 324 603 359 ut
635 310 778 359 soceri
799 310 924 357 velut
944 307 1162 356 curatoris
1185 307 1372 354 consilio
1397 319 1596 356 uteretur
1618 310 1667 358 in
1688 312 1824 359 rebus

64 379 358 453 gra.—ioribus.
427 379 499 425 Ex
519 376 815 424 hocdecreto
837 374 1026 437 quidam
1042 371 1292 436 primatum
1309 370 1503 417 accusati
1523 373 1565 419 se
1587 375 1703 422 clam
1722 375 1826 424 sub-

62 454 298 499 duxerunt.
366 444 498 506 Rege
521 441 714 488 domum
735 438 928 494 reverso,
952 436 1181 485 accusatus
1204 436 1433 483 Robertus
1453 436 1836 493 Fermelinoduniv

62 499 228 565 Abbas'
246 507 379 572 regni
405 505 734 560 Cancellarius,
769 503 898 567 quod
919 500 1059 559 Alani
1080 499 1334 548 Durouarti
1356 515 1547 549 uxorem
1570 503 1828 555 Alexandri

63 566 242 631 secundi
264 573 454 620 notham
480 572 549 634 (1)
583 569 805 633 legitima:
827 566 970 630 prolis
998 566 1101 627 jure
1119 563 1357 620 donaverit
1377 583 1389 611 ε
1429 578 1477 612 ut
1498 565 1584 621 hac
1602 567 1774 614 ratione
1797 569 1831 615 si

59 634 160 692 Rex
176 637 344 700 absque
358 636 515 693 liberis
530 646 857 687 moreretur,ea
868 631 997 687 velut
1018 631 1158 678 haeres
1173 629 1215 676 ei
1231 630 1830 680 succederet.·-Cancellarius

59 705 148 758 Boc
176 716 302 750 metu
323 702 510 763 injefito,
535 714 644 746 mox
665 696 746 744 ubi
767 697 960 743 domum
981 695 1136 750 rediit,
1162 710 1382 758 magnum
1407 695 1608 758 sigillum
1629 696 1838 759 proceri->

61 762 145 820 bu's
167 766 384 814 reddidit.
437 763 731 816 GamelinuS,
751 760 834 824 qui
857 761 1011 824 postea
1032 758 1145 806 Fani
1165 759 1364 806 Andreae
1385 757 1474 805 fuit
1491 760 1760 824 Episcopus,
1783 759 1835 807 in

59 833 155 895 ejus
178 833 331 879 locum
352 830 577 878 suffe&us.
646 824 876 875 Triennio
895 824 990 872 fere
1011 822 1242 888 proximO,
1263 839 1368 870 cum
1387 824 1466 885 qui
1487 842 1513 871 a
1530 824 1726 872 consiliis
1741 826 1836 872 Re-

60 896 112 962 gi
129 887 325 952 fuerant,
361 893 526 959 singuli
556 892 598 940 se
621 907 766 955 prope
787 906 873 954 pro
895 889 1104 953 Regibus
1126 900 1352 953 gererent,
1393 906 1445 936 ac
1473 901 1678 954 agerent,
1704 906 1838 954 rape-

60 974 255 1025 rentque
273 958 664 1023 omnia‚.populus
686 955 735 1002 in
754 953 1111 1003 mediorelitstus
1133 953 1349 1016 servilem,
1373 953 1423 1002 in
1444 956 1636 1003 modum
1658 971 1839 1019 preme-

62 1026 216 1074 batur.
266 1026 369 1072 Rex
395 1023 579 1087 Angliae
602 1033 793 1085 paterno
814 1020 951 1083 plane
972 1035 1082 1082 erga
1103 1020 1281 1083 Regem
1304 1021 1544 1068 Scotorum
1567 1019 1723 1074 auimo
1741 1035 1840 1067 cer-.

64 1090 156 1138 tior
176 1090 321 1137 factus
342 1089 402 1135 ad
423 1090 639 1141 Vercam,
664 1101 769 1147 quae
790 1099 870 1130 arx
882 1085 943 1132 est
964 1084 1022 1130 ad
1040 1082 1236 1142 limitem
1258 1083 1424 1131 Scotiae
1443 1085 1538 1142 fita,
1562 1085 1703 1132 venit.
1744 1085 1840 1132 E6-

72 1171 165 1219 que
197 1169 418 1219 generum
449 1168 553 1198 cum
592 1147 869 1212 primoribus
890 1149 1090 1196 accersit.
1140 1168 1143 1173 ¹
1176 1147 1251 1194 Ibi
1283 1149 1429 1202 multa
1449 1166 1507 1196 ex
1538 1151 1633 1213 ejus
1654 1150 1844 1199 consilio

68 1217 243 1267 utiliter
277 1229 453 1265 mutata
484 1214 534 1262 in
566 1214 622 1261 iis
652 1212 885 1277 praecipue
906 1210 1261 1276 magistratibuS,
1296 1230 1492 1276 quorum
1524 1217 1675 1279 culpa,
1688 1216 1842 1270 minus

71 1282 334 1347 tranquillae
356 1279 485 1328 domi
504 1297 572 1327 res
594 1291 738 1326 erant.
807 1278 964 1324 Multa
986 1277 1159 1324 utiliter
1178 1276 1227 1324 in
1246 1278 1452 1325 futurum
1470 1281 1647 1329 statuta.

132 1349 236 1395 LX.
268 1349 370 1395 Rex
391 1362 496 1393 cum
519 1360 676 1398 uxore,
716 1358 769 1389 ac
802 1342 1012 1405 praefidio
1035 1341 1257 1406 Anglico‚
1284 1346 1356 1406 (z)
1379 1344 1461 1407 qui
1480 1345 1672 1395 domum
1692 1345 1839 1394 dedu-

70 1425 244 1470 cerent,
267 1410 464 1460 reversus
486 1407 763 1472 Edimburgi
779 1406 829 1453 in
851 1424 953 1454 arce
973 1408 1209 1454 continere
1225 1408 1269 1461 se
1289 1408 1570 1458 decreverat.
1635 1413 1752 1460 Eam
1775 1424 1843 1460 te-

72 1478 212 1531 nebat
230 1477 446 1524 Valterus
469 1473 712 1528 Cuminius
747 1471 957 1529 Taichiae
989 1473 1177 1527 ComeS,
1212 1472 1274 1520 ob
1307 1473 1678 1525 immutationem
1707 1479 1843 1526 status

75 1541 252 1606 publici
274 1541 331 1587 ab
350 1539 508 1603 Anglo
529 1539 695 1585 fafitam
713 1537 919 1591 alienior.
960 1538 1142 1586 Tamen
1159 1554 1243 1600 per
1262 1538 1512 1586 Patricium
1532 1542 1847 1599 Dumbarium

74 1604 285 1670 Anglicis
308 1602 489 1651 auxiliis
512 1603 680 1650 fretum
703 1618 853 1649 arcem
877 1604 1057 1650 coafitus
1079 1604 1140 1650 est
1166 1603 1348 1650 dedere.
1410 1605 1564 1668 Major
1584 1624 1687 1670 pars
1709 1608 1846 1657 nobi-

73 1669 232 1726 litatiS,
256 1675 306 1720 ὅς
326 1667 610 1716 ecclesiastici
629 1666 821 1721 ordiniS,
845 1683 1041 1730 quorum
1065 1669 1273 1732 potentia
1292 1667 1423 1716 novis
1447 1671 1619 1719 statutis
1641 1684 1737 1720 erat
1757 1673 1846 1721 im-

77 1734 270 1790 minuta,
294 1734 522 1795 offenfior,
547 1749 601 1779 ea
629 1731 1044 1788 calumniabantur,
1067 1734 1192 1796 quasi
1207 1733 1375 1796 jugum
1398 1735 1670 1799 Anchum,
1695 1742 1742 1785 δε-
1758 1737 1852 1787 ser-

73 1797 233 1847 vitutis
252 1799 456 1851 initium.
523 1799 685 1861 quue
711 1797 1000 1844 contumacia
1019 1814 1177 1844 eorum
1199 1798 1424 1860 processit,
1450 1812 1499 1847 ut
1519 1801 1567 1846 in
1584 1800 1658 1861 jus
1676 1804 1867 1859 vocati,.

75 1875 130 1910 nt
149 1865 373 1912 rationem
390 1880 541 1910 rerum
563 1860 868 1926 superioribus
887 1867 1018 1911 annis
1037 1879 1063 1909 a
1080 1862 1122 1908 se
1142 1863 1367 1927 gestarum
1379 1864 1640 1922 redderent,
1659 1866 1848 1933 imperi.

75 1945 158 1976 um
190 1941 549 1977 contemnerent.
618 1925 714 1991 Qi
742 1926 868 1989 prius
906 1926 1057 1974 r‘er'um
1080 1927 1678 1993 turbandarumzprincipes,
1705 1933 1849 1985 iidem

76 2009 202 2045 nunc
224 2011 315 2040 non
329 1993 520 2057 parendi
541 1994 744 2040 auEtores
767 1991 967 2040 fuerunt.
1035 1992 1105 2040 Hi
1125 1993 1219 2039 fere
1243 1993 1314 2055 (3)
1336 1993 1662 2043 Cuminiorum
1677 1997 1852 2061 princi-

78 2073 162 2120 pes
184 2059 398 2105 Valterus
420 2057 648 2112 Taichiae,
672 2057 937 2104 Alexander
957 2057 1221 2112 Buchaniae,
1245 2060 1438 2104 Ioannes
1462 2061 1682 2118 Atholiae,
1707 2063 1850 2111 Guli-

79 2122 227 2169 elmus
251 2121 438 2176 Marriae
461 2121 686 2178 Comites,
702 2121 874 2184 aliique
906 2122 1108 2183 ejusdem
1131 2123 1257 2169 seitae
1289 2138 1382 2169 non
1411 2124 1588 2175 obscuri
1621 2126 1849 2176 homines.

77 2186 149 2234 Hi
167 2196 263 2233 hon
281 2186 372 2232 ausi
392 2186 451 2233 ad
473 2185 649 2233 causam
670 2185 916 2233 dicendam
939 2187 1111 2241 venire,
1135 2187 1310 2251 quippe
1332 2188 1579 2236 multarum
1601 2189 1650 2236 in
1670 2202 1847 2249 tenueS,

79 2267 134 2298 ac
160 2252 339 2315 Regem
361 2251 499 2297 etiam
521 2249 790 2310 injuriarum
813 2250 894 2296 fibi
931 2251 1097 2298 conscii
1118 2252 1376 2314 periculum
1410 2253 1602 2308 audacia
1630 2256 1852 2315 discutere

80 2316 397 2366 decreverunt.
451 2316 702 2377 Explorato
723 2314 848 2361 enim
872 2317 1050 2379 Regem
1073 2316 1233 2379 paucis
1252 2316 1521 2364 comitatum
1544 2319 1852 2384 negligenter,

81 2391 135 2427 ut
154 2379 203 2426 in
224 2396 337 2443 pace
358 2379 415 2426 ad
437 2379 701 2437 Kinroffum
723 2396 875 2443 agere,
909 2398 1048 2427 manu
1069 2380 1308 2428 clientium
1343 2380 1490 2428 subito
1524 2384 1716 2432 collefihr
1744 2384 1868 2435 eum'

81 2443 387 2495 dormientem
414 2444 701 2508 opprimunt,
738 2460 788 2490 ac
811 2445 1059 2492 Sterlinum
1083 2446 1296 2499 ducunt:
1333 2462 1386 2492 ac
1409 2457 1626 2509 tanquam
1649 2466 1742 2498 non
1771 2470 1854 2516 per

81 2509 178 2555 vim
198 2509 474 2573 irrupissent,
496 2507 689 2572 sedjure
726 2508 908 2557 fuiffcnt
938 2510 1090 2565 eleffi,
1120 2524 1294 2558 veteres
1331 2511 1556 2560 ministros
1594 2516 1852 2578 expellunt,

82 2589 226 2633 novos¹
248 2575 491 2628 assumunt,
515 2574 763 2636 omniaque
784 2590 868 2635 pro
891 2574 966 2622 sua
983 2574 1177 2623 libidine
1199 2587 1383 2640 gerunt.
1450 2577 1523 2624 Ac
1539 2577 1635 2639 jam
1657 2593 1855 2630 verterat

90 2652 234 2685 terror
251 2637 300 2685 in
319 2639 594 2685 consultores
615 2639 807 2702 priores.

151 2702 277 2757 LXI.
309 2704 398 2750 Sed
425 2704 550 2750 hunc
587 2716 764 2750 motum
787 2703 966 2751 sedavit
1003 2703 1183 2752 Valteri
1213 2704 1422 2753 Cuminii
1455 2723 1576 2764 mors
1614 2709 1674 2756 ab
1712 2726 1854 2760 uxore

89 2766 262 2829 Angla,
287 2779 337 2813 ut
357 2767 583 2814 creditum
605 2771 682 2824 est,
718 2786 897 2816 veneno
926 2769 1132 2830 extine'ti.
1200 2771 1352 2823 Auxit,
1381 2771 1689 2834 suspitionem,
1724 2778 1872 2838 quod.

89 2846 196 2876 cum
219 2847 245 2876 a
266 2831 420 2878 multis
439 2831 671 2879 nobilibus
690 2832 957 2888 ambiretur,
987 2851 1041 2881 ea
1064 2833 1257 2882 amatori
1278 2833 1356 2881 suo
1379 2837 1540 2883 Ioanni
1561 2838 1761 2887 Ruffello
1777 2841 1855 2903 ju-

93 2893 201 2943 veni
219 2894 374 2958 Anglo
393 2898 557 2959 nupsst.
589 2897 691 2961 Ipsa
712 2898 920 2946 veneficii
942 2899 1162 2955 accusata,
1187 2904 1227 2945 Sc
1249 2898 1297 2945 in
1320 2915 1547 2948 carcerem
1568 2889 1774 2966 conjefta
1791 2907 1858 2954 sa-

90 2958 234 3010 lutem
256 2959 448 3020 pecunia
467 2962 676 3009 redemit.
708 2963 934 3011 Ruffellus
955 2979 1060 3010 cum
1085 2981 1224 3017 uxore
1245 2963 1388 3011 literis
1413 2982 1437 3011 a
1458 2965 1680 3015 Pontifice
1706 2969 1857 3035 impe·

90 3021 236 3076 trati3‚
270 3023 493 3070 astionem
514 3026 670 3073 damni
692 3027 788 3074 dati
809 3028 1069 3079 adversariis
1100 3045 1253 3076 coram
1277 3030 1430 3092 legato
1452 3031 1685 3081 Pontificis
1705 3035 1858 3085 inten·

93 3085 178 3132 dit.
244 3087 317 3139 Ea
329 3103 398 3139 res
420 3089 509 3142 fine
528 3090 654 3142 exitu
676 3091 781 3147 fuit,
806 3095 934 3156 quod
954 3092 1100 3144 veteri
1120 3093 1367 3157 privilegio
1390 3096 1515 3148 Scoti
1551 3098 1780 3162 negabant
1816 3102 1860 3149 se

147 3214 207 3264 (1)
236 3214 513 3259 Rehabilitated
539 3233 581 3258 or.
607 3221 853 3270 legitimatcd,
873 3223 953 3260 had.
1002 3223 1091 3261 sidio
1107 3223 1241 3264 eflfent.
1290 3223 1389 3262 This
1415 3224 1445 3262 is
1476 3239 1502 3263 a.
1529 3240 1707 3268 common
1722 3245 1804 3282 way
1821 3235 1866 3271 of

92 3277 160 3319 *put
178 3268 244 3328 the
264 3278 364 3316 great
378 3271 452 3308 scal
471 3281 514 3313 to,
535 3273 603 3319 ber
620 3284 749 3323 patent*
763 3277 808 3313 of
819 3277 946 3325 legiti-
1002 3277 1178 3327 speaking
1197 3290 1332 3326 among
1349 3279 1414 3315 the
1433 3280 1576 3318 Latios.

98 3331 251 3358 marion.
728 3376 731 3377 ⁷
1055 3331 1115 3381 (3)
1135 3330 1327 3368 Crawfozd
1340 3333 1461 3368 would
1476 3333 1567 3371 have
1580 3347 1621 3371 us
1634 3344 1673 3373 to
1686 3340 1767 3375 read
1780 3340 1859 3376 Cu-

151 3376 214 3426 (2)
234 3375 333 3410 Here
347 3373 412 3435 tbe
426 3376 576 3415 relative
592 3379 754 3434 refers-to
766 3382 833 3420 the
848 3382 946 3420 sense
1002 3383 1276 3421 minianorum:
1297 3385 1369 3430 for,
1389 3386 1463 3434 says
1481 3386 1543 3432 he,
1570 3389 1635 3425 the
1652 3393 1726 3427 earl
1745 3392 1788 3427 of
1800 3396 1828 3428 A
1843 3417 1860 3424 -
1881 3428 1884 3431 ,

101 3426 146 3467 of
158 3427 223 3487 the
241 3427 433 3477 foregomg
443 3432 574 3477 words,
585 3445 625 3469 or
640 3440 678 3470 to
695 3436 851 3473 another
867 3436 965 3485 sub—⁴
1006 3437 1089 3477 thol
1108 3448 1145 3474 at
1160 3436 1244 3474 that
1261 3438 1355 3475 time
1369 3452 1442 3476 was
1459 3439 1637 3478 firnamed
1656 3444 1860 3493 Strabogie,

43 3483 46 3494 ¹
104 3480 256 3540 stantive
275 3479 365 3516 than
396 3481 627 3526 thatwhich
642 3499 734 3533 ,goes
758 3488 894 3536 before,
915 3490 951 3528 so
1005 3490 1074 3527 the
1092 3492 1167 3527 earl
1191 3490 1235 3527 of
1256 3491 1346 3528 Mar
1365 3505 1437 3528 was
1469 3488 1647 3531 firnamed
1665 3496 1767 3541 Mar,
1790 3507 1861 3538 and

82 3579 84 3581 v
101 3544 138 3576 a}
153 3541 191 3569 to
207 3532 315 3592 differ
333 3533 429 3592 stom
449 3536 479 3572 it
497 3536 538 3573 in
553 3539 766 3584 genderand
778 3544 949 3581 number.
1006 3544 1095 3591 long
1113 3543 1231 3592 after3
1253 3544 1318 3580 but
1332 3544 1452 3582 Athol
1474 3546 1586 3583 seems
1606 3558 1643 3582 to
1661 3547 1755 3587 have
1771 3544 1862 3590 been

100 3584 311 3627 k'raefi'dxum
335 3599 364 3624 is
385 3588 501 3626 taken
534 3589 593 3641 sor
606 3589 828 3646 milites—qui
853 3609 952 3647 Βρε-
1008 3595 1044 3634 so
1059 3599 1191 3643 named
1211 3597 1309 3641 stom
1326 3598 1386 3636 his
1400 3599 1557 3650 lordship
1574 3600 1618 3635 of
1630 3600 1836 3652 Strabogie.
1878 3638 1880 3641 ,

1743 3684 1873 3748 posse-
