2025 3831
458 138 788 221 LIBNER
893 148 1558 215 Unnncmius.
1747 148 1876 231 303

102 257 153 308 in
172 258 252 305 illa
271 255 406 305 etiam
430 253 573 298 aetatis
594 251 858 298 infirmitate
879 249 1199 315 poenitentiam
1235 264 1318 312 pro
1354 247 1618 295 innocentia
1639 249 1761 311 posse
1801 265 1878 297 ac-

106 341 151 371 ci
186 341 217 369 1.

152 341 327 432 PXVII.
360 379 466 433 His,
492 386 532 426 δε
556 380 777 426 similibus
801 379 1082 427 sermonibus
1106 395 1210 425 cum
1232 374 1446 424 benevoli
1466 375 1610 422 animi
1651 378 1787 424 fidem
1810 376 1880 425 fe..

102 449 245 500 ciffet‚
268 445 598 492 adolescentem
635 444 972 508 Edimburgum
1019 444 1227 506 pellexit,
1253 441 1344 488 una
1385 457 1491 486 cum
1515 439 1698 487 Davide
1742 442 1881 489 fratre

102 511 314 559 omnium
338 510 582 563 dielorum,
628 509 943 571 saelorumque
965 508 1162 554 conscio.
1230 504 1494 552 Comitibus
1528 504 1624 564 ejus
1646 504 1694 549 in
1718 504 1882 553 itinere

105 575 376 621 nonnullam
403 575 474 634 (1)
499 573 755 636 suspitionis
791 573 1002 619 fraudem
1045 571 1294 632 injecerant
1333 569 1500 616 crebrae
1524 570 1581 615 ab
1616 569 1882 616 Alexandro

104 641 301 700 Prorege
348 637 673 691 miffitationes,
718 644 758 683 ἅτ
800 638 857 682 ad
901 637 1076 699 singula
1116 652 1258 698 prope
1281 646 1515 680 momenta
1535 632 1881 681 intercursantes

103 704 281 756 nuncii,
306 701 608 763 blandiorque
625 699 766 764 quam
785 718 868 762 pro
890 717 1034 754 more,
1062 706 1101 746 &
1124 702 1244 752 loco,
1269 715 1408 761 quem
1431 698 1615 744 tenebat
1637 698 1881 744 Cancella-

102 767 160 814 rii
179 766 342 819 oratio,
410 767 528 812 Haec
550 767 656 811 cum
675 765 843 811 secreto
868 781 1097 811 murmure
1121 776 1270 810 totum
1294 779 1438 825 prope
1462 778 1628 824 agmen
1650 763 1881 824 streperet,

103 831 412 894 nonnullique
435 829 670 876 Comitem
709 829 898 876 liberius
944 828 1294 882 admonuissent,
1321 839 1371 873 ut
1393 827 1422 873 fi
1448 825 1540 889 ipse
1562 826 1611 873 in
1648 826 1884 890 proposito

105 896 336 958 perstaret,
355 895 513 942 saltem
537 893 766 941 Davidem
790 895 973 940 fratrem
997 893 1249 940 remitteret
1273 911 1285 938 ;
1320 908 1434 938 neve
1476 904 1619 937 totam
1657 889 1884 938 familiam

108 961 260 1022 (quod
281 966 320 1006 Sc
362 972 488 1022 pater
511 959 710 1005 moriens
731 959 1050 1018 admonuerat)
1076 958 1156 1004 sub
1181 973 1322 1003 unum
1357 956 1551 1002 fortunae
1572 955 1713 1002 ictum
1740 955 1883 1003 daret.

111 1024 425 1071 Incautaaetas
440 1022 599 1070 amicis
619 1023 734 1070 irata
755 1040 835 1085 per
856 1023 1035 1069 vocales
1055 1023 1282 1075 homines,
1302 1021 1428 1067 velut
1450 1020 1680 1082 praeconio
1701 1035 1783 1083 per
1812 1033 1884 1067 to·-

107 1101 208 1135 tum
248 1105 414 1152 agmen
444 1088 587 1142 edite,
613 1088 912 1134 clandestinos
954 1087 1148 1133 susurros
1194 1084 1472 1147 compescuit
1497 1103 1508 1130 ε
1542 1083 1789 1149 amicisque
1811 1102 1885 1131 re-

106 1151 307 1213 spondit,
345 1151 510 1199 sesatis
533 1153 647 1199 scire
692 1168 960 1216 magnarum
1004 1151 1282 1198 familiarum
1321 1165 1612 1196 communem
1647 1151 1766 1197 hanc
1797 1151 1884 1196 effe

105 1218 292 1278 pestem,
316 1228 364 1263 ut
385 1217 558 1279 semper
571 1217 768 1263 habeant
788 1216 995 1262 homines
1014 1215 1107 1261 ocii
1128 1214 1439 1277 impatientes,
1455 1213 1623 1276 quibus
1647 1215 1775 1261 lucro
1797 1215 1884 1262 smt

106 1293 406 1343 patronorum
449 1282 668 1344 pericula,
709 1287 750 1327 Sc
774 1280 961 1327 miseriae
987 1298 997 1327 τ
1032 1296 1126 1334 θος,
1161 1279 1271 1341 quia
1302 1277 1350 1324 in
1373 1295 1484 1340 pace
1509 1279 1667 1341 legum
1687 1279 1884 1326 vinculis

110 1346 492 1408 constringantur,
532 1345 805 1393 seditionum
843 1346 928 1391 effe
966 1347 1188 1398 au&ores‚
1212 1344 1307 1406 quo
1332 1343 1521 1389 turbatis
1539 1344 1672 1389 rebus
1695 1343 1885 1392 liberius

89 1411 361 1473 grassentur
385 1429 396 1457 :
422 1411 462 1456 se
482 1411 626 1474 magis
668 1410 807 1457 fidere
833 1409 1127 1462 Cancellarii,
1153 1414 1193 1455 Sc
1224 1407 1433 1470 Protegis
1456 1408 1662 1469 speclatae
1685 1409 1887 1470 pruden-

113 1474 208 1527 tiae,
229 1491 385 1537 quam‚
407 1474 720 1521 seditiosorum
744 1473 1005 1528 temeritati,
1032 1480 1072 1520 δε
1096 1472 1319 1520 vecordiae
1355 1473 1556 1519 credere.
1623 1474 1742 1521 Haec
1779 1489 1887 1521 cum

117 1538 312 1593 dixisset,
350 1552 397 1585 ut
427 1539 706 1586 sermonibus
740 1539 1053 1600 hujuscemodi
1076 1538 1355 1584 occasionem
1395 1536 1681 1599 praecideret,
1722 1554 1890 1599 prope-

114 1602 307 1658 rantius,
340 1604 479 1666 quam
501 1620 585 1666 pro
608 1602 771 1650 itinere
792 1621 896 1650 cum
917 1604 1070 1657 fratre,
1092 1608 1132 1650 δε
1154 1603 1311 1664 paucis
1332 1602 1582 1648 amicorum
1604 1601 1892 1665 principibus

110 1669 234 1714 recia
265 1667 314 1714 in
336 1683 487 1714 arcem
510 1667 662 1732 pergit
690 1685 701 1714 τ
736 1677 785 1717 ὅῖ
817 1670 945 1716 velut
964 1668 1063 1714 fato
1083 1668 1288 1714 trahente
1311 1668 1359 1713 in
1388 1665 1572 1714 infidias
1591 1666 1888 1715 inimicorum

108 1731 195 1778 sese
219 1731 490 1794 praecipitat.
559 1734 613 1779 In
653 1732 750 1795 ipso
781 1733 1000 1796 temporis
1039 1732 1235 1779 articulo
1257 1735 1443 1786 Prorex‚
1484 1730 1550 1778 uti
1590 1745 1886 1787 convenerat,

113 1795 245 1843 affuit
265 1815 277 1843 :
304 1809 354 1843 ut
374 1797 610 1844 communi
632 1797 846 1845 consensu
869 1815 938 1845 res
959 1809 1187 1861 ageretur,
1212 1814 1326 1844 neve
1347 1796 1396 1844 in
1421 1812 1562 1842 unum
1584 1807 1722 1843 tantae
1745 1797 1890 1844 moles

110 1859 301 1908 invidiae
342 1861 645 1909 incumberet.
713 1862 972 1925 Duglassius
995 1861 1260 1916 liberaliter,
1304 1868 1344 1909 δε
1387 1860 1532 1908 amice
1576 1874 1819 1924 accaeptus,
1845 1867 1888 1909 δε

32 1980 34 1986 χ
109 1925 457 1989 mensae'Regiae
478 1926 712 1974 adhibitus
754 1927 859 1974 fuit.
927 1928 1104 1975 Verum
1150 1928 1424 1989 procedente
1454 1925 1686 1980 convivio,
1727 1925 1892 1973 armati

110 1989 337 2042 inermem
358 1991 688 2038 circumsistunt
713 2009 725 2039 :
762 1996 811 2040 δε
834 1992 1068 2039 taurinum
1091 2003 1230 2053 caput
1255 1995 1328 2054 (ea
1365 1991 1457 2038 illis
1496 1989 1781 2053 temporibus
1804 1991 1892 2037 tes-

116 2055 212 2101 sera
232 2054 368 2101 caedis
391 2057 506 2115 erat)
526 2056 570 2102 ei
592 2069 847 2118 apponunt.
915 2059 984 2104 Eo
1003 2056 1097 2102 viso
1120 2057 1326 2103 turbatus
1350 2055 1605 2102 adolescens
1625 2071 1731 2102 cum
1753 2071 1893 2102 exur-

113 2135 224 2182 gere
242 2133 498 2173 conaretur,
515 2121 573 2166 ab
594 2119 776 2168 armatis
795 2120 1164 2184 comprehensus,
1179 2121 1277 2168 &in
1296 2137 1447 2167 aream
1468 2119 1560 2167 arci
1582 2119 1892 2182 propinquam

113 2183 305 2231 eductus
356 2200 516 2246 graves
553 2183 898 2247 intemperantis
921 2185 1238 2232 adolescentiae
1261 2201 1418 2248 poenas
1456 2184 1609 2247 capite
1651 2184 1755 2238 luit,
1801 2201 1894 2232 una

115 2264 224 2294 cum
256 2248 623 2306 Davidefratre,
645 2255 685 2296 δε
709 2249 1021 2296 Milcolumbo
1044 2249 1289 2304 Flaminio,
1325 2250 1401 2297 cui
1423 2249 1623 2296 maxima
1643 2248 1894 2297 secundum

113 2316 300 2360 tratrem
322 2314 444 2374 apud
466 2329 570 2360 eum
591 2327 687 2361 erat
705 2315 830 2361 fides.
898 2316 1071 2361 Eorum
1090 2313 1206 2360 caedi
1225 2315 1402 2378 Regem
1429 2316 1499 2375 (z)
1515 2314 1611 2375 jam
1633 2314 1896 2362 adolescen-

112 2376 226 2424 tiam
261 2377 507 2441 ingressum
541 2378 842 2440 illacrymasse
875 2379 1043 2433 ferunt,
1078 2379 1368 2425 Cancellario
1391 2378 1592 2443 graviter
1628 2377 1896 2441 increpante

111 2442 212 2503 ejus
235 2443 602 2505 intempestivum
616 2443 664 2490 in
683 2455 831 2490 morte
847 2443 998 2491 hostili
1020 2445 1196 2498 fletum,
1220 2459 1314 2507 quo
1335 2444 1460 2492 hoste
1481 2443 1587 2491 vivo
1609 2443 1739 2490 nulla
1769 2456 1896 2492 tran-

113 2507 356 2570 quillitatis
376 2506 570 2569 publicae
593 2509 689 2571 spes
709 2507 873 2555 fuifl'et.
1864 2560 1866 2562 ,

181 2572 363 2619 XVIII.
381 2573 624 2619 Gulielmo
638 2574 728 2620 fine
741 2572 896 2620 liberis
909 2572 1127 2621 defuncto
1143 2572 1340 2621 succeffit
1354 2572 1402 2621 in
1415 2574 1490 2636 jus
1521 2572 1801 2628 Comi-tatus,
1819 2574 1895 2638 (3)

116 2635 331 2697 (feudum
353 2636 494 2691 enim,
521 2650 570 2684 ut
585 2637 700 2698 juris
723 2637 860 2700 periti
874 2640 1143 2700 loquuntur,
1163 2638 1461 2686 masculinum
1473 2640 1588 2699 erat)
1610 2641 1680 2702 (4)
1700 2638 1897 2686 Iacobus

117 2701 296 2748 Crassus
310 2717 366 2748 ex
382 2718 429 2748 re
440 2702 812 2764 cognominatus⁴
868 2704 923 2749 In
944 2703 1015 2767 (5)
1035 2702 1261 2766 reliquum
1281 2702 1630 2767 patrimonium,
1654 2703 1780 2766 quod
1800 2712 1899 2751 era't

111 2763 390 2812 immensum
423 2767 545 2813 soror
569 2766 702 2814 unica
725 2765 922 2823 Beatrix,
946 2768 1096 2813 forma
1115 2767 1237 2814 inter
1266 2769 1462 2831 aequales
1490 2768 1676 2814 eximia.
1701 2768 1807 2814 Fuit
1820 2767 1898 2817 hic

110 2829 312 2877 'Iacobus
325 2831 520 2887 Crassus,
541 2833 618 2878 etfi
641 2831 712 2878 vir
733 2831 924 2879 minime
947 2831 1110 2886 malus,
1131 2831 1278 2879 nihilo
1302 2833 1469 2889 minus,
1484 2831 1625 2895 quam
1647 2831 1900 2895 superiores

50 2904 61 2913 ·
115 2891 285 2952 invisus
305 2896 466 2960 vulgo,
492 2903 533 2944 &
558 2896 679 2961 Regi
700 2896 923 2960 suspectus
945 2898 1074 2960 quod
1095 2896 1306 2945 homines
1329 2896 1580 2945 latrociniis
1603 2897 1792 2945 assuetos
1813 2896 1898 2946 sub

175 3021 240 3068 (1)
283 3023 503 3064 Sometimes
533 3027 600 3064 the
649 3030 750 3066 word
780 3027 930 3076 governi
960 3041 983 3076 g
1036 3027 1111 3065 had
1125 3028 1283 3066 married
1302 3027 1453 3066 Rea-trix
1466 3028 1646 3075 Sindare,
1661 3028 1844 3077 daughter
1860 3034 1902 3066 to

124 3078 195 3112 and
214 3075 278 3112 the
297 3080 394 3114 word
413 3082 592 3127 governed
610 3080 800 3130 exchange
818 3081 928 3128 cases,
945 3095 983 3118 as
1038 3082 1103 3118 the
1119 3083 1192 3118 earl
1213 3081 1258 3119 of
1267 3081 1531 3131 Orkney,who
1543 3082 1630 3120 bare
1647 3090 1686 3119 to
1702 3082 1785 3120 him
1795 3081 1901 3131 Wit·

121 3128 216 3165 Caes.
239 3128 321 3166 Bel.
339 3131 424 3169 Civ.
447 3143 481 3171 1.
499 3146 534 3183 3.
563 3133 622 3171 sex
637 3134 715 3172 dies
734 3135 841 3185 spatii
859 3136 983 3185 postu·
1037 3130 1132 3186 liam
1162 3138 1231 3173 and
1249 3136 1391 3187 JameS,
1412 3135 1499 3173 who
1521 3134 1611 3173 both
1638 3135 1832 3173 succeeded
1861 3143 1901 3172 to

117 3182 219 3227 iant,
233 3182 291 3219 for
319 3181 475 3231 spatium
494 3185 552 3224 sex
570 3186 728 3225 dierum.
757 3189 883 3226 Plaut,
899 3189 982 3226 Poe-
1037 3187 1080 3225 be
1108 3187 1202 3225 earls
1220 3190 1264 3226 of
1279 3188 1448 3236 Duglass.
1481 3201 1516 3239 3.
1538 3188 1733 3227 Archbald
1763 3188 1838 3226 earl
1857 3187 1904 3225 of

121 3237 206 3272 nul.
229 3244 410 3272 trecentos
429 3250 602 3276 nummos
620 3241 791 3289 praefidii,
810 3241 869 3279 for
885 3255 980 3292 prae-
1036 3240 1207 3291 Murray.
1220 3254 1261 3291 4.
1274 3241 1391 3290 Hugh
1406 3243 1480 3280 earl
1493 3242 1538 3279 of
1545 3244 1730 3292 Ormond,
1747 3256 1783 3293 5.
1796 3240 1903 3293 john

122 3288 258 3326 fidium
276 3298 526 3328 trecentorum
543 3304 786 3332 nummorum
803 3307 814 3330 z
840 3294 878 3332 so
898 3294 985 3332 here
1038 3295 1120 3332 lord
1132 3294 1310 3344 Balveny.
1325 3295 1364 3333 6.
1377 3296 1509 3346 Henry
1523 3295 1648 3345 bifhop
1661 3295 1705 3334 of
1714 3293 1904 3332 Dunken.

122 3341 335 3391 suspitionis
354 3343 521 3381 fraudem
538 3344 598 3382 for
622 3344 860 3396 suspitionem
880 3348 984 3386 frau-
1040 3360 1079 3396 7.
1099 3348 1264 3399 George,
1283 3346 1371 3386 who
1388 3348 1470 3387 died
1487 3362 1625 3398 young,
1644 3349 1688 3386 of
1701 3349 1751 3385 all
1770 3346 1901 3384 which

123 3394 193 3433 dis·
1039 3400 1145 3438 there
1162 3413 1238 3439 was
1256 3415 1306 3439 no
1323 3402 1497 3452 posterity
1514 3402 1584 3439 left
1617 3415 1626 3438 ε
1657 3400 1705 3437 he
1725 3401 1797 3436 had
1826 3397 1903 3436 also

181 3447 246 3499 (2)
279 3460 296 3486 1
310 3460 337 3498 4
349 3460 376 3498 4
391 3461 406 3487 1
416 3477 424 3487 .
965 3465 968 3467 ·
1039 3454 1232 3503 Margaret
1244 3456 1326 3504 lady
1341 3455 1542 3506 Dalkeith,
1556 3453 1705 3497 Beatrix
1719 3453 1802 3501 lady
1815 3455 1902 3496 Au·

167 3503 196 3551 ⁴(
204 3503 246 3552 3)
274 3503 448 3541 Entailed
468 3515 516 3539 on
536 3502 602 3540 the
622 3501 722 3542 heirs
739 3507 852 3544 male.
1042 3505 1151 3556 bigne
1166 3508 1208 3546 in
1221 3509 1250 3546 F
1252 3521 1375 3554 rance,
1392 3511 1462 3546 and
1479 3509 1594 3560 J0net
1610 3508 1692 3553 lady
1710 3505 1902 3554 Fleming·

141 3615 144 3617 Δ
182 3555 248 3604 (4)
276 3555 432 3593 Because
449 3555 496 3594 of
519 3556 579 3593 his
596 3558 693 3605 gross
710 3560 987 3613 corpulent·'bo-
1095 3560 1163 3617 (5)
1194 3562 1395 3615 Οῦῑὶοννᾷγ.
1410 3562 1481 3604 and
1499 3559 1738 3616 Annandffle·

117 3607 177 3657 dy
190 3607 359 3651 :jeuhe
376 3618 484 3652 notes
502 3610 717 3656 millib-19.
739 3625 818 3666 cap.
839 3615 989 3664 24.'He

1797 3665 1907 3715 Du.
