2025 3831
435 146 766 213 Lissiziz
842 140 1492 207 UNDEC1MUS.
1729 155 1859 218 317

91 276 150 310 aa
169 273 274 307 cum
295 249 528 301 clientium
553 246 700 294 turba.
770 243 1043 292 Liberaliter
1077 240 1103 287 ὲ
1131 242 1260 303 Rege
1282 239 1519 291 invitatus,
1545 237 1591 284 in
1613 254 1762 286 arcem
1792 239 1859 287 as·
1891 288 1900 303 ,-

0 325 6 378 l
90 324 258 372 cendit.
292 320 438 365 Coena
457 311 663 359 hilariter
683 311 880 372 perdta,
899 310 1000 354 Rex
1022 306 1069 352 in
1093 305 1360 351 cubiculum
1383 303 1593 349 secretius
1617 319 1722 350 cum
1745 321 1862 366 pau·

81 388 153 435 cis
172 401 276 433 eum
296 377 548 427 introducit
572 393 583 421 ι
619 392 676 422 ne
699 374 768 420 his
792 373 980 436 quidem
1001 369 1237 423 adhibitis,
1258 383 1362 414 cum
1387 368 1555 429 quibus
1578 368 1735 414 Omnia
1752 384 1864 418 con‘
1900 419 1902 422 ,

88 451 184 498 filia
212 443 551 494 communicare
573 439 884 486 consueverat.
954 436 1028 482 Ibi
1048 436 1302 481 sermonem
1325 433 1459 479 altius
1482 431 1663 478 exorsus
1688 433 1743 478 de
1767 451 1864 479 rna·

83 516 236 576 joi-um
260 495 354 572 ejus
378 509 484 562 fide,
511 513 549 553 δι
574 504 861 557 fortitudine,
887 500 1056 564 suaque
1079 500 1128 546 in
1156 515 1341 546 omnem
1364 495 1588 543 familiam
1617 495 1694 541 ind
1706 497 1865 560 ulgen-

86 579 164 631 tia,
185 573 398 638 privatim
418 573 557 619 etiam
579 570 626 616 in
650 569 813 630 ipsum.
883 564 1178 613 Facinoribus
1197 563 1320 610 enim
1341 563 1398 608 ab
1417 578 1471 608 eo
1490 561 1780 624 perpetratis,
1795 558 1870 608 vel

91 641 236 688 aetatis
264 637 548 690 infirmitate,
574 634 646 680 vel
668 632 987 694 improborum
1014 629 1220 683 consilio,
1247 627 1429 673 veniam
1453 625 1494 671 se
1518 625 1653 672 facile
1685 625 1868 673 dediffe.

93 709 281 767 Semper
303 702 488 765 speraffe
515 700 589 746 vel
624 697 700 743 sua
721 696 771 742 in
792 712 898 741 eum
923 693 1228 746 humanitate,
1253 697 1291 738 δε
1315 691 1578 744 clementia,
1618 690 1692 736 vel
1727 691 1870 737 aetatis

90 767 352 819 maturitate
371 767 418 812 in
443 763 606 812 melius
630 761 958 824 profesiurum.
995 760 1066 804 A'c
1086 774 1143 803 ne
1166 772 1288 802 nunc
1310 755 1497 818 quidem
1520 755 1651 801 aliter
1670 755 1868 817 sperare:

91 851 242 896 neque
264 831 470 894 quandiu
489 846 593 876 eum
617 825 763 886 impie
792 836 1075 886 patratorum
1094 820 1354 885 poeniteret,
1380 821 1557 866 aditum
1581 820 1638 866 ad
1661 819 1872 866 humani-

90 913 234 948 tatem
260 899 357 943 fore
378 892 691 942 interclusum.
760 891 867 937 Hoc
890 888 1079 952 quidem
1103 888 1395 950 postremum,
1420 885 1590 947 inquit,
1618 901 1722 930 cum
1759 887 1873 932 Cra-

94 963 264 1018 fordio‚
291 967 330 1008 δε
354 959 568 1009 Rossienfi
594 959 762 1010 foeuus,
787 971 938 1017 neque
969 952 1056 999 tibi
1089 952 1343 1006 honestum,
1370 955 1418 999 &
1443 950 1558 996 mihi
1591 949 1877 1012 ignominio-

94 1029 211 1083 sum,
236 1027 314 1074 ets-⁴.
336 1022 602 1089 permoleste
626 1020 741 1075 fero,
762 1032 913 1066 tamen
938 1018 1032 1079 ejus
1057 1017 1305 1069 dirimendi
1328 1014 1413 1060 tibi
1431 1015 1580 1081 adhuc
1602 1015 1722 1063 facio
1744 1029 1875 1078 pote-

97 1096 270 1141 statem.
296 1092 351 1137 Id
369 1104 631 1152 quanquam
653 1101 757 1131 meo
771 1085 871 1147 jure
891 1082 1064 1146 possum
1086 1081 1329 1143 imperare,
1348 1093 1499 1126 tamen
1519 1080 1704 1127 suadere
1724 1082 1843 1128 malo
1861 1102 1874 1131 ;

0 1166 1 1169 ’
25 1181 28 1185 ’
95 1171 161 1212 ut,
183 1157 369 1220 quando
391 1152 597 1200 omnium
631 1149 756 1196 oculi
779 1151 826 1194 in
854 1163 897 1194 te
915 1147 1016 1193 sunt
1038 1147 1222 1199 intenti,
1238 1145 1483 1190 criminum
1510 1145 1774 1207 suspitiones
1797 1146 1878 1193 abs

93 1235 142 1270 te
155 1224 211 1269 eo
230 1218 499 1283 diligentius
514 1217 758 1265 semoveas,
781 1212 1042 1276 Duglaflius
1058 1211 1114 1257 ad
1129 1225 1293 1256 caetera
1309 1209 1410 1256 satis
1425 1210 1613 1257 demisse
1628 1210 1876 1272 respondit.

96 1289 220 1334 Cum
245 1287 301 1333 ad
325 1283 509 1330 foederis
534 1280 815 1327 mentionem
839 1279 898 1324 est
919 1289 1123 1329 ventum,
1142 1276 1281 1339 paulo
1302 1275 1562 1337 perplexius
1582 1275 1776 1337 agebat:
1799 1295 1880 1324 ne-

97 1369 188 1415 que
211 1349 389 1414 liquide
412 1346 687 1411 expediebat
706 1343 819 1405 quid
839 1343 944 1388 effet
968 1343 1166 1393 asturus,
1183 1339 1225 1386 se
1250 1341 1373 1386 enirn
1393 1355 1499 1385 cuin
1522 1339 1652 1386 sociis
1675 1341 1880 1389 collocu-

98 1431 272 1464 turum,
328 1415 432 1461 Nec
455 1412 555 1458 satis
579 1409 753 1462 videre,
779 1424 858 1454 cur
888 1407 935 1453 in
962 1405 1199 1469 praesentia
1229 1405 1330 1450 Rex
1352 1404 1401 1450 id
1420 1417 1658 1467 tantopere
1684 1420 1841 1467 urgeat
1867 1426 1878 1455 ε

99 1499 206 1529 cum
229 1481 277 1527 in
300 1496 355 1526 eo
378 1478 550 1525 foedere
582 1473 699 1521 nihil
723 1473 1030 1525 contineatur,
1055 1470 1182 1533 quod
1204 1468 1300 1528 ejus
1324 1469 1527 1515 animum
1548 1470 1713 1517 debeat
1734 1473 1877 1520 offen·

96 1549 222 1594 dere.
292 1546 393 1591 Rex
416 1543 503 1589 five
527 1539 781 1586 deliberato
800 1537 896 1598 jam
920 1535 1141 1590 facinore,
1165 1535 1255 1579 sive
1274 1534 1469 1596 responsi
1492 1538 1563 1597 (ut
1584 1535 1731 1582 videri
1749 1537 1879 1584 vole-

100 1612 214 1658 bant
231 1609 388 1666 aulici)
407 1604 699 1654 contumacia
719 1601 931 1655 offensus,
957 1601 1004 1646 Si
1027 1602 1094 1653 tu,
1120 1597 1293 1661 inquit,
1316 1616 1408 1645 non
1428 1599 1514 1653 vis,
1539 1616 1626 1662 ego
1649 1599 1882 1649 dii-imam.

101 1678 162 1724 Et
185 1691 289 1722 cum
312 1673 435 1721 disto
458 1670 709 1734 pugionem
733 1665 838 1714 eiin
861 1667 1018 1729 pectus
1038 1665 1214 1710 defixit.
1284 1664 1359 1709 Ad
1383 1664 1619 1726 strepitum
1637 1665 1719 1726 qui
1736 1667 1889 1727 adpos-

102 1741 219 1788 tium
243 1739 433 1788 stabant,
446 1732 644 1798 ingreffi,
659 1731 813 1778 multis
833 1747 939 1778 eum
957 1729 1223 1776 vulneribus
1247 1728 1514 1776 conficiunt.
1540 1731 1655 1775 Sunt
1678 1731 1759 1794 qui
1776 1749 1886 1794 pro-

105 1805 230 1854 xime
253 1805 349 1865 post
379 1803 558 1864 Regem
588 1798 615 1843 a
637 1797 833 1844 Patricio
858 1796 1022 1850 Graio,
1048 1794 1177 1855 cujus
1210 1806 1315 1840 ante
1339 1793 1650 1848 meminimus,
1675 1795 1817 1843 securi
1837 1797 1887 1844 in

103 1882 244 1934 caput
266 1869 440 1921 ada&a,
456 1881 563 1912 eum
582 1861 895 1931 exanimatum
917 1861 1083 1907 ferant.
1136 1857 1320 1905 Deinde
1342 1858 1564 1921 reliquos,
1581 1859 1662 1921 qui
1681 1860 1887 1917 aderant,

105 1949 157 1982 ut
175 1933 368 1981 studium
383 1932 431 1978 in
446 1932 625 1993 Regem
641 1928 946 1981 ostenderent,
962 1926 1083 1972 suain
1100 1939 1315 1987 quenque
1330 1924 1515 1987 plagam
1532 1924 1756 1972 inflixisse.
1770 1928 1889 1974 Haec

106 2001 254 2046 caedes
287 1997 453 2045 incidit
471 1996 516 2041 in
547 1992 746 2041 mensem
765 1991 1085 2045 Februarium,
1110 1988 1218 2035 anni
1255 2005 1270 2035 1
1291 2005 1359 2054 45
1383 2005 1425 2044 2,
1444 1989 1577 2049 juxta
1603 1988 1888 2053 supputatio·

109 2081 216 2113 nem
241 2064 517 2109 Romanam.

171 2127 446 2175 XXXVIII.
477 2126 621 2172 Erant
641 2134 740 2168 turn
764 2118 950 2167 Sterlini
972 2131 1171 2181 quatuor
1185 2117 1343 2165 fratres
1366 2118 1481 2180 ejuS,
1508 2120 1790 2184 magnusque
1810 2139 1889 2172 eos

109 2191 317 2242 seEiantis
337 2188 591 2238 nobilitatis
614 2203 850 2234 numerus.
905 2182 975 2230 Hi
994 2200 1040 2229 re
1064 2197 1316 2246 comperta,
1339 2187 1410 2245 (ut
1431 2186 1479 2230 in
1503 2184 1746 2246 repentino
1763 2199 1895 2236 motu

109 2258 205 2306 fieri
228 2256 360 2317 solet)
385 2270 555 2318 magna
576 2269 681 2299 cum
704 2249 1011 2313 trepidatione
1034 2248 1092 2293 ad
1122 2265 1248 2294 arma
1268 2262 1589 2295 concurrentes
1612 2252 1767 2298 omnia
1799 2254 1896 2301 cla-

106 2322 312 2371 moribus
356 2320 647 2367 miscierunt.
716 2315 901 2362 Deinde
924 2313 1077 2359 sedato
1098 2330 1179 2375 per
1218 2312 1439 2376 primores
1464 2315 1819 2377 tumultU,juffi‚
1843 2317 1894 2366 in

108 2386 307 2452 hospitia
327 2385 369 2432 se
386 2382 578 2448 quisque
597 2382 677 2428 sua
693 2395 934 2442 recaepere.
956 2377 1175 2424 Postridie
1192 2390 1446 2425 convocato
1468 2379 1676 2435 confilio,
1693 2382 1893 2443 primum

111 2452 320 2500 omnium
346 2449 566 2497 Iacobum
589 2445 739 2493 fratris
763 2442 969 2491 defuncti
989 2443 1094 2489 loco
1118 2442 1355 2489 Comitem
1379 2444 1630 2506 appellant.
1669 2448 1713 2492 Is
1733 2447 1781 2494 in
1800 2449 1894 2496 Re-

94 2549 95 2556 1
112 2532 236 2583 gem,
261 2515 608 2576 aulicorumque
630 2509 869 2574 perfidiam
891 2507 1097 2554 invefius
1116 2507 1340 2562 hortatur,
1367 2521 1415 2556 ut
1432 2508 1514 2572 qui
1533 2510 1896 2567 aderant‚arcem

111 2582 347 2629 obsidione
369 2575 841 2644 cingant,2copiz'isque
863 2571 1171 2639 undequaque
1189 2586 1474 2620 convocent:
1501 2576 1743 2624 extrahant
1765 2578 1822 2625 ab
1837 2577 1897 2627 il-

109 2646 166 2694 lis
187 2645 391 2694 latibulis
412 2644 623 2692 homines
654 2642 713 2688 ad
746 2640 885 2687 solam
907 2636 1148 2702 perfidiam
1171 2637 1330 2694 fortes,
1350 2640 1462 2686 dum
1486 2639 1637 2687 adhuc
1677 2641 1897 2691 scelerum

113 2711 388 2759 conscientia
410 2706 664 2774 perturbati
682 2704 931 2768 trepidant.
977 2703 1073 2765 Qi
1090 2703 1280 2750 aderant
1297 2703 1456 2751 Iacobi
1475 2704 1712 2766 pietatem,
1735 2713 1775 2754 &
1798 2708 1899 2756 ani·

113 2776 180 2824 mi
201 2776 567 2840 magnitudinem
591 2771 792 2819 laudare.
808 2770 985 2816 Verum
1009 2769 1066 2814 ab
1085 2767 1335 2815 obsidionis
1358 2769 1545 2816 consilio
1568 2771 1829 2828 abhorrere,
1851 2783 1902 2821 ut

149 2841 280 2888 uibus
300 2840 416 2888 nihil
437 2841 495 2886 ad
516 2855 613 2886 rem
637 2848 811 2883 tantam
828 2832 1158 2896 suscipiendam
1180 2834 1328 2896 parati
1346 2835 1466 2882 esset.
1521 2835 1699 2883 Domos
1724 2837 1904 2886 interea.

111 2859 350 2952 discedunt
375 2924 387 2952 :
424 2919 476 2950 ac
499 2920 546 2949 re
567 2919 673 2950 cum
693 2897 940 2965 praecipuis
962 2897 1218 2944 amicorum
1240 2898 1579 2947 communicata
1596 2902 1654 2948 ad
1677 2901 1706 2949 6
1730 2903 1902 2951 Calen-

112 2969 193 3017 das
230 2969 402 3032 Aprilis
427 2968 606 3023 reverfi,
629 2966 767 3014 affula
787 2964 847 3016 ad
868 2961 1064 3010 caudam
1105 2962 1217 3026 equi
1244 2963 1449 3028 alligata,
1478 2967 1549 3027 (i)
1576 2966 1784 3029 diploma
1805 2969 1904 3016 Re-

115 3034 267 3097 gium,
292 3049 343 3079 ac
365 3049 623 3097 procerum,
665 3032 725 3078 de
748 3030 837 3076 fide
871 3026 1061 3092 publica
1081 3029 1140 3073 ad
1181 3044 1287 3074 eum
1312 3030 1504 3092 affigunt
1528 3047 1540 3077 ε
1574 3047 1626 3078 ac
1648 3033 1778 3079 nulla
1798 3049 1902 3082 ver-

114 3098 281 3146 borum
303 3096 583 3144 contumelia
604 3094 813 3144 adversus
825 3092 1224 3157 Regem‚ej1'2sque
1246 3095 1487 3141 confilium
1507 3095 1802 3153 abstinentes,
1819 3115 1902 3162 per

115 3162 242 3210 vicos
274 3162 474 3225 trahunt.
539 3160 641 3209 Ubi
662 3160 710 3208 in
742 3159 895 3206 forum
911 3170 1097 3205 ventum
1121 3159 1199 3211 est,
1224 3158 1492 3222 quingentis
1527 3160 1660 3208 fimul
1695 3162 1904 3210 buccinis

115 3226 406 3289 personantes
429 3227 627 3289 Regem,
648 3223 822 3288 quique
840 3239 946 3270 cum
969 3239 1026 3270 eo
1043 3235 1190 3277 erant,
1214 3224 1441 3285 praeconis
1461 3241 1579 3272 voce
1612 3226 1902 3291 foedifragos,

113 3291 338 3358 perjuros,
361 3291 664 3352 omniumque
694 3289 923 3337 bon-orum
965 3287 1111 3335 hostes
1153 3287 1452 3339 denunciant.
1521 3291 1784 3354 Oppidum,
1810 3293 1904 3338 iin-

40 3401 46 3407 ,
119 3356 314 3403 merenti
336 3356 474 3403 etiam
493 3355 598 3403 loco
618 3353 722 3400 irati
739 3353 991 3415 diripiunt:
1025 3354 1176 3416 e6que
1197 3352 1354 3417 egreffi
1372 3371 1454 3418 per
1478 3356 1696 3402 Iacobum
1717 3355 1904 3403 Hamil-

119 3420 298 3467 toniuin
320 3434 443 3468 retro
463 3420 641 3467 missurn
661 3417 931 3470 incendunt.
968 3417 1154 3465 Deinde
1177 3418 1344 3466 eodem
1382 3421 1535 3468 furore
1556 3419 1780 3482 proximis
1803 3420 1905 3467 die-

120 3480 204 3530 bus
227 3485 392 3547 perciti
409 3485 467 3532 ad
486 3500 619 3549 agros
641 3481 868 3535 omnium,
887 3480 969 3544 qui
998 3482 1047 3530 in
1070 3483 1160 3530 fide
1192 3483 1335 3548 Regis
1358 3484 1713 3548 permanserant,
1738 3483 1905 3546 diripi.

123 3548 265 3597 endos
286 3550 559 3598 discurrunt.
626 3544 858 3595 Dalkethi
872 3561 1024 3596 arcem
1045 3548 1255 3599 obsident
1278 3565 1293 3598 3
1318 3548 1616 3612 jurejurando
1640 3547 1683 3595 se
1713 3548 1906 3596 obstrin-

173 3676 238 3730 (ι)
264 3679 352 3720 The
370 3680 501 3733 king's
518 3681 644 3724 letters
660 3692 809 3734 patent,
1793 3694 1908 3744 gen,-

651 3799 655 3818 1
