2107 3862
617 123 950 192 L-1BsR
1041 122 1464 189 Pnrmo-e.
1548 150 1549 154 ¹
1634 148 1646 155 ··
1863 148 1948 208 23

237 224 482 280 XXXVII.
518 223 595 272 Ab
612 224 667 272 iis
691 226 784 272 duo
807 224 953 272 millia
987 225 1194 288 passuum
1228 225 1348 272 abest
1379 226 1519 273 insula
1553 226 1668 276 Divi
1709 226 1949 284 Columbi,

170 295 308 357 longa
325 294 419 339 duo
441 288 587 337 millia
605 291 825 353 passuum,
868 290 1001 354 supra
1021 289 1149 336 mille
1167 291 1260 336 lata
1280 310 1289 337 ε
1327 291 1489 338 fertilis
1507 294 1694 355 quidem
1720 292 1948 348 omniurn,

168 376 269 422 qux
293 375 347 404 ea
381 357 488 403 coeli
513 356 650 419 plaga
672 355 862 419 gignere
885 356 1012 412 solet,
1038 361 1078 402 Sc
1103 355 1348 408 veteribus,
1375 368 1424 401 ut
1445 355 1493 401 in
1517 374 1568 402 ea
1592 371 1745 420 gente,
1783 376 1950 406 monu-

169 422 336 469 mentis
355 421 537 469 illustris
573 438 583 467 :
617 420 691 468 sed
712 423 775 467 D.
803 421 1024 468 Columbi
1046 421 1197 467 severa
1218 418 1475 484 disciplina,
1502 427 1542 467 δε
1564 421 1796 470 sanffitate
1817 423 1953 470 clari-

163 504 234 534 or.
297 489 438 534 Erant
459 487 507 533 in
530 503 584 532 ea
604 487 697 533 duo
722 485 1003 541 monasteria,
1027 488 1220 533 alterum
1247 487 1602 540 Monachorum,
1625 488 1819 535 alterum
1843 490 1954 536 Mo·

168 552 420 605 nacharum
458 571 467 597 :
502 545 629 597 curia
653 567 757 606 una,
782 551 869 597 five
909 555 978 613 (ut
1017 567 1138 598 nunc
1178 552 1412 611 locuntur)
1453 551 1727 614 parochialis
1749 550 1953 609 eeclesia,

95 664 97 666 .
168 618 406 680 multaque
426 615 586 663 sacella
603 634 659 663 ex
683 616 995 662 munificentia
1013 618 1193 680 Regum
1219 617 1477 670 Scotorum,
1503 622 1543 664 ἅτ
1566 617 1854 679 Regulos-um
1877 620 1958 666 In..

169 680 447 728 sulanorum.
516 683 570 728 In
594 680 828 728 Coenobio
848 681 991 728 veteri
1012 682 1075 728 D.
1118 680 1602 729 Columbiinsularum
1637 681 1854 746 Episcopi
1890 683 1958 731 se-

169 746 278 794 dem
317 748 581 800 statuerunt,
606 760 757 793 vetere
797 746 1052 802 domicilio,
1076 747 1204 810 quod
1227 760 1320 793 erat
1345 745 1391 793 in
1431 747 1660 802 Eubonia,
1695 749 1753 794 ab
1790 750 1958 812 Anglis
2006 768 2012 770 ’

168 824 322 875 capto.
357 808 585 859 Remanet
606 812 755 858 adhuc
777 811 896 858 inter
918 826 1090 858 veteres
1113 811 1264 858 ruinas
1287 811 1608 875 sepulcretum‚
1635 814 1723 859 five
1757 814 1828 875 (ι)
1861 831 1956 860 coe-

168 876 403 924 miterium
426 894 670 924 commune
689 877 896 923 omnium
922 877 1147 924 nobilium
1167 876 1461 932 familiarum,
1478 895 1578 940 qux
1596 879 1646 925 in
1659 878 1958 926 occidentali-

169 940 253 992 bus
276 942 431 990 insulis
455 942 740 989 habitabant.
774 943 993 989 Eminent
1014 941 1134 989 inter
1159 954 1346 989 caeteros
1365 943 1531 990 tumuli
1554 957 1641 991 tres
1666 943 1862 990 modicis
1884 944 1957 990 in-

167 1006 371 1055 tervallis
395 1007 606 1055 distantes
630 1008 774 1061 tribus
796 1008 1019 1070 impofitis
1043 1007 1334 1055 domunculis
1357 1007 1404 1054 in
1428 1007 1649 1055 orientem
1680 1009 1832 1056 verfis.
1901 1012 1957 1057 In

167 1072 446 1121 occidentali
468 1074 682 1135 cujusque
717 1085 848 1135 parte
883 1073 997 1136 lapis
1021 1073 1261 1136 inscriptus
1283 1089 1478 1135 quorum
1506 1073 1672 1121 tumuli
1710 1074 1812 1130 fint,
1836 1073 1959 1120 indi-

166 1153 257 1184 cat.
328 1138 426 1201 Qi
467 1137 644 1184 medius
684 1139 744 1184 est
767 1138 952 1185 titulum
989 1139 1129 1185 habet
1160 1139 1492 1186 TUMULUS
1531 1139 1774 1187 REGUM
1808 1140 1955 1186 SCO-

169 1201 327 1250 TIAE.
397 1204 567 1249 Ferunt
588 1201 711 1262 enim
735 1203 1040 1267 quadraginta
1062 1206 1164 1249 οδω
1190 1205 1338 1266 Reges
1364 1205 1602 1251 Scotorum
1630 1204 1698 1252 ibi
1721 1203 1846 1251 fuisse
1871 1205 1955 1252 hu-

169 1280 334 1324 matos.
370 1269 426 1314 In
450 1268 611 1314 dextro
633 1268 796 1315 incisus
820 1268 881 1315 est
902 1268 1060 1315 titulus
1085 1269 1419 1316 TUMULUS
1453 1270 1699 1317 REGUM
1733 1271 1958 1318 HIBER-

169 1333 330 1381 NIAE.
401 1335 614 1398 Qatuor
634 1333 758 1380 enim
781 1333 1175 1398 regesHiberniae
1209 1333 1307 1380 illic
1346 1335 1519 1381 conditi
1559 1334 1687 1381 fuiffe
1724 1335 1958 1384 dicuntur.

173 1398 271 1461 Qi
298 1399 359 1445 est
392 1398 444 1445 in
483 1397 651 1445 sinistra
692 1412 819 1461 parte
851 1398 1112 1445 inscribitur
1144 1400 1478 1448 TUMULUS
1513 1401 1759 1448 REGUM
1790 1402 1959 1448 NOR-

172 1463 421 1511 VEGIAE.
493 1462 645 1525 Hujus
683 1465 807 1510 enim
830 1465 980 1529 gentis
1003 1466 1107 1511 ofto
1128 1466 1281 1529 Reges
1316 1464 1412 1512 illic
1431 1465 1557 1511 fuisse
1598 1465 1797 1529 sepultos
1836 1468 1961 1514 fama

170 1529 250 1574 est.
318 1530 372 1575 In
395 1527 574 1591 reliquo
597 1529 854 1577 coemiterio
876 1529 1070 1576 seorsum
1092 1530 1221 1576 clarae
1244 1529 1556 1578 insulanorum
1579 1529 1765 1578 familiae
1789 1533 1962 1579 habent

171 1592 250 1640 sua
271 1593 546 1641 conditoria.
617 1594 754 1641 Circa
791 1612 892 1642 eam
928 1595 1002 1641 sex
1025 1594 1247 1659 proximae
1282 1595 1441 1642 insulae
1475 1596 1673 1660 exiguae,
1698 1614 1783 1643 nec
1806 1611 1961 1645 tamen

171 1657 455 1706 infoecundae
489 1660 547 1706 ab
585 1659 787 1724 antiquis
822 1660 1027 1726 regibus,
1070 1666 1109 1708 δε
1142 1660 1452 1707 insulanorum
1489 1662 1682 1725 Regulis
1726 1662 1963 1709 Coenobio

171 1724 420 1771 Columbae
442 1725 623 1772 donatae
646 1725 848 1773 fuerunt.
919 1727 1008 1772 Soa
1046 1727 1124 1772 etfi
1160 1725 1324 1773 ovibus
1349 1728 1595 1774 commoda
1615 1727 1756 1773 habet
1776 1730 1958 1791 pascua,

169 1789 317 1850 major
339 1804 492 1837 tamen
515 1803 764 1854 proventus
787 1792 848 1838 est
866 1809 923 1838 ex
945 1790 1101 1838 avium
1126 1791 1401 1838 marinarum
1423 1793 1658 1849 incubatU,
1683 1796 1734 1843 δε
1757 1795 1960 1841 maxime

170 1871 230 1900 ex
253 1855 368 1903 ovis.
437 1856 650 1903 Proxima
673 1858 733 1903 est
757 1858 1012 1904 Mulierum
1041 1857 1203 1912 insula,
1229 1873 1282 1902 ac
1304 1857 1471 1904 deinde
1495 1859 1707 1913 Rudana,
1733 1876 1844 1906 mox
1867 1863 1959 1907 Re-

170 1919 318 1984 tinga.
389 1922 490 1968 Post
515 1938 615 1968 eam
637 1921 842 1970 Skennia
863 1923 1141 1987 quingentos
1165 1923 1310 1986 passus
1334 1940 1358 1969 a
1383 1925 1535 1969 Mulla
1557 1924 1739 1970 distans.
1803 1927 1963 1973 Habet

172 1985 304 2032 suum
326 1988 582 2050 parochum
609 2006 620 2034 :
666 1988 741 2035 sed
763 1987 1033 2051 parochiani
1056 2004 1223 2051 magna
1247 2004 1304 2035 ex
1334 2001 1462 2050 parte
1485 1990 1533 2036 in
1560 1990 1712 2036 Mulla
1735 1990 1960 2038 habitant.

177 2049 338 2098 Litora
359 2052 585 2100 cuniculis
607 2052 857 2100 abundant.
894 2054 968 2100 Ab
990 2054 1077 2108 hac
1101 2054 1226 2100 mille
1249 2055 1394 2117 passus
1412 2055 1532 2101 abest
1555 2054 1706 2101 Eorsa.
1748 2057 1839 2104 Hae
1863 2074 1964 2112 om-

174 2130 252 2159 nes
280 2117 350 2176 (2)
376 2117 597 2164 Coenobii
620 2119 844 2165 Columbi
867 2119 1113 2166 Monachis
1139 2133 1316 2182 parent.

242 2180 518 2228 XXXVIII.
554 2183 630 2228 Ab
652 2185 789 2230 Eorsa
810 2185 903 2231 duo
924 2184 1072 2231 millia
1093 2184 1212 2230 abest
1228 2185 1370 2239 Uiva,
1395 2183 1604 2248 quinque
1623 2184 1771 2239 miliia
1788 2188 1838 2233 P.
1860 2187 1964 2235 lon-

172 2260 250 2308 ga,
277 2247 527 2301 frumenta
556 2253 596 2293 δε
615 2248 790 2310 pascuis
814 2265 899 2311 pro
922 2248 1242 2312 magnitudine
1265 2248 1496 2296 foecunda.
1541 2252 1701 2297 Habet
1725 2252 1965 2301 stationem

172 2309 369 2356 navibus
388 2311 540 2374 longis
564 2315 875 2360 commodam.
946 2313 1144 2360 Australi
1165 2314 1260 2376 ejus
1284 2315 1416 2362 lateri
1437 2316 1737 2378 praetenditur
1759 2318 1965 2370 Colvan-

170 2374 216 2420 sa
242 2393 252 2422 :
287 2392 449 2438 agrum
473 2376 613 2423 habet
635 2395 726 2424 non
749 2378 1089 2435 infoecundum,
1113 2394 1164 2425 ac
1187 2380 1341 2426 filvam
1365 2382 1620 2427 colurnam.
1663 2382 1739 2428 Ab
1762 2383 1847 2429 hac
1871 2385 1966 2432 sere

170 2450 399 2487 trecentos
424 2443 569 2505 paffus
594 2443 673 2489 fita
695 2445 755 2490 est
789 2445 1033 2501 Gomatra‚
1059 2446 1153 2492 duo
1175 2445 1322 2491 millia
1344 2446 1500 2509 longa,
1535 2446 1662 2493 mille
1684 2448 1830 2510 passus
1854 2450 1963 2507 lata,

171 2520 200 2550 a
222 2506 416 2553 meridie
450 2507 500 2554 in
539 2508 894 2571 septentrionem
931 2518 1190 2557 excurrens.
1259 2510 1446 2558 Deinde
1469 2529 1495 2557 a
1518 2513 1747 2558 Goniatra
1768 2528 1967 2576 quatuor

170 2569 321 2616 millia
343 2573 548 2633 paffuum
569 2574 809 2622 meridiem
832 2575 982 2622 versus
1009 2575 1151 2631 Stafa‚
1174 2587 1368 2638 utraque
1390 2577 1620 2639 portuosa.
1670 2579 1885 2642 Qatuor
1908 2581 1966 2627 ab

168 2634 259 2681 hac
277 2636 424 2683 millia
446 2639 496 2684 P.
523 2639 579 2685 ad
603 2638 894 2687 occidentem
916 2641 1124 2687 aestivum
1145 2641 1368 2688 recedunt
1390 2643 1492 2688 duae
1516 2641 1843 2706 Kerniburgae,
1870 2663 1968 2693 ma-

165 2699 260 2761 jor,
283 2707 321 2748 δι
339 2703 490 2749 minor
511 2704 698 2767 rupium
721 2706 786 2752 ita
808 2707 1167 2753 circumvallatae
1191 2705 1482 2770 praecipiti‘is‚
1508 2713 1549 2754 &
1574 2710 1680 2754 aestu
1704 2711 1968 2756 torrentiffi-

170 2781 269 2830 mo,
296 2779 346 2814 ut
365 2769 564 2816 naturali
583 2769 872 2818 munimento
889 2770 1110 2818 industria
1126 2771 1286 2833 adjuto
1305 2772 1389 2818 fint
1407 2773 1968 2836 plane'inexpugnabiles.

171 2831 250 2894 Ab
273 2831 344 2878 his
368 2833 497 2879 mille
520 2837 667 2896 passus
690 2835 824 2884 distat
841 2836 1003 2892 insula,
1037 2837 1166 2898 cujus
1190 2849 1311 2884 terra
1333 2838 1427 2884 fere
1446 2850 1543 2884 tota
1565 2839 1624 2884 est
1648 2839 1781 2901 nigra
1803 2856 1859 2886 ex
1885 2860 1969 2903 pu-

172 2894 322 2942 tribus
344 2899 562 2946 vetustate
585 2900 725 2955 filvis,
753 2907 795 2948 &
818 2901 970 2949 moseo
993 2915 1223 2950 concreta.
1292 2902 1403 2963 Ejus
1424 2904 1583 2967 glebas
1610 2904 1664 2949 ad
1695 2903 1821 2950 usum
1846 2905 1971 2969 ignis

169 2960 400 3009 deficcant
420 2980 431 3008 ε
453 2963 561 3011 inde
576 2965 699 3013 dieta
711 2966 858 3014 insula
869 2967 1131 3014 Monadum
1151 2987 1162 3014 2
1196 2984 1302 3014 nam
1335 2968 1400 3014 ita
1417 2985 1564 3031 genus
1587 2968 1707 3016 illud
1731 2980 1863 3017 terrae
1887 2990 1970 3018 vo-

170 3039 296 3082 cant,
317 3045 421 3090 quae
439 3030 643 3094 Anglico
665 3031 871 3080 sermone
895 3033 1044 3079 Moffa
1064 3033 1252 3080 dicitur.
1286 3032 1472 3080 Deinde
1495 3035 1680 3097 Lunga,
1705 3034 1798 3080 duo
1824 3036 1972 3085 millia

167 3088 218 3137 in
242 3091 584 3156 longitudinem
600 3099 817 3159 ·porre&a
838 3115 849 3144 ε
887 3097 1084 3145 dimidio
1103 3098 1256 3144 minor
1277 3099 1411 3145 Baca.
1466 3099 1543 3145 Ab
1562 3100 1648 3156 hac
1669 3098 1728 3144 ad
1750 3101 1970 3148 occider.-

169 3166 263 3227 tem
287 3155 362 3202 sex
385 3159 533 3206 millia
553 3161 1036 3217 receditTireiamtSto
1059 3163 1207 3210 millia
1228 3163 1388 3226 longa,
1415 3163 1502 3210 tria
1524 3164 1632 3220 lata,
1653 3166 1869 3214 omnium
1898 3171 1970 3230 (33

168 3219 419 3270 insularum
449 3225 664 3273 omnibus
712 3227 771 3274 ad
804 3229 950 3275 vitam
1002 3229 1136 3276 rebus
1182 3227 1434 3275 neceffariis
1474 3230 1616 3293 longe
1652 3232 1969 3291 copiofiffima.

168 3285 296 3331 Nam
312 3291 353 3333 δε
368 3304 532 3349 pecore
552 3298 592 3339 δε
608 3292 859 3347 frumento,
873 3293 1111 3356 piscatu‚&
1126 3293 1407 3340 marinarum
1423 3293 1580 3340 avium
1606 3295 1723 3341 foetu
1746 3298 1969 3344 abundat.

171 3350 227 3422 In
251 3349 428 3424 ipsa-est
449 3354 574 3401 lacus
597 3372 729 3418 aquae
751 3359 917 3413 dulcis,
935 3364 976 3405 &
998 3359 1046 3405 in
1070 3375 1125 3405 ea
1143 3372 1274 3405 vetus
1298 3375 1404 3405 arx:
1439 3359 1580 3406 habet
1602 3366 1643 3408 Sc
1663 3376 1851 3424 portum
1869 3364 1973 3409 lon-

168 3431 241 3478 g1s
262 3417 457 3464 nambus
470 3436 562 3466 non
574 3420 941 3471 incommodum.
960 3423 1194 3471 Hincduo
1208 3424 1360 3471 millia
1373 3424 1495 3471 abest
1515 3425 1714 3472 Guuna:
1741 3428 1970 3474 &aGun-

223 3547 287 3596 (1)
317 3543 594 3596 Coemiterium‚
624 3565 645 3588 a
679 3554 784 3603 place
802 3554 859 3594 for
877 3555 1034 3606 burying
1152 3555 1508 3605 (2)Coen0bium‚an
1519 3555 1970 3610 abbeymrpriomprime.

169 3598 215 3637 of
228 3599 294 3639 the
310 3604 414 3651 dead,
434 3617 454 3641 a
472 3603 737 3657 church-yard.
1070 3630 1079 3641 .-
1155 3611 1216 3662 (3)
1248 3611 1492 3648 AEbudarum
1510 3609 1590 3650 scil.

1917 3716 1977 3749 na
