1992 3801
131 178 265 238 320
440 158 805 230 RERUM
896 159 1581 232 ScoT1cARuM

129 254 482 318 Forestiamque‚
508 264 549 306 Sc
570 259 745 306 vicinos
769 258 1168 320 Duglassianorum
1191 277 1322 324 agros
1344 260 1571 309 incubuit.
1625 261 1907 311 Vastitatem'

128 336 344 382 agrorum
365 322 524 378 fameS,
543 323 712 370 famem
733 322 865 385 pestis
887 323 1126 370 consecuta
1143 326 1218 371 est.
1246 327 1426 373 Interea
1443 326 1758 388 prudentiores
1781 329 1900 386 ami-=

128 397 289 432 corum
311 387 416 433 cum
446 387 752 449 saepenumero
782 402 886 432 cum
909 387 1145 451 Duglassio
1166 388 1371 451 egissent,
1396 404 1445 436 ut
1465 390 1525 446 se,
1551 389 1718 454 suaque
1740 393 1899 438 omnia

129 447 294 512 Regiae
311 450 585 507 clementiae‚
598 468 734 515 quam
755 462 886 497 antea
906 450 1167 514 frequenter
1184 453 1375 514 majores
1393 454 1490 515 ejus
1504 454 1678 517 experti
1700 455 1896 509 fuerant,

128 513 415 573 permitteret
437 533 448 560 :
480 531 586 561 cum
612 515 854 578 praesertim
876 516 1054 579 Regem
1077 516 1265 563 haberet
1282 532 1442 564 natura
1464 515 1664 573 facilem,
1682 523 1729 568 &
1748 535 1830 581 per
1851 537 1901 565 a-

130 576 277 625 micos
299 577 576 626 exorabilem
595 597 606 625 :
633 597 715 626 nec
744 580 819 625 sua
838 581 1086 640 pertinacia
1105 581 1325 628 familiam
1347 581 1628 628 clariffimam
1656 584 1898 646 extingue—

131 653 202 688 ret
229 660 241 690 :
275 645 434 706 t6tque
456 644 658 691 virorum
682 643 937 699 illustrium,
966 645 1047 707 qui
1069 645 1229 692 sec0tam
1252 646 1346 708 ejus
1370 646 1687 709 sequebantur,
1711 646 1900 694 salutem

130 707 364 768 proderet,
380 719 458 753 aut
479 709 535 755 εὸ
561 709 824 756 necessitatis
844 725 920 755 eos
943 711 1206 765 adduceret,
1221 723 1269 756 ut
1298 710 1632 757 calamitatibus
1658 711 1787 757 fraffi
1819 710 1902 758 fibi

131 768 362 818 consulere
383 786 674 837 cogerentur,
689 773 871 820 facilem
890 772 932 819 ei
951 773 1047 821 fore
1065 774 1428 838 pacificationem
1448 776 1581 821 rebus
1601 775 1897 835 florentibus-N:

130 833 306 883 deserto
327 837 384 882 ab
407 836 564 883 amicis
586 838 760 883 nullam
783 837 903 899 spem
928 839 1075 885 veniae
1095 840 1328 901 superesse.
1388 840 1574 901 Juvenis
1594 852 1742 895 aetate,
1769 845 1809 886 δι
1827 839 1904 886 in-

131 899 272 959 genio
295 900 422 947 ferox
451 901 699 961 respondit,
724 918 960 963 nunquam
982 920 1138 949 eorum
1161 903 1370 965 potestati
1399 902 1440 948 se
1465 903 1796 964 permissurum,
1819 901 1902 966 qui

129 980 217 1011 nec
234 963 438 1025 pudoris,
454 979 537 1011 nec
556 964 718 1019 divini,
740 978 818 1011 aut
840 967 1024 1013 humani
1043 965 1157 1027 juris
1178 966 1374 1012 vinculis
1400 967 1504 1012 ullis
1526 966 1866 1013 continerentur
1885 987 1898 1013 :

129 1029 211 1091 qui
246 1028 343 1074 suos
366 1030 610 1090 patrueles,
642 1029 920 1091 fratremque
943 1030 1111 1077 blande
1134 1030 1397 1093 pollicendo
1421 1030 1479 1076 ad
1501 1030 1542 1076 se
1564 1031 1782 1076 addu&os
1808 1045 1901 1077 tam

127 1092 390 1154 perfidiosz,
407 1099 447 1139 δε
470 1091 714 1139 crudeliter
736 1094 1005 1141 trucidarint
1027 1114 1037 1140 :
1070 1094 1227 1141 omnia
1248 1094 1400 1157 potius
1422 1108 1625 1140 extrema
1647 1096 1896 1156 passurum,

130 1157 271 1218 quam
297 1169 344 1204 ut
366 1174 523 1204 eorum
555 1157 596 1203 se
627 1157 736 1205 fidei
768 1159 987 1206 crederet.
1055 1159 1174 1206 Haec
1198 1175 1281 1222 pro
1311 1159 1502 1222 ingenio
1524 1158 1713 1221 quisque
1735 1159 1901 1222 proba—

129 1220 226 1276 bat,
243 1236 321 1268 aut
337 1222 716 1283 reprehendebat.
785 1224 1062 1277 Ferociores,
1079 1236 1158 1269 aut
1173 1223 1340 1286 quibus
1362 1223 1481 1270 mala
1504 1223 1690 1286 publica
1710 1224 1900 1285 quaestui

128 1299 273 1342 erant,
296 1285 439 1333 animi
461 1286 826 1350 magnitudinem
849 1287 1034 1334 laudare
1060 1306 1071 1334 ε
1109 1288 1424 1350 prudentiores
1447 1288 1645 1340 suadere,
1664 1304 1719 1333 ne
1742 1289 1797 1333 ad
1820 1304 1904 1334 ex-

126 1362 323 1399 tremum
347 1351 655 1398 deserentibus
676 1350 834 1398 amicis
855 1354 1134 1399 occasionem
1162 1352 1432 1415 pacificandi
1453 1351 1547 1398 sero
1569 1366 1831 1415 quereretur
1849 1368 1902 1398 0-·

126 1415 301 1463 missam
335 1436 346 1464 :
379 1417 460 1478 qui
482 1417 575 1463 fere
592 1416 740 1463 exitus
761 1416 903 1464 stultis
925 1417 1122 1464 consiliis
1144 1417 1228 1463 effe
1251 1416 1376 1462 solet.
1513 1454 1516 1455 γ

195 1482 345 1528 XLII.
382 1484 445 1528 At
484 1480 738 1528 Crafordiae
773 1483 942 1528 Comes
977 1482 1223 1545 longinqui
1254 1481 1365 1527 belli
1401 1479 1629 1544 pertaesu8‚
1661 1483 1708 1530 &
1737 1479 1897 1535 causae,

128 1562 268 1607 quam
286 1544 528 1592 sustinebat
548 1544 859 1608 iniquitatem,
877 1545 1234 1607 communesque
1257 1562 1403 1592 rerum
1430 1545 1810 1591 commutationes
1834 1544 1898 1590 se-

126 1627 235 1656 cum
258 1623 489 1673 reputanS,
505 1611 759 1673 gnarusque
777 1612 956 1657 veniam
978 1611 1313 1673 praeoccupanti
1341 1609 1561 1672 principis
1585 1608 1777 1672 gratiam
1802 1608 1900 1655 fore

125 1675 329 1729 facilem,
348 1674 649 1737 perseveranti
671 1675 717 1720 in
741 1675 876 1721 armis
897 1676 1148 1729 difficilem,
1171 1676 1298 1720 simul
1322 1677 1378 1720 ab
1402 1673 1650 1720 amicorum
1673 1686 1799 1734 parte
1819 1674 1899 1718 de-

124 1739 284 1794 sertus,
308 1740 589 1802 reliquorum
614 1740 702 1785 fide
725 1739 939 1803 suspecia,
961 1742 1138 1802 Regem
1162 1756 1242 1802 per
1259 1740 1506 1801 Angustam
1529 1738 1614 1783 iter
1637 1737 1898 1790 facientem.

66 1861 69 1869 l
124 1804 286 1852 habitu
310 1804 507 1850 maxime
541 1804 598 1850 ad
633 1805 991 1851 misericordiam
1015 1804 1288 1867 compofitO,
1312 1803 1483 1865 capite,
1506 1801 1789 1864 pedibusque
1812 1819 1897 1848 nu-

125 1869 243 1916 datis
266 1869 456 1931 supplex
479 1868 591 1914 adiit
616 1886 626 1913 t
659 1868 956 1931 ingenueque
978 1882 1238 1930 temporum
1263 1868 1543 1930 superiorum
1568 1867 1756 1912 offensas
1788 1882 1898 1912 con·

125 1933 276 1987 fessus,
293 1933 351 1988 se,
368 1933 536 1995 suaque
553 1932 598 1979 in
621 1933 756 1979 fidem
780 1935 921 1997 Regis
938 1933 1145 1988 tradidit,
1161 1943 1518 1980 commemorata
1536 1929 1658 1991 prius
1677 1930 1724 1976 in
1747 1933 1900 1993 Reges

123 1998 350 2059 majorum
384 1997 564 2043 suorum
595 1997 896 2051 observantia,
923 2006 962 2045 Sc
985 1997 1160 2044 officiis.
1233 1996 1355 2042 Scire
1380 1998 1455 2042 sua
1482 1996 1634 2056 culpa,
1666 1994 1708 2040 se
1745 1995 1903 2043 omnia
1971 2015 1973 2017 ’

122 2075 328 2109 extrema
350 2061 582 2109 meritum.
627 2063 866 2127 Qicquid
889 2062 1012 2117 vitae,
1030 2061 1409 2122 fortunarumque
1429 2059 1546 2106 sitin
1569 2060 1793 2120 posterum
1816 2059 1900 2105 ha-

123 2127 317 2182 biturus,
340 2125 386 2173 id
409 2126 450 2174 se
474 2127 636 2190 Regiae
658 2128 923 2178 debiturum
942 2127 1217 2173 clementiae.
1253 2126 1387 2179 Haec,
1413 2123 1638 2187 pluraque
1658 2123 1791 2184 hujus
1814 2141 1897 2187 ge-

123 2192 243 2239 neris
265 2209 359 2238 non
381 2191 472 2238 fine
495 2191 728 2238 lachrimis
765 2193 944 2239 locutus
967 2203 1279 2238 commoverat
1300 2191 1594 2236 veliementer
1614 2204 1792 2241 omnes,
1816 2187 1899 2251 qui

120 2257 326 2304 aderant.
393 2258 448 2304 In
470 2256 632 2319 primis
656 2257 874 2319 quosdam
899 2257 924 2304 ἐ
949 2255 1190 2302 nobilitate
1209 2255 1472 2318 Angusiana
1496 2270 1506 2297 ε
1543 2251 1642 2315 qui,
1667 2253 1743 2298 etsi
1767 2251 1900 2314 supe·
1953 2286 1956 2296 ,

120 2321 318 2370 rioribus
342 2321 625 2384 temporibus
648 2322 826 2386 Regem
849 2321 990 2369 secuti
1011 2321 1207 2374 fuerant,
1236 2331 1389 2366 tamen
1408 2316 1628 2364 familiam
1655 2330 1747 2363 tam
1767 2330 1897 2363 vetu-

120 2387 249 2441 stam,
274 2392 315 2433 &
338 2386 506 2433 claram
527 2386 777 2448 cupiebant
797 2387 856 2432 ab
876 2386 1065 2434 interitu
1082 2385 1383 2431 vindicatam.
1431 2384 1467 2428 F
1474 2383 1631 2453 anetus
1656 2382 1715 2452 est.
1737 2380 1803 2452 ibi
1824 2382 1898 2430 Ia-

120 2450 264 2497 cobus
299 2450 549 2497 Kennedus
574 2457 613 2496 &
641 2449 754 2497 boni
784 2451 1017 2514 Episcopi,
1040 2453 1091 2501 ὃς
1124 2448 1236 2496 civis
1261 2448 1412 2494 officio
1437 2465 1448 2493 :
1481 2462 1563 2508 qui
1595 2446 1823 2507 plurimis,
1855 2450 1898 2493 δε

120 2514 389 2580 gravissimis
413 2513 612 2562 Comitis
633 2512 812 2562 offenfis
836 2515 1036 2570 remissis,
1057 2514 1246 2561 salutem
1275 2512 1372 2574 ejus
1396 2511 1517 2574 Regi
1539 2509 1748 2556 accurate
1768 2525 1896 2555 com-

122 2579 389 2627 mendavit:
422 2579 468 2626 id
493 2580 617 2626 enirn
638 2580 765 2643 quod
785 2592 899 2636 erat,
924 2579 1123 2634 rebatur,
1152 2577 1295 2641 Regis
1318 2576 1637 2623 viribus-tanta
1656 2574 1899 2620 accessione
1937 2597 1943 2609 ·
1964 2583 1969 2586 ’

121 2644 284 2701 auffls,
314 2645 486 2691 hostem
524 2643 573 2691 in
607 2645 834 2707 posterum
873 2645 1021 2693 indies
1056 2643 1330 2691 debiliorem
1365 2640 1587 2710 futurum3
1613 2637 1769 2684 multis
1805 2650 1898 2684 tam

121 2709 233 2756 clari
258 2709 458 2756 hominis
480 2710 745 2771 exemplum
768 2708 1001 2757 secuturis.
1070 2710 1172 2755 Rex
1194 2707 1332 2754 etiam
1354 2721 1460 2751 eum
1490 2704 1735 2750 arbitratus
1758 2701 1903 2749 fratta-

122 2773 312 2835 pristina
342 2773 512 2821 ferocia
532 2790 588 2820 ex
620 2772 776 2821 animo
797 2774 1133 2837 praeteritorum
1164 2769 1443 2833 poenituisse,
1470 2784 1563 2814 non
1585 2766 1818 2836 difficilem
1857 2767 1900 2813 se

121 2838 323 2900 praebuit
346 2855 356 2884 τ
391 2837 621 2901 veniaque
638 2839 762 2893 data,
778 2839 1053 2901 &(1)bonis‚
1073 2835 1341 2898 honoreque
1363 2832 1550 2896 pristino
1572 2833 1776 2903 restituto
1800 2847 1899 2879 mo-

125 2901 246 2956 nuit,
260 2917 310 2950 ut
326 2903 375 2950 in
393 2903 545 2951 officio
567 2916 870 2965 permaneret.
896 2902 1168 2950 Crafordius
1189 2915 1376 2964 quoque
1397 2897 1585 2946 lenitate
1600 2897 1761 2967 Regis,
1778 2901 1819 2942 δε
1834 2895 1903 2941 fa-

119 2965 296 3014 cilitate
314 2979 584 3029 provocatus
602 2967 732 3015 omni
749 2983 917 3032 genere
933 2966 1189 3015 officiorum
1206 2981 1314 3012 eum
1335 2963 1487 3027 postea
1503 2961 1728 3008 demereri
1745 2960 1904 3031 studuss'

123 3030 193 3078 it:
231 3035 272 3077 δε
293 3029 342 3077 in
365 3032 548 3079 ultimas
569 3031 702 3097 regni
719 3048 819 3080 oras
842 3031 1201 3097 proficiscentem
1223 3044 1328 3076 cum
1346 3027 1435 3075 suis
1456 3025 1603 3089 copiis
1624 3027 1685 3072 est
1708 3024 1904 3072 comita·
1941 3087 1946 3090 Ι

126 3102 200 3143 tus
221 3111 233 3140 ε
257 3094 498 3158 rebusque
519 3095 586 3144 ibi
609 3113 693 3160 pro
729 3109 936 3162 tempore
956 3093 1237 3159 compositis,
1259 3093 1487 3140 reversum
1516 3089 1644 3138 domi
1671 3089 1759 3156 suae
1786 3089 1904 3136 libe,-

125 3158 283 3208 taliter
303 3160 512 3221 accaepit.
577 3162 721 3208 Eunti
742 3163 798 3210 ad
821 3161 1036 3226 reliquias
1060 3159 1171 3207 belli
1192 3156 1341 3205 civilis
1362 3153 1686 3209 conficiendas,
1709 3165 1902 3217 quantas

124 3223 363 3271 conficere
382 3224 540 3285 posset,
575 3224 731 3288 copias
758 3226 1042 3290 pollicetur:
1085 3223 1293 3287 adeoque
1324 3237 1511 3269 omnem
1534 3219 1642 3266 vitae
1675 3217 1901 3265 rationem

122 3286 448 3345 eommutavit,
465 3299 516 3334 ut
533 3289 720 3361 pristina
739 3290 911 3338 ferocia
930 3289 1135 3353 deposita
1152 3286 1401 3341 mansuete,
1419 3290 1460 3332 δε
1480 3283 1675 3330 com-iter
1695 3291 1800 3356 curn
1816 3293 1903 3327 rio*-

125 3350 308 3402 bilitate
329 3350 484 3400 vicina
503 3351 696 3400 vixerit:
716 3355 866 3418 e6que
886 3354 1098 3403 interitus
1116 3351 1214 3415 ejus
1232 3350 1361 3399 brevi
1381 3348 1649 3410 consecutus
1681 3352 1901 3407 majorem

126 3414 555 3482 Regi,'popu16que
577 3415 785 3470 universo
806 3418 1014 3468 dolorem
1037 3414 1258 3467 attulerit.

181 3509 245 3560 (ι)
272 3511 353 3551 onl
406 3510 506 3559 some
539 3510 586 3551 of
606 3509 670 3550 his
701 3510 815 3548 north
837 3519 994 3562 country
1047 3518 1155 3550 ment
1173 3525 1186 3560 3
1214 3510 1273 3548 for
1283 3509 1333 3547 he
1345 3509 1419 3548 had
1435 3510 1528 3548 been
1540 3505 1620 3546 ear}
1636 3503 1760 3543 before
1769 3483 1902 3540 'Hune-

128 3563 249 3610 lands,
264 3576 320 3608 jas
337 3525 536 3603 gadenach
565 3560 638 3603 and
655 3562 863 3610 Lochaber,
895 3577 995 3602 were
1047 3565 1089 3614 ly
1105 3565 1175 3602 and
1198 3562 1345 3613 Argile,
1381 3563 1449 3600 but
1466 3570 1506 3613 at
1537 3548 1724 3599 tliis‘timre
1753 3553 1844 3594 both
1861 3545 1907 3592 'df

129 3614 309 3655 bestowed
317 3626 427 3668 *upon
460 3617 527 3655 the
549 3616 626 3656 earl
658 3618 699 3654 of
733 3616 897 3665 Huntly,
934 3616 996 3654 for'
1046 3617 1154 3659 them
1168 3621 1325 3657 cameto
1341 3616 1387 3656 be
1405 3614 1532 3656 before
1544 3612 1646 3650 him.
1863 3616 1866 3622 ’

126 3665 189 3707 his
210 3668 361 3720 service,
393 3684 432 3711 as
461 3670 538 3713 also
555 3670 617 3712 his
647 3670 751 3723 place
784 3668 826 3710 in
854 3668 994 3725 puli&
1573 3683 1753 3735 XLIII.
1785 3679 1901 3729 Car·
