2045 3857
319 228 325 253 ἱ
490 168 823 236 LIBER
913 165 1410 253 QUINTUS.
1731 190 1855 256 125

80 290 276 344 quorum
297 270 408 318 alter
427 279 580 314 vetere
603 266 772 331 gentis,
797 265 910 312 alter
932 281 1052 312 novo
1075 264 1404 312 Christianismi
1427 264 1554 320 odio,
1580 277 1771 331 uterque
1794 285 1854 314 ae-

76 339 332 391 ‚mulatione
353 331 572 397 potentiae
592 331 634 378 ei
654 330 854 377 infensus
875 342 986 377 erat.
1040 331 1145 377 Nec
1166 330 1256 377 alia
1278 328 1505 376 crudelior
1529 331 1653 378 fuisse
1677 349 1853 380 memo-

82 420 206 455 ratur
224 399 426 449 victoria.
485 397 611 442 Nam
634 396 744 442 dum
764 394 919 441 Penda
940 394 1237 449 Christianos,
1262 394 1492 440 Kedualla
1515 395 1712 443 Saxones
1731 398 1857 444 dele·

85 488 134 518 re
155 463 454 517 contendunt,
471 461 588 507 nulli
606 476 754 522 neque
772 459 911 515 sexui,
933 476 1017 506 nec
1036 458 1159 506 aetati
1180 459 1305 506 furor
1322 461 1723 521 eorum-’pepercin
1757 462 1857 508 Post

27 561 30 567 -
83 533 318 582 Eduinum
339 525 679 574 Northumbria
699 525 748 570 in
771 524 863 570 duo
885 541 1026 587 regna
1049 523 1138 570 fuit
1159 524 1316 574 divisa.
1371 521 1619 570 Deirorum
1642 526 1741 571 Rex
1762 543 1859 573 cre·

83 611 183 645 atur
199 593 384 639 Osricus
402 589 575 639 Eduini
595 587 733 635 frater
754 589 989 650 patruelis,
1007 575 1322 635 Berniciorum
1341 588 1422 650 qui
1440 587 1685 635 Eanfridus
1704 592 1859 645 Bedae,

83 657 242 709 nostris
266 654 549 704 Andefridus
571 652 1105 715 appellatur‚Ethelfridi
1126 653 1323 698 filiorum
1347 652 1589 699 maximus.
1635 654 1703 699 Hi
1726 671 1859 716 repu—

83 722 211 771 diata
235 719 597 769 Christianorum
620 715 876 778 disciplina,
900 717 948 762 in
979 733 1072 778 qua
1093 716 1342 780 diligenter
1363 716 1542 763 fuerant
1563 717 1773 774 instituti,
1796 721 1861 766 al·

86 799 157 835 ter
178 802 204 832 a
233 784 380 833 Scotis
404 780 659 836 monachis,
684 781 798 827 alter
819 798 846 827 a
866 779 1061 830 Paulino
1087 782 1330 843 Episcopo,
1356 781 1413 826 ad
1435 794 1634 828 veterem
1657 779 1864 845 super'sti—

86 851 262 899 tionem
282 850 441 897 reversi
466 845 595 893 brevi
615 862 698 908 per
715 846 918 893 Pendam
942 851 982 893 δε
1004 845 1166 901 vitam,
1191 850 1241 896 &
1268 863 1460 909 regnum
1480 845 1738 893 amiserunt.
1791 848 1861 895 U-

54 931 65 939 *
84 916 238 979 trique
259 911 457 961 succeffit
479 910 706 957 Osualdus
728 909 976 957 Ethelfridi
995 909 1113 963 filius
1135 929 1146 958 :
1184 910 1266 973 qui
1289 910 1542 958 doctrinam
1561 910 1865 959 Christianam

85 996 259 1044 magno
280 977 426 1026 studio
450 974 699 1039 promovit.
727 1001 729 1005 Α
767 975 845 1022 Ad
866 992 973 1022 eum
1004 974 1210 1022 doctores
1235 976 1258 1022 ὲ
1294 974 1447 1022 Scotia
1476 992 1558 1038 per
1585 978 1760 1040 legatos
1782 993 1865 1039 pe-

87 1057 261 1092 tentem
285 1042 405 1089 mifit
426 1040 668 1087 Donaldus
701 1038 823 1086 viros
859 1039 1111 1095 sanctitate,
1146 1042 1198 1091 &
1222 1040 1429 1088 do&rina
1449 1042 1612 1096 claros,
1635 1058 1751 1103 quos
1784 1041 1867 1088 ille

88 1126 259 1172 magna
280 1105 563 1154 humanitate
586 1104 781 1168 accepit,
807 1110 847 1152 δε
871 1104 1171 1152 beneficentia
1192 1106 1252 1151 est
1273 1104 1532 1168 prosecutus
1557 1123 1569 1152 :
1602 1122 1753 1168 neque
1768 1106 1867 1153 'Re-

89 1174 174 1238 gio
196 1187 383 1226 munere
404 1169 595 1216 inferius
617 1168 891 1216 existimavit
909 1170 959 1215 in
990 1168 1212 1216 concione
1235 1169 1409 1232 populo
1440 1170 1734 1233 peregrinum
1757 1171 1869 1218 Sco-

89 1251 245 1286 torum
266 1237 518 1284 sermonem
544 1249 635 1279 non
658 1231 858 1296 capienti
882 1232 1116 1280 concionis
1140 1232 1379 1281 sententias
1401 1233 1690 1297 interpretari
1715 1252 1727 1281 :
1762 1238 1871 1297 quae

91 1301 248 1349 omnia
269 1302 524 1347 luculenter
541 1314 567 1344 a
590 1299 714 1348 Beda
737 1297 839 1344 sunt
860 1296 1041 1360 scripta.
1095 1298 1340 1346 Donaldus
1358 1297 1536 1346 deceffit
1560 1315 1630 1363 14·
1651 1299 1783 1365 regni
1803 1299 1871 1348 sui

94 1384 233 1422 anno,
253 1366 473 1430 praeclara
493 1362 714 1411 virtutum
734 1361 915 1411 suarum
938 1361 1162 1410 memoria
1181 1364 1279 1427 post
1301 1362 1342 1411 se
1364 1363 1535 1412 relicta.

160 1536 288 1582 XLI.
326 1536 354 1582 S
370 1536 419 1583 U
435 1536 475 1582 C
492 1535 532 1582 C
552 1535 589 1581 E
609 1535 637 1580 S
658 1535 686 1581 S
703 1533 785 1580 IT
802 1459 1226 1581 ΙεζὶΙζὲτςξεξιάἰζεοεκ
1243 1534 1502 1582 Ferchardo
1521 1535 1615 1596 ejus
1633 1534 1771 1582 fratre
1793 1551 1872 1582 na-

95 1600 185 1653 tuS,
208 1600 277 1647 vir
298 1600 348 1647 in
370 1599 499 1646 omni
523 1598 740 1646 scelerum
764 1616 931 1663 genere
954 1599 1334 1662 inquinatissimus
1356 1616 1367 1645 ε
1392 1599 1487 1653 vini
1511 1617 1641 1662 aeque
1659 1616 1710 1647 ac
1732 1617 1873 1663 pecu-

95 1663 184 1712 niae
204 1664 497 1727 inexplebilis
520 1683 533 1720 z,
567 1663 760 1711 immani
781 1663 829 1710 in
859 1663 1068 1711 homines
1091 1664 1381 1719 crudelitate,
1409 1669 1449 1711 &
1471 1664 1520 1711 in
1557 1665 1711 1712 Deum
1733 1664 1874 1728 impi-

97 1741 234 1776 etate.
305 1730 426 1775 Cum
461 1728 509 1775 in
545 1729 717 1776 alienos
758 1728 912 1791 paffim
952 1728 1142 1784 saevitia,
1166 1734 1217 1778 ὃς
1250 1729 1421 1792 rapinis
1457 1730 1670 1792 grassatus
1707 1729 1874 1785 fuiffet,

96 1794 284 1841 tandem
323 1793 373 1840 in
406 1793 504 1841 suos
535 1794 738 1840 furorem
763 1794 917 1849 vertit,
937 1792 1150 1857 jugulata
1181 1810 1340 1848 uxore,
1366 1800 1406 1841 δε
1445 1795 1652 1857 stupratis
1675 1794 1874 1841 filiabus,

97 1860 178 1905 Ob
200 1859 298 1905 haec
321 1858 486 1906 scelera
512 1858 837 1905 communione
867 1859 1230 1906 Christianorum
1261 1858 1350 1905 fuit
1370 1859 1593 1906 exclusus.
1661 1860 1875 1906 Proceres

97 1935 252 1970 autem
276 1923 333 1969 ad
358 1930 484 1970 eum*
500 1923 786 1986 puniendum
808 1924 932 1970 coire
952 1924 1158 1970 volentes
1187 1922 1392 1970 inhibuit
1415 1924 1602 1970 Sanctus
1622 1922 1876 1987 Episcopus

97 1988 385 2034 Colmannus
412 2005 423 2034 ε
456 2004 704 2050 coramque
733 2004 843 2035 eum
862 1988 1104 2036 admonuit
1135 1987 1263 2036 brevi
1294 1988 1499 2035 divinam
1532 1988 1781 2035 vindictam
1803 1988 1875 2035 in-

100 2052 227 2098 stare.
260 2090 265 2095 .
292 2053 396 2099 Nec
418 2052 527 2099 fides
552 2053 675 2100 dicto
698 2052 848 2099 abfuit
871 2071 882 2100 :
917 2070 1023 2103 nam
1044 2053 1444 2113 intervenandutn
1468 2055 1565 2116 post
1587 2054 1683 2100 dies
1703 2070 1874 2117 paucos

100 2130 208 2162 cum
242 2133 268 2162 a
289 2116 400 2179 lupo
426 2117 686 2164 vulneratus
712 2118 761 2164 in
796 2116 962 2164 febrim
984 2117 1226 2173 incidisset,
1258 2133 1344 2166 nec
1369 2135 1393 2165 a
1414 2117 1546 2165 solita
1565 2117 1878 2181 intemperan-

101 2179 167 2226 tia
196 2180 452 2234 abstineret,
481 2182 642 2228 morbo
677 2182 862 2228 tandem
885 2182 1139 2246 pediculari
1179 2198 1344 2246 corpus
1366 2183 1590 2229 exedente
1612 2184 1880 2230 exclamasse

102 2242 246 2291 fertur
263 2245 427 2292 merito
451 2245 532 2291 fibi
565 2246 664 2291 haec
687 2246 885 2302 evenire,
919 2246 997 2310 qui
1024 2246 1141 2294 bene
1162 2260 1426 2294 monentem
1447 2248 1761 2294 Colmannum
1783 2264 1879 2294 non

102 2307 293 2356 audisset
314 2328 324 2355 ε
353 2326 404 2356 ac
427 2323 525 2356 tum
549 2311 733 2356 demum
756 2311 915 2375 agnito
936 2327 1084 2358 errore
1098 2312 1358 2358 Colmanno
1383 2311 1660 2367 consolante,
1677 2329 1729 2360 ac
1750 2312 1877 2375 spem

103 2373 251 2419 veniae
273 2374 536 2420 ostendente
560 2375 590 2420 fi
611 2376 750 2421 modo
776 2375 1066 2439 resipisceret,
1097 2377 1146 2423 in
1164 2375 1404 2440 publicum
1437 2376 1478 2423 se
1498 2376 1583 2423 vili
1606 2379 1721 2424 veste
1742 2377 1880 2424 indu-

104 2450 204 2499 tum
228 2438 276 2484 in
298 2439 461 2485 lectica
492 2439 691 2501 proferri-
699 2439 837 2500 jussu,
863 2457 915 2487 ac
936 2441 1089 2504 palam
1112 2441 1187 2488 sua
1206 2440 1371 2488 scelera
1392 2441 1522 2488 fassus
1544 2441 1734 2498 interiit,
1760 2458 1882 2488 anno

67 2520 70 2521 ⁷
103 2503 334 2567 redempti
356 2503 479 2551 orbis
502 2504 612 2552 668.
655 2504 930 2553 Ostodecim
956 2523 1097 2553 annos
1121 2507 1209 2554 hoc
1231 2507 1478 2554 monstrum
1502 2507 1653 2555 Scotia
1673 2506 1877 2572 pertulit».

173 2670 324 2717 XLII.
357 2672 560 2721 HUIC
599 2600 934 2722 Malduimi-s‘}
952 2601 1171 2722 Ιξοὲεέἑ)
1192 2675 1375 2740 genitus
1396 2675 1458 2722 est
1478 2665 1703 2732 suffectu&
1726 2676 1808 2740 qui
1831 2678 1891 2724 ut‘

105 2733 397 2783 labefactatas
435 2738 569 2802 regni
590 2753 737 2801 partes
763 2739 1002 2801 tyrannide
1025 2741 1165 2803 Regis
1188 2740 1388 2803 proximi
1410 2741 1698 2788 Confirmaret
1717 2756 1883 2805 pacem

111 2812 216 2844 cum
250 2799 464 2848 omnibus
494 2802 654 2849 vicinis
694 2803 818 2850 fecit.
890 2803 1110 2867 Qietem
1145 2806 1203 2851 ab
1229 2806 1353 2852 hoste
1370 2819 1558 2852 externo
1588 2804 1882 2869 impetratam

107 2863 311 2912 turbavit
331 2864 540 2913 intestina
560 2867 720 2931 seditio
741 2868 862 2916 inter
882 2869 1194 2936 Argathelios,
1219 2875 1266 2919 ὃς
1287 2870 1563 2917 Levinianos
1582 2866 1699 2918 orta.
1765 2872 1882 2918 Eam

110 2927 381 2976 Malduinus
407 2943 456 2977 ut
488 2932 811 2995 compesceret,
834 2933 1064 2997 profectus
1087 2930 1147 2981 est
1168 2935 1375 2982 adversus
1398 2932 1628 2992 authores,
1653 2948 1702 2983 ut
1733 2935 1782 2982 in
1804 2953 1882 2983 eos

112 2991 202 3062 fine
224 2991 520 3064 incommodo
545 2996 692 3059 plebis
716 2998 1110 3045 animadverteret.
1179 2998 1256 3046 Illi
1287 3012 1337 3047 ut
1364 3000 1508 3063 Regis
1530 3000 1645 3069 iram
1672 3000 1881 3056 ⁴vitarent,

57 3071 59 3074 ·
112 3055 554 3128 dlscordiaeprimum
578 3061 728 3109 sedata
755 3062 802 3109 in
826 3063 1036 3110 AEbudas
1063 3063 1296 3126 fugerunt.
1363 3065 1564 3111 Insulani
1587 3082 1663 3112 eos
1698 3067 1755 3113 ad
1777 3065 1881 3128 sup-

111 3119 306 3192 plicium
327 3125 568 3182 postulatos
590 3141 681 3172 non
706 3129 797 3175 ausi
814 3128 1010 3174 retinere
1027 3129 1302 3175 dediderunt
1326 3147 1337 3176 :
1363 3145 1518 3176 eorum
1544 3147 1681 3192 poena
1698 3142 1884 3177 caeteros

53 3211 62 3218 -
112 3199 160 3229 m
182 3185 332 3231 officlo
353 3187 598 3236 continuit.
666 3192 805 3238 Circa
824 3192 924 3237 haec
942 3203 1152 3255 tempora
1184 3209 1288 3239 cum
1313 3194 1438 3239 Scoti
1457 3195 1670 3240 monachi
1690 3195 1780 3241 late
1802 3212 1885 3257 per

14 3291 22 3305 ἐ
58 3293 63 3299 ,
111 3249 336 3311 Angliam
358 3251 524 3298 Christi
557 3254 811 3311 doctrinam
842 3255 1208 3308 disseminassent,
1231 3274 1283 3305 ac
1307 3253 1597 3319 juventutem
1621 3260 1883 3323 Anglorum

111 3310 178 3358 ita
200 3313 342 3359 lite-ris
373 3316 631 3386 erudiffent,
658 3331 707 3366 ut
726 3320 809 3384 ipfi
830 3320 930 3367 satis
954 3322 1208 3368 luculenter
1224 3321 1311 3367 suis
1334 3323 1638 3385 Evangelium
1661 3323 1884 3369 annunci-

113 3378 334 3448 are-'posse
357 3379 634 3437 v1derentur‚
658 3385 801 3431 crevit
822 3385 959 3431 etiam
996 3401 1100 3432 cum
1123 3386 1330 3433 doctrina
1351 3387 1558 3434 adversus
1582 3389 1788 3434 doctores
1810 3388 1882 3434 in·
1908 3412 1913 3419 ·

112 3441 239 3486 vidia
260 3460 268 3487 :
295 3444 511 3515 Scotque
532 3446 692 3493 eorum
710 3449 1062 3512 importunitate
1083 3451 1141 3497 ad
1160 3451 1257 3496 suos
1275 3451 1422 3498 redire
1440 3452 1540 3497 sunt
1563 3452 1722 3498 coaffl.
1765 3453 1886 3515 Qae

82 3539 88 3542 <
112 3507 393 3553 contumelia
417 3521 466 3553 ut
487 3518 733 3572 reg-norum
755 3515 1047 3561 concordiam
1065 3514 1270 3568 diremit,
1292 3515 1356 3562 ita
1375 3533 1533 3562 eorum
1564 3515 1644 3577 qui
1667 3515 1886 3578 injur-iam

114 3583 384 3640 acceperant
405 3573 622 3620 modestia
645 3588 867 3639 utranque
884 3591 1069 3642 gentem
1088 3580 1153 3625 'ab
1176 3593 1333 3641 aperto
1356 3581 1479 3626 bello
1499 3579 1744 3626 continuit.
1799 3581 1883 3627 As-

114 3631 248 3684 fidius
268 3636 606 3708 &mulionibus
628 3638 760 3704 saepe,
786 3657 836 3689 ac
859 3643 1015 3693 multis
1048 3644 1098 3691 in
1135 3643 1247 3691 locis
1269 3643 1601 3708 pugnabatur.³
1642 3644 1816 3693 Incidit
1838 3645 1887 3692 in

1728 3709 1895 3761 eadem
