2025 3831
466 153 797 219 Lmen
889 147 1543 216 UnbnctMusss
1738 169 1867 237 309

116 256 404 307 inimicorum
436 249 627 312 potuisse
662 246 898 303 saevitiam,
930 246 1070 309 quam
1101 248 1331 310 superiora
1363 248 1512 292 officia
1544 246 1628 290 suae
1662 244 1869 301 familiae,

117 322 256 386 quarn
279 335 304 365 a
324 319 451 378 Rege
474 314 760 376 impetratam
779 311 978 366 veniam,
998 311 1139 374 quam
1157 310 1408 357 nobilitatis
1431 325 1602 372 preces,
1648 313 1807 373 Itaque
1828 313 1873 358 se

115 400 289 435 omnes,
312 379 392 442 qui
414 378 627 432 adessent,
652 392 830 439 rogare,
856 388 906 422 ut
928 376 1166 437 praeclaros
1187 372 1387 437 imperii,
1418 373 1783 436 magistratusque
1813 376 1872 422 ti-

113 449 233 495 tulos
253 444 366 490 nihil
389 443 513 490 aliud
532 442 618 488 effe
635 439 905 494 existiment,
921 439 1062 501 quam
1079 439 1296 486 saeviturae
1314 437 1509 501 asperius
1529 436 1720 482 fortunae
1740 439 1870 485 blan·

113 512 334 562 dimenta,
360 513 400 553 δε
433 506 644 552 funerum
668 507 849 558 decora,
871 503 1025 566 potius
1054 503 1194 565 quam
1215 503 1322 549 vitae
1357 501 1595 563 praefidia:
1632 501 1874 562 praesertim

115 587 222 621 cum
246 572 419 633 semper
440 572 544 634 plus
568 569 729 632 poffint
749 566 951 629 improbi
987 567 1045 613 ad
1067 569 1293 613 bonorum
1314 565 1574 628 pernitiem,
1597 564 1737 626 quam
1763 581 1875 613 con-

114 638 252 684 senfio
276 636 500 681 bonorum
524 636 580 680 ad
603 634 789 679 salutem
808 631 1039 678 tuendam.
1108 632 1226 679 Haec
1245 646 1349 677 cum
1369 630 1562 684 dixisset,
1585 645 1690 674 cum
1712 628 1876 692 ingen-

113 703 148 749 ti
169 700 375 749 omnium
399 714 592 744 moerore
610 696 806 743 cervices
828 694 1028 741 carnifici
1046 695 1253 756 subjecit.

176 762 330 812 XXV.
382 764 506 809 Inter
542 762 623 807 hos
667 771 816 807 motus
856 757 1006 805 miffus
1048 761 1108 806 est
1148 760 1196 806 in
1233 757 1439 806 Galliam
1481 756 1793 812 Crichtoniu8‚
1826 770 1876 805 ut

111 843 277 896 praeter
308 827 487 888 antiqui
527 825 710 871 foederis
755 823 1115 877 renovationem,
1156 823 1293 870 etiam
1337 823 1506 869 Iacobo
1542 822 1663 886 Regi
1705 836 1878 884 peteret

114 894 254 958 Regii
289 891 468 957 generis
508 906 713 936 uxorem.
775 887 881 935 Nec
905 888 1165 952 Duglaffius
1195 888 1375 935 moleste
1407 887 1581 935 ferebat
1614 885 1878 942 absentiam,

115 960 196 1006 etsi
226 956 521 1004 honorificam
544 953 743 1000 hominis
773 952 909 1013 juxta
946 952 1200 1015 prudentis,
1236 968 1287 999 ac
1318 952 1499 1006 strenui,
1537 959 1577 999 &
1598 968 1654 999 ex
1675 952 1880 1015 reliquiis

113 1037 320 1070 veterum
356 1018 679 1066 discordiarum
703 1017 785 1064 fibi
804 1033 893 1062 non
919 1017 1018 1063 latis
1043 1017 1177 1079 aequi.
1247 1019 1300 1063 ln
1333 1030 1424 1064 tam
1448 1017 1711 1079 perturbato
1743 1015 1876 1079 regni

120 1090 233 1134 statu
259 1088 399 1138 idem,
424 1083 505 1146 qui
534 1083 580 1128 in
603 1094 788 1129 caeteros
810 1082 1022 1142 vulgatus
1045 1096 1139 1127 erat
1161 1083 1365 1135 morbus,
1389 1081 1733 1127 ecclesiasticum
1756 1080 1882 1127 ordi-

116 1169 223 1198 nem
242 1152 318 1196 suo
341 1147 555 1211 contagio
578 1145 743 1193 affecit.
814 1147 1005 1192 Ioannes
1026 1148 1307 1192 Cameronus
1332 1145 1541 1191 Glaseuae
1563 1145 1811 1207 Episcopus
1834 1144 1886 1191 in

118 1216 206 1263 suae
229 1212 416 1262 ditionis
437 1215 559 1274 (quae
587 1211 632 1257 in
653 1208 811 1273 primis
834 1210 987 1271 ampla
1006 1210 1086 1268 est)
1108 1211 1331 1272 agricolas
1357 1211 1500 1256 multa
1520 1209 1819 1266 crudelitatis,
1841 1215 1884 1255 δε

120 1279 320 1326 avaritiae
338 1277 548 1338 exempla
568 1274 660 1338 ipse
678 1274 909 1321 ediderat:
937 1274 1082 1320 multa
1105 1290 1185 1336 per
1207 1289 1300 1327 eos,
1317 1290 1511 1335 quorum
1536 1273 1583 1320 in
1606 1291 1741 1320 manu
1762 1273 1882 1320 sum·

119 1362 196 1391 ma
218 1359 365 1390 rerum
396 1353 507 1394 erat,
532 1339 767 1403 prodenda
787 1350 1021 1384 curaverat
1048 1356 1058 1384 :
1096 1351 1146 1384 ut
1175 1338 1374 1384 dominis
1407 1337 1568 1401 iniquo
1589 1338 1767 1399 judicio
1794 1338 1884 1384 cir-

119 1406 394 1461 cumventiS,
420 1406 540 1451 bona
564 1404 622 1450 ad
643 1419 746 1450 eum
769 1403 969 1449 redirent
991 1420 1001 1448 :
1035 1401 1353 1464 omniumque,
1375 1418 1479 1465 quae
1510 1403 1788 1465 populariter
1805 1403 1885 1449 fie-

119 1474 233 1520 bant
262 1473 484 1518 malorum
514 1480 591 1515 aut
612 1471 784 1521 auctor,
813 1478 890 1512 aut
915 1466 1063 1512 fautor
1093 1468 1375 1513 credebatur.
1445 1467 1551 1528 Ejus
1582 1467 1669 1512 viri
1690 1467 1888 1531 dignum-

119 1537 214 1583 vita
237 1535 407 1582 nefarie
426 1537 523 1580 acta
544 1532 669 1578 fuisse
692 1531 877 1578 tradunt
894 1531 1103 1577 exitium.
1141 1531 1292 1578 Pridie
1312 1531 1507 1577 natalem
1524 1532 1691 1577 Christi
1714 1548 1817 1578 cum
1835 1531 1899 1579 in*

48 1620 51 1623 ·
120 1600 233 1648 villa
249 1601 445 1662 quadam
470 1598 543 1643 sua
566 1599 623 1650 ad
646 1595 815 1658 septem
841 1595 988 1642 millia
1006 1596 1207 1658 passuum
1232 1595 1258 1641 ὲ
1288 1595 1488 1642 Glascua
1520 1595 1708 1642 distante
1738 1596 1888 1659 quies-

122 1679 262 1720 ceret,
286 1679 445 1709 vocem
470 1662 705 1725 ingentem
729 1659 884 1706 audire
906 1658 1041 1715 visus,
1067 1659 1108 1706 se
1131 1663 1188 1707 ad
1210 1660 1408 1707 tribunal
1433 1660 1616 1716 Christi,
1639 1673 1688 1707 ut
1709 1660 1888 1708 causam

119 1729 307 1782 diceret,
320 1724 541 1774 vocantis.
559 1727 628 1771 Ex
649 1741 702 1771 ea
720 1725 958 1786 repentina
980 1725 1319 1787 perturbatione
1341 1724 1497 1770 somno
1517 1726 1719 1771 excussus
1738 1724 1885 1772 famu—

119 1795 190 1842 los
212 1794 396 1847 excitat,
409 1791 631 1852 illatoque
652 1789 826 1835 lumine
848 1789 1027 1835 affidere
1044 1789 1191 1850 jubet.
1244 1789 1343 1852 Ipse
1369 1789 1613 1851 (1)librum
1636 1789 1681 1836 in
1702 1805 1888 1837 manum

120 1859 319 1921 sumpto,
339 1872 445 1905 cum
467 1857 619 1919 legere
637 1853 913 1916 occoepiffet,
936 1854 1096 1900 eadem
1119 1855 1283 1901 iterum
1308 1854 1464 1900 audita
1485 1870 1576 1900 vox
1593 1854 1800 1901 omnium
1837 1871 1887 1900 a·

121 1922 271 1969 nimos
295 1925 471 1985 stupore
488 1918 660 1966 defixit.
729 1919 912 1965 Deinde
935 1934 1040 1965 cum
1063 1919 1204 1982 longe
1226 1918 1557 1973 vehementius,
1581 1932 1717 1982 atque
1737 1918 1887 1965 horri-

122 1987 263 2033 bilius
284 1985 557 2038 insonuisset,
578 1981 830 2047 Episcopus
852 1983 1031 2046 ingenti
1049 1985 1224 2046 gemitu
1244 1984 1385 2038 edit0,
1406 1983 1565 2046 lingua
1586 1996 1885 2038 exerta‚mor-

129 2064 233 2097 tuus
252 2052 299 2098 in
321 2049 488 2096 le&ulo
510 2049 570 2095 est
590 2048 819 2094 inventus.
868 2049 977 2094 Hoc
997 2059 1090 2093 tam
1109 2047 1395 2111 perspicuum
1418 2047 1583 2094 divinae
1607 2047 1792 2094 ultionis
1809 2063 1891 2095 ex-

127 2115 350 2177 emplum,
372 2126 421 2160 ut
444 2127 589 2174 neque
612 2124 780 2158 temere
797 2112 1034 2165 affirmare,
1062 2128 1144 2158 nec
1165 2112 1370 2159 refellere
1388 2113 1448 2158 est
1469 2111 1646 2158 animus
1668 2130 1679 2159 :
1699 2111 1763 2159 ita
1783 2128 1892 2159 cum

126 2180 184 2225 ab
207 2179 305 2226 aliis
325 2179 376 2225 fit
394 2177 644 2240 proditum,
665 2181 705 2222 δε
723 2175 943 2222 constanti
962 2192 1140 2223 rumore
1157 2177 1497 2241 pervulgatum,
1516 2175 1726 2223 omittere
1746 2176 1894 2225 visum

129 2260 222 2290 non
253 2245 328 2290 est.
396 2241 571 2288 Eodem
595 2254 800 2302 tempore
822 2241 1015 2286 Iacobus
1046 2241 1297 2288 Kennedus
1319 2244 1430 2295 vita,
1456 2247 1495 2288 &
1528 2243 1728 2295 moribus
1749 2241 1892 2305 longe

125 2308 331 2362 diverfis,
358 2319 406 2361 ut
427 2305 508 2368 qui
529 2304 685 2351 omnia
707 2303 784 2351 sua
804 2303 990 2351 consilia
1010 2307 1068 2352 ad
1091 2307 1279 2352 salutem
1300 2306 1534 2368 publicam
1557 2306 1760 2359 referret,
1784 2307 1892 2352 cum

125 2389 278 2436 neque
295 2370 578 2424 amitoritate,
607 2381 684 2415 aut
700 2368 886 2415 confilio
904 2369 1032 2415 novis
1051 2370 1259 2433 quotidie
1282 2371 1411 2417 malis
1434 2370 1752 2434 ingruentibus
1768 2369 1891 2418 resis-

129 2449 224 2485 tere
246 2437 403 2500 posset,
428 2433 687 2498 Regiasque
709 2434 826 2480 vires
848 2434 1058 2481 adversus
1079 2435 1394 2497 improborum
1417 2435 1797 2498 conspirationem
1817 2435 1888 2480 vi-

128 2503 257 2551 deret
277 2501 494 2552 infirmas,
519 2496 715 2544 fortunis
736 2497 950 2544 omnibus
968 2499 1016 2544 in
1040 2503 1240 2563 praedam
1265 2499 1428 2546 relietis
1447 2499 1540 2563 ipse
1561 2499 1682 2546 suam
1701 2500 1890 2547 salutem

128 2566 341 2613 tuebatur
360 2583 372 2613 ι
397 2579 481 2610 nec
501 2562 545 2608 in
565 2563 635 2609 his
660 2562 789 2609 malis
808 2562 1064 2609 domesticis
1084 2581 1151 2611 res
1172 2565 1280 2611 foris
1300 2564 1547 2626 quietiores
1570 2578 1712 2611 erant.

192 2630 370 2677 XXVI.
402 2626 564 2676 Finitis
583 2642 690 2673 cum
704 2627 861 2691 Anglo
882 2626 1080 2674 induciis
1095 2628 1219 2676 Scoti
1231 2628 1280 2676 in
1296 2630 1533 2692 Angliam,
1550 2630 1693 2693 Angli
1714 2628 1761 2675 in
1783 2628 1892 2675 Sco-

127 2693 240 2743 tiam
262 2694 533 2741 incursiones
553 2691 718 2746 fecere,
738 2707 1010 2755 quacunque
1031 2692 1177 2749 ibant,
1197 2693 1354 2740 omnia
1371 2695 1489 2740 ferro
1508 2696 1781 2755 flammaque
1797 2693 1907 2739 vas·¹

134 2770 298 2807 tames·
362 2759 417 2805 In
437 2755 610 2820 Anglia
630 2755 893 2803 Annevicus
915 2757 974 2802 ab
995 2758 1165 2804 Iacobo
1188 2758 1386 2805 Comitis
1407 2759 1650 2822 Duglassiae
1674 2758 1827 2811 fratre,
1847 2757 1896 2803 in

132 2825 285 2870 Scotia
306 2821 630 2870 Drumfrilium
648 2820 676 2866 a
694 2821 880 2868 Comite
902 2821 1176 2876 Sarisburiae,
1199 2823 1490 2870 Dumbarum
1514 2823 1540 2868 a
1562 2822 1746 2869 Comite
1770 2823 1896 2868 Nor·

132 2887 377 2934 thumbri'ae
397 2887 646 2948 direptum,
671 2891 711 2933 &
735 2884 967 2933 incensum
989 2888 1064 2933 est.
1114 2887 1302 2950 Magnae
1327 2887 1539 2950 utrinque
1561 2889 1724 2950 praedae
1746 2886 1897 2933 homi-

130 2966 259 3004 num,
284 2963 418 3012 atque
443 2951 672 3014 pecudum
696 2949 865 3006 abaetae
887 2948 1004 2996 sunt.
1049 2952 1173 2998 Inter
1193 2954 1331 2998 duces
1353 2964 1649 3004 conventum,
1673 2963 1722 2997 ut
1744 2950 1895 3014 capti-

133 3029 296 3060 vorum
319 3016 443 3060 fieret
461 3013 753 3077 permutatio.
820 3015 962 3061 Erant
982 3015 1106 3062 enim
1128 3015 1222 3063 fere
1248 3030 1456 3070 numero,
1482 3020 1530 3064 &
1552 3033 1718 3080 genere
1748 3032 1895 3080 pareS.

136 3078 229 3125 His
264 3077 590 3124 incursionibus
612 3094 718 3124 cum
749 3079 847 3141 agri
869 3094 986 3142 pene
1017 3080 1076 3126 ad
1096 3079 1386 3127 solitudinem
1417 3080 1749 3144 redigerentur,
1783 3080 1897 3127 nihil

132 3155 286 3189 autem
303 3143 362 3187 ad
382 3141 599 3188 summam
619 3140 728 3188 belli
751 3143 1217 3205 proficeretur,rursus
1234 3145 1286 3191 in
1306 3143 1474 3207 septem
1499 3162 1640 3192 annos
1665 3143 1783 3207 pacti
1800 3144 1902 3191 sunt

129 3205 353 3254 induciaS.
388 3206 441 3252 In
461 3205 549 3252 hoc
569 3205 680 3252 statu
698 3222 848 3254 rerum
864 3208 1057 3254 Iacobus
1076 3208 1360 3255 Dumbarius
1373 3210 1594 3257 Moraviae
1613 3211 1781 3257 Comes
1799 3224 1900 3254 mo-

131 3269 265 3318 ritur.
325 3273 369 3316 Is
394 3285 499 3315 cum
520 3269 630 3315 duas
653 3269 769 3317 filias
791 3271 1039 3335 reliquisset
1059 3273 1277 3329 haeredes,
1303 3275 1447 3335 major
1465 3286 1575 3321 natu
1599 3273 1625 3320 a
1647 3286 1772 3337 patre
1794 3282 1901 3318 ante

131 3349 327 3381 mortem
361 3333 531 3380 Iacobo
567 3332 838 3381 Crichtonio
859 3336 1083 3384 collocata
1104 3337 1265 3385 fuerat.
1334 3339 1494 3386 Minor
1519 3351 1645 3401 patre
1680 3336 1897 3383 defuncto

133 3398 384 3445 Arcibaldo
408 3393 605 3445 Comitis
628 3397 872 3459 Duglaffiae
895 3399 1024 3447 fratri
1055 3403 1222 3464 nupsit.
1254 3403 1298 3449 Is
1321 3415 1479 3449 contra
1507 3405 1648 3467 leges,
1677 3401 1899 3447 instituta-

133 3477 224 3571 Ἐμὲ
250 3465 474 3524 majorum
498 3463 667 3508 Comes
689 3462 911 3509 Moraviae
933 3478 1238 3529 nuncupatur.
1284 3466 1439 3514 Tanta
1461 3480 1558 3514 tum
1591 3479 1686 3512 erat
1715 3465 1765 3510 in
1797 3465 1903 3510 aula

190 3526 358 3590 uglassii
379 3526 602 3591 potentia.
669 3525 774 3573 Nec
795 3525 884 3575 hoc
902 3527 1188 3580 incremento
1211 3543 1469 3587 contentus,
1493 3532 1586 3596 quo
1611 3528 1746 3576 latius
1767 3527 1904 3576 fami-

189 3634 259 3689 (ι)
284 3633 353 3675 ΑΙ.
372 3635 487 3677 libro,
1834 3657 1909 3706 13ae
