2045 3857
447 134 794 214 'LIBER
901 142 1407 218 Discmtus.
1674 136 1811 229 269

46 255 133 304 sice
156 249 438 313 transegerat.
471 243 619 307 Igitur
637 254 792 305 parata
813 258 926 290 nave
949 239 1198 289 ad·Baffam
1220 238 1455 302 scopulum
1477 240 1646 297 verius,
1670 241 1813 305 quam

48 308 662 366 imulamsadhibitoreEtore
686 308 892 355 Henrico
915 306 1121 354 Sinclaro
1142 303 1328 351 Comite
1351 304 1819 365 Orcadumconscen—

48 383 119 430 dit
139 404 149 429 :
174 396 224 428 ac
245 379 355 424 dum
375 372 480 419 litus
504 373 623 436 legit
641 373 698 419 ad
715 374 748 419 F
754 372 1045 435 lamburgum
1065 368 1451 432 promontorium,
1473 368 1561 414 five
1581 373 1820 432 tempesta·

48 446 108 493 tis
131 442 394 494 vicoac‘tus,
423 438 511 484 five
532 451 582 484 ut
604 437 628 484 ὲ
659 436 821 498 nausea
842 438 1018 483 marina
1038 434 1081 481 se
1099 434 1338 497 paululum
1360 445 1598 485 recrearet,
1626 437 1695 494 (1)
1722 435 1819 482 des..

49 507 206 557 cendit
225 525 240 561 ;
265 505 323 551 ab
345 502 597 566 Anglisque
615 513 834 556 retentus,
862 506 908 555 ὃς
930 499 957 546 a
977 501 1108 572 Rege
1129 497 1354 553 consulto,
1378 497 1488 560 quid
1513 513 1569 543 eo
1592 496 1686 543 fieri
1711 500 1825 546 velit

47 573 99 620 in
120 570 271 618 aulam
294 568 547 615 accersitus.
614 565 689 612 Ibi
713 581 796 611 nec
813 565 886 626 jus
913 563 1220 617 induciarum,
1241 579 1343 624 quae
1366 562 1504 625 paulo
1527 574 1631 608 ante
1654 561 1702 608 in
1721 565 1825 609 οξὶο

48 651 190 683 annos
210 634 390 681 fuerant
412 632 557 682 fac'tae,
593 646 743 692 neque
766 630 909 676 literae
932 631 1073 693 patris
1096 625 1322 690 supplices
1344 626 1388 674 ei
1409 626 1698 688 profuerunt,
1731 629 1826 689 qno

47 701 200 748 minus
226 699 329 760 jure
351 697 559 758 captivus
588 696 924 742 decerneretur.
992 693 1126 739 Pater
1152 690 1276 738 enim
1309 690 1558 737 discedenti
1598 691 1750 737 literas
1773 692 1834 738 ad

46 765 259 829 Angla-m
286 762 339 825 (fi
372 762 487 807 torte
521 761 635 807 illuc
666 758 925 822 appulisset)
960 757 1182 804 dederat:
1215 755 1264 801 in
1288 755 1455 819 quibus
1494 756 1641 802 multa
1660 754 1829 812 desua,

2 864 5 867 -
49 832 199 879 multa
216 829 274 876 de
287 825 522 873 communi
538 823 781 872 hominum
800 823 982 870 fortuna
1000 832 1132 869 erant
1148 820 1505 867 lamentabiliter
1523 819 1701 883 scripta.
1735 821 1834 868 Ve—

48 910 154 943 rum
174 893 299 957 apud
320 894 518 955 Regem,
537 891 608 952 (2)
630 889 708 936 etfi
726 886 1038 936 inconstantiae
1059 901 1209 934 rerum
1231 886 1535 932 humanarum
1558 901 1649 931 non
1674 901 1838 948 exper-

50 971 179 1014 tem‚‘
194 970 346 1005 tamen
369 958 473 1020 plus
494 957 737 1003 valuerunt
756 966 930 1001 veteres
953 950 1104 1016 gentis
1127 949 1326 1006 offensae,
1342 949 1482 1014 quarn
1504 951 1577 998 vel
1599 950 1743 997 aetatis
1765 949 1837 997 in⁸⁸

52 1024 205 1070 noxiae
222 1023 466 1087 respectuS,
490 1022 563 1068 vel
587 1019 738 1068 miseri
759 1019 900 1084 patris
920 1016 1173 1073 lachrimae‚
1200 1017 1274 1063 vel
1296 1014 1433 1080 Regii
1457 1015 1658 1063 nominis
1680 1014 1837 1080 digni-

55 1098 142 1143 tas,
167 1090 242 1134 vel
260 1085 551 1134 induciarum
573 1085 702 1133 fides.
1727 1143 1732 1146 Π

74 1178 77 1179 ’
121 1153 260 1202 xlv.
294 1151 423 1199 Nam
452 1166 557 1198 cum
592 1149 773 1212 Anglus
801 1149 859 1197 ad
896 1145 1147 1196 concilium
1169 1144 1401 1200 retulisset,
1441 1146 1679 1210 quomodo
1716 1149 1843 1200 Scoti

53 1216 198 1280 Regis
222 1214 316 1263 filio
339 1215 388 1262 in
412 1213 637 1261 ditionem
659 1214 784 1260 suam
803 1209 994 1277 appulso
1017 1217 1222 1259 uteretur
1243 1228 1254 1259 τ
1291 1211 1460 1277 quibus
1495 1215 1723 1280 aequitatis
1745 1230 1842 1266 erat

54 1281 273 1338 studium,
311 1285 350 1326 δε
374 1279 580 1326 diuturni
609 1278 721 1325 belli
748 1278 957 1333 taedium,
1001 1277 1058 1324 ad
1091 1277 1322 1325 mitiorem
1346 1278 1614 1328 sententiam
1645 1281 1843 1329 inclina-

56 1348 172 1395 bant
197 1365 208 1393 :
245 1360 298 1393 ac
316 1344 558 1403 censebant
572 1342 711 1408 Regii
730 1343 910 1407 generis
928 1341 1212 1390 adolescente
1231 1343 1551 1392 crudelitatem
1569 1345 1751 1394 suorum
1770 1347 1843 1395 fu-

58 1412 235 1476 giente,
261 1416 300 1458 &
323 1408 529 1473 supplice
543 1408 847 1472 hospitaliter,
868 1412 917 1457 ὃς
940 1407 1088 1455 amice
1102 1408 1436 1466 effeutendum
1459 1429 1469 1456 :
1496 1415 1545 1460 &
1564 1425 1750 1476 gentem
1775 1411 1843 1460 fe-

57 1493 215 1524 rocem
253 1486 323 1523 tot
355 1474 526 1521 saeculis
563 1474 685 1522 bello
720 1471 996 1521 indomitam
1023 1472 1256 1520 beneficiis
1279 1474 1634 1522 conciliandam.
1703 1478 1845 1525 Hanc

57 1539 299 1588 victoriam
321 1539 516 1594 firmam,
541 1542 590 1588 ὃς
612 1538 803 1586 solidam
825 1539 895 1601 (3)
917 1536 1077 1584 deberi
1097 1536 1358 1594 existimari,
1378 1539 1426 1585 in
1446 1557 1537 1602 qua
1556 1557 1646 1587 non
1675 1559 1757 1604 per
1774 1542 1847 1590 in·

55 1606 226 1669 juriam
249 1604 435 1652 libertas
458 1602 695 1659 adimitur,
727 1603 802 1651 sed
826 1603 1007 1650 animus
1030 1603 1248 1650 amicitiae
1269 1603 1458 1651 vinculo
1479 1604 1716 1654 insolubili
1736 1623 1848 1654 con-

56 1670 290 1735 jungitur.
342 1668 439 1716 Alii
455 1680 616 1717 contra
637 1668 925 1723 differebant,
941 1667 1044 1731 jure
1065 1680 1253 1731 captum
1274 1667 1437 1723 videri,
1458 1670 1530 1716 vel
1554 1671 1683 1732 qnod
1706 1673 1730 1719 ὲ
1752 1671 1848 1735 pri-

63 1735 270 1783 num-{bus
293 1733 444 1799 gentis
463 1734 637 1781 auxilia
669 1733 718 1781 in
741 1745 870 1782 motu
891 1732 1113 1781 Perciano
1132 1745 1296 1791 ¹contra
1319 1735 1496 1798 Regem
1519 1734 1567 1780 in
1587 1735 1682 1782 acie
1707 1737 1848 1785 stetis-

62 1799 177 1856 sent,
200 1800 276 1847 vel
310 1798 438 1863 quod
462 1810 590 1862 pater
622 1798 718 1861 ejus
741 1797 950 1846 Percium
983 1798 1204 1846 seniorem
1237 1799 1571 1861 perduellionis
1606 1799 1652 1846 in
1677 1801 1852 1864 Anglia

64 1866 333 1912 damnatum
365 1865 488 1927 apud
518 1864 559 1911 se
587 1864 791 1919 haberet,
829 1869 869 1910 &
900 1860 1090 1910 exilium
1124 1863 1221 1924 ejus
1252 1862 1338 1909 suis
1371 1864 1536 1926 opibus
1568 1864 1845 1914 sustentaret.

65 1931 184 1977 Haec
203 1929 514 1984 sententia„ut
533 1929 804 1993 plaerunque
821 1926 1050 1977 deteriora
1063 1928 1228 1978 solent.
1252 1927 1300 1974 in
1319 1929 1520 1975 concilio
1536 1929 1648 1976 vicit
1666 1949 1676 1977 :
1702 1948 1850 1995 quan·

19 1994 23 1997 ’
64 2011 203 2057 quam
228 1993 312 2057 qui
334 1994 523 2041 aderant
544 2009 640 2040 non
653 1994 936 2058 ignorarent,
961 1994 1044 2055 qui
1064 1994 1110 2040 in
1131 1993 1292 2055 praelio
1315 1993 1757 2059 adversns‘A'nglum
1780 1996 1854 2043 di-

65 2056 317 2113 micaffent,
355 2074 448 2104 non
481 2058 728 2121 publice&
749 2061 880 2122 Rege
902 2058 1070 2112 miffos,
1108 2057 1183 2105 sed
1220 2058 1446 2122 Duglafiii
1478 2057 1656 2121 privata
1677 2060 1845 2122 gratia,

69 2139 177 2170 cuin
200 2121 353 2185 &ipse
378 2119 477 2170 tu'm
501 2122 550 2170 in
573 2122 719 2170 Percii
749 2124 969 2187 potestate
990 2125 1113 2178 effer,
1138 2123 1225 2169 add
1235 2126 1377 2178 ucios,
1402 2141 1455 2170 ac
1477 2124 1725 2171 meminisse
1748 2125 1852 2188 pos-

67 2187 181 2242 sent,
201 2187 316 2250 quid
334 2198 438 2233 ante
461 2202 631 2249 paucos
654 2204 797 2235 annos
819 2188 1054 2235 Henricus
1071 2187 1165 2251 ipse
1185 2187 1331 2234 Scotis
1355 2188 1616 2252 Georgium
1642 2190 1857 2237 Dumba·

66 2251 188 2298 rium
214 2252 550 2314 reposcentibus
575 2252 880 2315 respondisset.
944 2255 998 2300 ln
1022 2253 1139 2299 hanc
1161 2252 1427 2299 sententiam
1451 2254 1567 2300 itum
1590 2255 1668 2308 est,
1695 2267 1744 2301 ut
1761 2254 1860 2302 fere

66 2315 119 2363 in
141 2315 256 2363 aulis
274 2316 538 2380 principum
558 2316 862 2364 emolumenti
879 2315 987 2364 falsa
1003 2317 1172 2380 species
1192 2317 1602 2365 ho'nestis'confiliis
1638 2335 1854 2382 praepon-

73 2381 217 2428 derat.
286 2383 341 2427 ln
365 2395 551 2444 captum
572 2393 724 2429 tamen
750 2382 776 2428 a
798 2383 929 2445 Rege
950 2383 1107 2446 Anglo
1129 2382 1218 2429 hoc
1241 2399 1382 2428 unum
1405 2383 1671 2438 liberaliter,
1698 2389 1738 2437 ἃς
1762 2385 1859 2432 Re·

74 2445 152 2508 gie
172 2446 235 2493 est
254 2446 530 2502 consultum,
569 2447 699 2509 quc-d
736 2446 899 2502 literis,
935 2450 985 2498 δε
1008 2447 1195 2494 honesta
1231 2446 1600 2512 disciplinaeum
1621 2448 1861 2497 instituen-

18 2514 21 2515 ’
77 2511 188 2556 dum
210 2511 406 2558 curavit.

137 2575 245 2622 XV.
279 2574 555 2623 Calamitate
578 2575 661 2623 filii
683 2575 742 2623 ad
766 2588 944 2638 patrem
971 2588 1233 2624 coenantem
1255 2577 1430 2640 perlata
1459 2589 1586 2626 tanta
1617 2577 1789 2626 doloris
1809 2578 1860 2626 vi

69 2636 160 2686 fuit
180 2642 429 2703 oppreffus,
455 2652 506 2688 ut
530 2658 648 2703 pene
678 2639 801 2687 inter
822 2658 982 2688 manus
1002 2643 1242 2690 astantium
1267 2643 1522 2705 exspirarit.
1591 2643 1785 2690 Delatus
1808 2643 1860 2690 in

70 2702 336 2752 cubiculum
358 2706 416 2752 ab
435 2704 490 2753 eo
517 2718 724 2769 tempore
742 2706 852 2751 cibo
870 2706 1085 2753 abstinuit
1110 2726 1121 2753 ε
1159 2723 1211 2754 ac
1246 2709 1382 2754 tertio
1404 2709 1501 2770 post
1523 2707 1597 2754 die
1621 2708 1793 2764 inedia,
1817 2714 1862 2758 δε

69 2782 266 2815 moerore
300 2770 524 2817 extinctus
557 2772 619 2817 est
654 2770 897 2826 Rotesaiae‚
942 2771 1070 2833 quod
1104 2772 1336 2835 oppidum
1374 2773 1421 2819 in
1455 2772 1570 2820 Bota
1606 2771 1751 2819 insula
1779 2774 1861 2829 est,

72 2846 194 2880 anno
229 2833 287 2880 ab
326 2834 443 2881 inito
480 2850 626 2897 regno
650 2835 980 2890 sextodecimO,
1010 2837 1080 2898 (4)
1107 2835 1326 2895 Calendis
1351 2837 1526 2900 Aprilis
1550 2853 1669 2884 anno
1694 2837 1867 2886 Christi

79 2908 217 2958 1400,
236 2897 434 2961 sepultus
458 2900 653 2946 Par-neti.
711 2900 818 2946 Fuit
836 2900 1064 2946 Robertus
1090 2907 1130 2948 ‚Sc
1152 2901 1441 2963 proceritate,
1469 2908 1509 2948 Sc
1529 2902 1669 2948 totius
1694 2918 1861 2966 corpon

74 2959 135 3006 ris
161 2958 330 3016 forma,
372 2967 421 3012 δε
458 2964 790 3027 compositione
821 2965 939 3011 nulli
974 2964 1068 3012 fere
1103 2965 1286 3012 suorum
1321 2966 1569 3030 aequalium
1602 2967 1862 3014 secundus:

75 3023 252 3070 summa
283 3027 390 3072 vitae
412 3026 694 3083 innocentia,
736 3034 777 3076 &
805 3029 853 3074 in
892 3045 986 3092 quo
1008 3030 1185 3076 nullam
1215 3031 1417 3078 hominis
1456 3030 1623 3094 privati
1645 3031 1863 3087 virtutem

73 3086 345 3136 desiderares
367 3108 378 3136 :
415 3102 463 3136 ut
487 3092 594 3153 vere}
606 3093 664 3139 de
687 3093 770 3139 illo
791 3093 888 3140 dici
907 3094 1050 3156 posset
1073 3095 1312 3142 meliorem
1337 3095 1503 3146 virum,
1520 3113 1659 3159 quarn
1683 3097 1865 3160 Regem

78 3166 183 3199 eum
205 3153 350 3200 fuiss'e.
392 3191 398 3194 .
418 3155 548 3219 Rege
571 3169 754 3204 mortuo
774 3157 906 3222 regni
928 3159 1261 3207 administratio
1285 3161 1492 3208 Roberto
1516 3160 1611 3222 ejus
1632 3161 1761 3208 fratri
1785 3177 1866 3224 per

86 3317 93 3322 ,
127 3280 191 3330 (1.)
216 3294 265 3333 30
293 3282 415 3320 Mart.
437 3284 495 3321 vel
519 3295 565 3320 12
597 3285 723 3334 April.
747 3299 862 3340 1405.
993 3303 1067 3339 pon
1087 3289 1253 3336 hi'rnself.

132 3334 196 3383 (2)
216 3337 315 3373 This
332 3337 466 3388 Henry
482 3340 554 3385 4th
573 3337 668 3386 king
693 3340 738 3376 of
753 3342 938 3389 England,
1048 3342 1109 3394 (3)
1139 3346 1230 3382 Sall.
1265 3347 1354 3398 Jug.
1390 3345 1581 3384 Metellus.
1607 3343 1784 3394 speaking
1826 3350 1868 3381 to

87 3385 196 3428 when
207 3387 256 3424 he
274 3403 349 3426 was
362 3389 462 3426 duke
480 3390 740 3438 ofLancaster,
759 3393 830 3433 had
847 3394 939 3432 been
995 3396 1160 3443 Marius,
1180 3400 1304 3438 deberi
1332 3400 1392 3436 illi
1412 3413 1467 3436 res
1487 3399 1565 3436 suas
1595 3398 1679 3434 siti<
1703 3399 1864 3446 placere,

90 3437 257 3479 banished
292 3452 358 3480 out
389 3443 433 3479 of
455 3444 626 3490 England
662 3444 707 3492 by
736 3445 796 3482 liis
816 3448 939 3484 cousin
993 3450 1076 3486 vide
1095 3451 1163 3488 lib.
1187 3453 1248 3489 16.
1271 3466 1350 3502 cap.
1371 3465 1436 3489 22.
1457 3453 1547 3489 dial.
1580 3453 1623 3487 ‹ls
1649 3464 1760 3498 rfgno
1780 3462 1862 3499 cap.

87 3489 249 3531 Richard
267 3497 314 3532 2d
337 3509 345 3532 ι
377 3495 442 3533 but
459 3495 595 3533 within
617 3496 690 3533 few
706 3510 806 3545 years
824 3498 944 3550 hegre-
999 3514 1064 3551 27·
1084 3504 1253 3552 permitti
1272 3506 1410 3542 deberi.

85 3547 218 3582 turned
249 3548 341 3585 with
374 3561 419 3597 an
451 3562 566 3598 army,
602 3549 751 3598 deposed
770 3553 838 3587 and
864 3553 945 3590 kil·
1053 3555 1115 3605 (4)
1145 3558 1230 3596 Alii
1246 3570 1286 3609 4.
1302 3558 1460 3609 Aprilis,

84 3593 143 3634 led
161 3596 255 3648 king
272 3601 453 3650 Richard,
476 3605 546 3641 and
569 3602 660 3642 took
678 3602 737 3642 his
756 3615 883 3679 (τοι-επὶ
901 3620 943 3642 ιι-

1772 3701 1873 3736 om·
