1992 3801
89 3687 91 3690 .
159 3659 225 3701 cas,
232 3671 282 3704 ef.
1084 3651 1304 3695 Otterburn.

167 181 301 272 270
486 190 845 257 RERUM
935 185 1620 269 S-co‘rreAatJM

168 304 329 337 omnes
346 287 526 350 ordines
549 288 814 336 confirmata
831 286 908 340 est,
940 286 1021 348 qui
1045 299 1093 333 ut
1112 287 1363 350 cupiditate
1383 287 1642 353 imperandi
1663 303 1808 338 caecus
1831 286 1933 356 pel:-

170 354 292 402 fimis
314 350 565 400 rationibus
583 355 640 400 εὸ
661 351 948 414 properabat,
969 349 1036 398 ita
1067 351 1098 397 fi
1123 368 1263 399 unum
1282 352 1401 401 illud
1432 354 1609 409 demas,
1629 355 1774 401 multa
1794 355 1841 402 in
1876 372 1942 404 eo»

168 431 299 467 tanto
318 418 577 481 magistratu
599 416 740 478 digna
761 414 953 462 inerant.
1015 415 1141 462 Nam
1159 418 1204 465 ἃ
1235 417 1358 463 bello
1379 417 1528 472 fortis,
1552 425 1592 466 δε
1615 419 1801 466 confilio
1823 411 1952 483 pru-¹

166 483 280 531 dens
309 495 421 535 erat,
443 488 483 528 δε
506 480 721 543 aequitate
742 479 915 526 summa
935 479 1038 526 lites
1061 479 1341 541 dijudicabat
1366 499 1377 528 :
1414 487 1454 529 δε
1477 482 1749 530 liberalitate
1771 499 1932 547 proce·-

163 565 234 597 res
256 546 549 599 conciliabat,
573 560 658 590 nec
678 542 858 589 tributis
881 544 1064 606 plebem
1087 544 1397 592 exhauriebat.

229 613 362 659 XVI.
396 610 568 657 Eodem
593 625 714 654 anno
742 608 924 654 Percius
946 608 1095 655 senior
1117 609 1282 656 iterum
1318 610 1367 656 in
1401 611 1579 674 Regem
1618 611 1745 658 suum
1768 612 1931 675 conju-

161 677 281 733 ravit
306 695 317 722 ε
370 687 421 720 ut
453 672 620 728 fratris,
657 677 696 719 Sc
716 671 910 719 duorum
933 672 1130 720 filiorum
1155 675 1370 721 caesorum
1396 674 1616 722 ultionem
1638 675 1695 722 ab
1716 693 1770 723 eo
1791 693 1935 739 expe-

164 753 284 790 teret
306 759 318 786 :
351 738 428 785 sed
450 738 626 785 detefflt
647 737 976 798 conjuratione,
997 743 1038 784 δι
1056 738 1266 799 plurimis
1283 739 1566 786 consciorum
1584 739 1748 803 captis,
1768 747 1808 788 δε
1831 741 1935 804 sup-

163 806 309 869 plicio
333 801 520 857 affeffis,
545 802 590 848 in
616 801 815 847 Scotiam
835 801 918 848 fibi
941 813 1145 848 metuens
1169 801 1306 866 fugit,
1327 816 1377 849 ut
1397 803 1506 851 inde
1518 804 1567 851 in
1588 805 1867 860 Flandriam,
1892 811 1934 852 δε

162 869 402 919 Franciam
433 865 687 928 navigaret,
718 870 762 910 &
799 865 972 911 auxilia
996 866 1053 912 ad
1095 866 1267 916 bellum
1291 868 1603 915 renovandum
1625 869 1936 932 conquireret.

161 937 344 991 Interea
369 929 515 994 Angli
553 929 672 975 filius
694 929 925 975 Henricus
948 945 1137 991 magnas
1158 929 1206 976 in
1235 931 1628 994 Scotorum‘agros
1651 934 1935 981 excurfiones

161 1012 297 1052 terra,
324 995 526 1058 marique
566 993 691 1040 fecit.
759 994 805 1039 Is
838 995 942 1040 cum
983 994 1137 1056 praeda
1157 993 1334 1057 ingenti
1366 1007 1504 1056 parta
1526 996 1714 1042 domum
1737 997 1935 1052 redisset,

162 1080 242 1111 arx
268 1060 503 1122 ledburgi,
527 1074 666 1121 quam
688 1058 833 1104 hostes
857 1056 883 1102 a
906 1057 1064 1121 praelio
1095 1059 1394 1111 Dunelmenfi
1417 1059 1474 1105 ad
1497 1075 1604 1107 eum
1626 1059 1749 1108 diem
1773 1074 1933 1110 tenue·-

156 1133 282 1179 ‘rann
305 1139 386 1187 per
408 1124 592 1187 plebem
614 1122 846 1170 Teviotiae
876 1133 1026 1184 capta,
1053 1127 1094 1169 δε
1118 1122 1323 1184 spoliata,
1365 1140 1416 1170 ac
1438 1124 1603 1176 deinde
1641 1142 1723 1184 per
1747 1125 1939 1177 Guber«

161 1204 370 1238 natorem
390 1188 486 1235 solo
508 1199 686 1249 aequata
708 1188 786 1240 est,
811 1190 859 1233 ὅτ
884 1187 1118 1248 Georgius
1138 1187 1333 1232 Marciae
1352 1188 1521 1233 Comes
1543 1202 1646 1233 cum
1668 1186 1725 1233 ab
1748 1187 1937 1252 Anglis,

161 1270 359 1319 quorum
392 1252 441 1298 in
463 1251 659 1316 gratiam
682 1251 827 1298 multa
848 1250 1017 1297 damna
1050 1250 1135 1296 suis
1158 1250 1362 1305 dederat,
1400 1267 1548 1312 neque
1572 1251 1630 1297 ad
1651 1251 1728 1298 sua
1745 1268 1936 1316 recupe-

160 1320 304 1377 randa
324 1316 566 1372 auxilium,
610 1332 760 1378 neque
781 1314 888 1362 vitae
914 1314 1098 1361 honeste
1132 1315 1356 1378 degendae
1383 1314 1628 1363 subsidium
1649 1314 1933 1379 impetraret,

159 1401 245 1448 per
281 1384 453 1430 amicos
483 1382 662 1446 placato
681 1379 1004 1427 Gubernatore
1026 1379 1217 1426 domum
1255 1378 1428 1427 rediit:
1461 1392 1588 1442 parte
1619 1392 1770 1427 tamen
1793 1381 1938 1445 patri-

160 1449 326 1503 monii,
350 1463 516 1509 nempe
533 1461 634 1492 arce
657 1445 714 1492 ad
736 1445 994 1491 Mabanurn
1011 1444 1181 1499 lacum,
1207 1447 1253 1494 ὃ(
1280 1442 1527 1491 Annandia
1555 1445 1794 1501 multatus,
1826 1463 1931 1509 quae

160 1514 396 1578 Duglaffio
420 1511 606 1558 nomine
627 1509 785 1557 damni
807 1508 903 1555 dati
920 1508 1149 1556 attributae
1172 1509 1272 1556 sunt
1297 1529 1308 1556 :
1354 1525 1406 1555 ac
1427 1508 1654 1556 veteribus
1677 1510 1855 1556 offensis
1878 1527 1932 1557 u-

161 1578 345 1641 trinque
383 1576 585 1630 remiffis‚
622 1574 671 1622 in
692 1574 868 1621 summa
897 1591 1001 1621 cum
1024 1573 1187 1621 vicinis
1210 1573 1474 1629 concordia,
1513 1590 1566 1621 ac
1596 1567 1685 1621 fide
1712 1590 1822 1639 erga
1841 1576 1935 1622 Re-

161 1660 270 1708 gem
294 1642 516 1704 reliquam
541 1652 720 1686 aetatem
744 1638 973 1701 transegit.
1567 1685 1570 1687 ,
1712 1682 1717 1687 ,

227 1708 433 1766 XV11.(1
448 1703 684 1764 >Proximo
703 1703 1006 1755 annoPercius
1027 1703 1185 1750 frustra
1203 1704 1787 1767 pervagatusFranciarn,ac
1799 1704 1934 1759 Flam

163 1772 308 1819 driam
331 1772 379 1818 in
404 1770 599 1817 Scotiam
622 1770 678 1814 ad
703 1768 934 1814 Comitem
952 1769 1240 1816 Marcianum
1264 1779 1464 1815 veterem
1484 1768 1682 1816 amicum
1702 1770 1762 1815 est
1783 1786 1935 1825 rever-

161 1837 230 1883 sus
257 1855 267 1884 :
307 1842 346 1883 δι
371 1835 427 1881 ab
445 1851 500 1881 eo
524 1832 836 1880 humaniffime}
858 1832 1058 1886 habitus,
1084 1838 1123 1879 δε
1146 1849 1230 1895 pro
1254 1831 1399 1894 copiis
1419 1833 1585 1881 cultus.
1652 1833 1726 1879 Ibi
1748 1849 1851 1879 cum
1877 1834 1936 1880 de

159 1900 310 1949 reditu
331 1900 379 1946 in
402 1899 595 1963 patriam
616 1916 696 1961 per
713 1898 916 1944 occultos
936 1898 1128 1943 nuncios
1151 1895 1409 1958 frequenter
1431 1908 1602 1961 ageret,
1622 1898 1678 1943 ad
1701 1897 1931 1961 quendam

159 1966 383 2013 vetustum
406 1963 624 2017 amicum,
649 1969 707 2017 δι,
735 1974 784 2009 ut
806 1962 1015 2024 putabat,
1040 1962 1181 2009 fidum
1213 1961 1467 2008 Rodolfum
1490 1961 1777 2010 Rokesbium,
1794 1962 1933 2024 scrip,-

157 2031 228 2086 fit,
254 2029 335 2077 fibi
358 2029 383 2076 ὲ
407 2029 569 2082 Scotis‚
595 2040 732 2090 atque
759 2025 920 2090 Anglis
945 2043 1037 2074 non
1059 2026 1214 2073 defore
1237 2025 1411 2088 copias,
1436 2025 1604 2089 quibus
1627 2025 1767 2074 fretus
1788 2025 1930 2088 patri-

160 2094 370 2142 monium
389 2092 430 2140 se
452 2104 823 2155 recuperaturum
847 2107 939 2137 non
958 2090 1240 2153 desperabat,
1262 2091 1291 2137 fi
1307 2105 1444 2149 opera
1466 2090 1606 2153 ipsius
1627 2090 1936 2153 adjuvaretur.

158 2161 269 2206 Erat
292 2172 442 2205 autem
467 2169 565 2203 tum
589 2155 817 2204 Rodolfus
839 2155 889 2201 in,
913 2173 1024 2218 agro
1047 2155 1319 2202 Eboracenfi
1342 2155 1632 2208 Vicecomes,
1674 2166 1725 2202 ut
1751 2167 1936 2212 vocant,

158 2225 248 2271 hoc
266 2224 326 2270 est
348 2222 652 2269 conventibus
668 2219 877 2282 juridicis
895 2219 1086 2284 agendis
1110 2218 1364 2282 praefeftus.
1441 2221 1486 2266 Is
1503 2220 1608 2268 cum
1632 2219 1740 2267 falsa
1763 2219 1836 2282 spe
1855 2236 1937 2266 au·
1966 2262 1969 2265 .

159 2288 262 2339 :tilii
285 2286 496 2334 Percium
529 2286 641 2333 illuc
664 2284 924 2340 attraxiffet,
948 2283 1264 2346 conjuratione
1286 2284 1406 2346 Regi
1428 2284 1631 2331 indicata
1652 2283 1864 2331 miserum
1886 2301 1938 2330 a-

161 2351 336 2400 micum
355 2351 401 2398 in
420 2351 602 2398 infidias
624 2348 775 2396 illexit
797 2367 809 2396 z
840 2362 1069 2411 caputque
1091 2348 1224 2396 occifi
1247 2348 1511 2397 Londinum
1530 2348 1588 2395 ad
1606 2350 1783 2412 Regem
1797 2349 1935 2397 mifit.

157 2419 270 2465 Erat
293 2430 444 2463 autem
468 2417 630 2462 eodem
653 2428 859 2476 tempore
891 2415 939 2461 in
976 2413 1131 2460 Scotia
1151 2413 1337 2475 quidam
1364 2413 1563 2476 AngiuS,
1587 2413 1667 2476 qui
1687 2412 1728 2460 se
1755 2414 1826 2474 (z)
1852 2413 1938 2459 Ri-

156 2481 378 2528 chardum
413 2480 660 2526 secundum
699 2479 910 2525 diceret:
954 2478 1027 2524 sed
1053 2477 1179 2532 falso,
1219 2489 1268 2523 ut
1305 2493 1423 2523 reor.
1503 2478 1627 2524 Nam
1660 2493 1764 2524 cum
1788 2477 1935 2524 senior

161 2545 344 2594 Persius
367 2545 499 2606 saepe,
525 2561 577 2589 ae
599 2543 892 2590 vehementer
911 2542 1195 2607 colloquium
1214 2542 1310 2603 ejus
1333 2553 1585 2604 expeteret,
1610 2556 1850 2605 nunquam
1865 2553 1936 2588 ta-

159 2628 266 2658 men
289 2609 505 2658 inducere
527 2608 572 2654 in
599 2608 801 2655 animum
827 2606 896 2667 cuj
908 2607 1092 2669 usquam
1115 2605 1321 2653 oratione
1351 2618 1548 2669 poterat,
1574 2619 1623 2654 ut
1643 2605 1746 2652 cum
1770 2622 1826 2652 eo
1851 2605 1938 2653 ser-

163 2691 349 2722 monem
375 2673 621 2720 conferret.
690 2673 844 2718 Credo
868 2686 1074 2719 metuens
1098 2688 1153 2717 ne
1172 2671 1424 2733 impostura
1444 2670 1860 2732 deprehenderetur
1881 2670 1943 2717 ab

161 2740 371 2794 homine,
395 2738 477 2801 qui
513 2735 689 2800 optime
713 2737 840 2782 suum
864 2737 1042 2800 Regem
1069 2748 1273 2791 noverat.
1352 2736 1397 2781 Is
1430 2747 1581 2781 tamen
1605 2748 1819 2797 tanquam
1843 2736 1938 2781 Re-

134 2804 227 2866 'gii
253 2802 482 2866 sanguinis
521 2819 637 2849 unus
672 2801 849 2863 aliquot
872 2818 1012 2847 annos
1037 2800 1204 2854 cultus,
1245 2804 1287 2846 a·
1309 2800 1404 2861 quo
1438 2798 1632 2845 securius
1661 2812 1833 2862 ageret,
1870 2799 1938 2845 -ab

157 2867 287 2914 omni
319 2866 451 2931 regni
485 2865 741 2929 'cupiditate
764 2865 807 2911 se
829 2865 1142 2912 a‘aieniffimum
1169 2864 1398 2918 simulans,
1440 2864 1626 2910 tandem
1660 2876 1866 2910 mortuus
1888 2863 1943 2910 in.

160 2932 257 2978 aede
280 2931 470 2978 fratrum
487 2930 905 2978 Dominicanorum
926 2928 1112 2976 Sterlini
1133 2927 1223 2974 fuit
1243 2926 1463 2990 sepultus,
1479 2927 1672 2991 ascripto
1692 2927 1827 2973 titulo
1846 2928 1957 2977 Re-.

157 2994 230 3059 gis
259 2995 458 3058 Angliae.
527 2995 632 3042 Nec
669 2996 816 3041 multo
839 2995 936 3056 post
958 2996 991 3041 F
995 2992 1271 3040 ascastellum
1293 3007 1373 3040 arx
1394 2991 1587 3040 Mareiae
1611 2991 1750 3053 longe
1786 2987 1940 3038 muni·

157 3058 320 3106 tiffima
342 3061 411 3120 (3)
436 3058 523 3121 (uti
544 3075 713 3106 nomen
733 3057 926 3118 indicat)
955 3059 1012 3105 de
1031 3055 1198 3120 Anglis
1219 3067 1406 3119 captum
1423 3072 1504 3118 per
1523 3055 1768 3104 Patricium
1783 3055 1937 3102 Dum-

155 3123 334 3175 barium
358 3123 556 3185 Georgii
578 3123 739 3169 filium.
782 3124 956 3185 Captus
976 3137 1164 3184 quoque
1185 3120 1392 3167 Thomas
1413 3120 1658 3167 Huldenus
1677 3118 1792 3166 arcis
1815 3135 1932 3181 prae-

155 3188 317 3242 fefilus,
363 3186 445 3249 qai
485 3188 723 3235 Lothianae
768 3188 873 3232 loca
910 3187 1171 3249 propinqua
1199 3184 1451 3231 latrociniis
1481 3184 1648 3231 affidue
1683 3182 1937 3230 infestabat.

159 3254 219 3300 Et
243 3252 290 3298 in
311 3250 532 3297 Teviotia
553 3267 739 3313 quoque
760 3249 784 3295 a
804 3251 1124 3313 (4)Gulielmo
1140 3247 1442 3310 Duglassio,&
1459 3247 1666 3295 Galvino
1681 3244 1941 3308 Durnbario
1966 3275 1970 3277 -

155 3317 335 3365 minore
367 3313 567 3361 Comitis
604 3313 832 3361 Marciani
864 3314 959 3361 filio
992 3331 1109 3377 pons
1132 3312 1362 3376 Rolburgi
1398 3311 1584 3365 stadius,
1617 3310 1842 3374 oppidum
1863 3309 1930 3355 in.

207 3444 274 3493 (1)
299 3456 413 3493 1407.
1130 3441 1192 3492 (3)
1223 3440 1304 3479 Itis
1321 3443 1455 3491 named
1474 3440 1664 3479 Fastcastle
1681 3439 1739 3482 for
1757 3436 1820 3476 the
1835 3436 1934 3475 sure-

211 3499 272 3548 (2)
294 3497 462 3536 Richard
480 3498 542 3534 ed.
561 3496 605 3534 of
620 3495 894 3543 Engiand,who
912 3496 1022 3543 being
1075 3495 1156 3533 ness
1173 3494 1218 3532 of
1234 3494 1297 3531 the
1317 3493 1493 3542 strength.
1856 3511 1864 3526 ,

151 3553 269 3590 taken
288 3552 328 3588 in
361 3550 490 3596 battle,
507 3549 586 3587 had
603 3549 692 3586 been
711 3549 934 3598 imprisoned
953 3551 1022 3586 and
1132 3546 1199 3595 (4)
1228 3546 1320 3584 First
1339 3547 1430 3585 laird
1455 3546 1500 3584 of
1512 3543 1795 3591 Drumlangrig,
1828 3549 1943 3580 natu·
1959 3576 1962 3577 ⁷

154 3605 306 3652 secretly
324 3605 518 3643 murdercd
538 3602 584 3652 by
605 3602 681 3642 this
707 3600 837 3652 Henry
855 3603 899 3641 of
923 3604 1023 3641 Lan·
1078 3600 1215 3636 rarson
1229 3607 1269 3638 to
1286 3601 1413 3652 James
1431 3599 1506 3639 carl
1525 3598 1570 3637 of
1582 3596 1774 3647 Douglass,
1792 3594 1882 3632 ssain
1899 3600 1939 3630 at

1831 3686 1943 3745 cen?
