2025 3831
430 148 773 215 L1BER
867 139 1539 211 UNDEcxmus.
1731 163 1855 225 301

92 258 221 308 nium
243 251 365 303 enim
382 249 432 297 in
454 263 535 294 nos
556 242 682 292 oculi
704 243 901 305 conjecti
923 244 1025 291 sunt
1044 261 1056 290 ι
1090 241 1292 291 scelerati
1313 241 1525 289 omnium
1548 259 1700 290 rerum
1723 240 1875 292 licen*

92 323 222 375 tiam,
254 311 477 365 ambitiofi
499 311 713 364 honoreS,
738 324 867 372 opes,
898 313 948 358 ὃς
981 307 1209 357 crescendi
1233 306 1415 369 copiam
1448 306 1498 353 in
1534 309 1730 354 nostrum
1754 310 1871 357 dut>¹⁶

91 401 194 434 rum
213 378 401 430 interitu
420 374 503 422 fibi
521 385 801 437 proponunt.
870 372 1188 421 Invidentium
1207 383 1334 422 tanta
1356 371 1605 419 multitudo
1625 373 1702 426 est,
1725 390 1873 435 quan·

91 461 186 497 tam
208 442 414 493 homines
437 455 582 487 novos
602 438 650 485 in
671 437 849 485 summo
867 438 1013 501 gradu
1024 439 1275 485 collocatos
1294 437 1462 483 habere
1484 437 1653 482 necesse
1677 440 1754 483 est.
1806 434 1876 484 Hi

96 525 254 560 omnes
291 505 359 553 uti
388 503 651 551 successibus
684 502 843 549 nostris
867 503 1061 556 dolent‚-
1080 505 1133 553 ὃς
1164 518 1233 548 res
1267 502 1498 565 prosperas
1520 501 1876 556 calumniantur,

92 575 160 622 ita
178 570 383 620 adversas
405 570 603 616 libenter
620 566 870 629 accipiunt,
909 572 949 613 &
973 566 1172 614 exitium
1195 567 1392 612 nostrum
1417 565 1610 627 sperant,
1636 570 1673 610 ἃ
1698 578 1875 627 optant.

92 641 202 703 Qo
242 634 388 699 magis
427 628 788 697 operaeprecium
811 631 889 684 est,
926 644 976 677 ut
1003 635 1052 681 Sc
1087 631 1245 678 nostrae
1276 629 1604 683 incolumitati,
1645 646 1749 691 quae
1771 628 1903 677 cumv

89 700 278 767 publica
310 699 555 760 conjunEta
589 695 668 749 est,
713 694 1022 750 consulamus,
1061 697 1112 745 ὃς
1153 694 1367 741 inimicos
1399 710 1502 741 cum
1527 693 1701 740 summa
1735 697 1881 741 nostra

89 766 241 832 gloria
262 763 547 811 ulciscamur.
608 759 720 808 Una
740 761 798 807 ad
827 759 877 806 id
902 760 1017 806 ratio
1039 760 1117 815 est,
1143 759 1172 805 fi
1195 759 1394 822 privatas
1417 756 1738 805 obliviscamur
1759 758 1881 820 inju-

89 832 177 880 rias
202 849 213 878 z
246 828 402 876 omnia
431 828 579 874 nostra
601 824 803 878 confina,
830 828 878 874 ὃς
901 824 1206 888 cogitationes
1243 824 1531 871 conferamus
1556 823 1614 869 ad
1644 823 1879 886 publicam

90 894 355 945 utilitatem.
403 890 757 940 Meminerimus
781 888 924 953 Regis
954 888 1320 937 incolumitatem
1344 889 1503 935 nostrae
1538 887 1645 933 fidei
1669 888 1881 934 commis-

94 961 206 1015 sam,
226 959 359 1023 regni
376 957 565 1005 salutem
587 956 653 1002 ita
674 954 807 1003 nobis
831 954 1070 1010 creditam,
1094 968 1143 1001 ut
1160 952 1411 1001 rationibus
1431 952 1622 1000 obnoxii
1641 953 1791 999 simus.
1836 955 1882 1000 I-

97 1025 224 1090 gitur
247 1023 390 1071 veluti
408 1034 541 1069 antea
562 1035 702 1084 pravo
727 1018 873 1065 studio
894 1019 1185 1074 certavimuS,
1209 1031 1309 1069 uter
1330 1019 1529 1065 nostrum
1551 1017 1820 1072 honoribus,
1842 1024 1883 1065 δε

35 1138 40 1142 ,
106 1087 375 1137 auctoritate
397 1086 570 1133 auctior
590 1086 712 1138 esset,
738 1083 801 1130 ita
822 1083 868 1131 in
892 1085 1117 1147 posterum
1141 1084 1489 1138 contendamus,
1516 1093 1615 1128 uter
1638 1082 1887 1130 moderati*

98 1171 204 1209 one,
224 1151 446 1213 &justitia
469 1151 660 1198 alterum
679 1149 934 1196 antecedat.
962 1150 1031 1195 Ita
1052 1149 1240 1196 demum
1261 1147 1527 1202 efficiemus,
1548 1159 1597 1193 ut
1617 1147 1767 1210 plebs,
1783 1165 1885 1210 quae

99 1234 224 1267 nunc
245 1216 427 1264 adversa
449 1217 527 1270 est,
560 1219 600 1261 δε
620 1215 752 1260 n0b¹s
775 1214 1054 1260 calamitates
1072 1213 1273 1274 imputat
1293 1214 1408 1268 suas,
1433 1228 1513 1259 nos
1537 1225 1677 1266 amet,
1697 1217 1738 1258 &
1757 1229 1885 1258 reve-

99 1295 276 1330 reatur:
303 1280 537 1335 nobilitaS‚
561 1295 665 1342 quae
692 1277 849 1334 nostris
872 1277 1108 1324 discordiis
1130 1276 1245 1324 freta
1262 1277 1311 1323 in
1333 1279 1562 1324 effraenem
1596 1277 1807 1339 prorupit
1827 1277 1886 1323 li·

97 1348 316 1402 centiam,
337 1346 396 1392 ad
418 1343 680 1392 modestiam
705 1355 941 1390 revocetur
966 1361 977 1389 ε
1014 1342 1313 1405 potentiores,
1338 1343 1420 1405 qui
1443 1340 1750 1388 diffidentium
1773 1357 1886 1389 con-

100 1424 314 1459 temnunt
334 1410 665 1463 infirmitatem,
689 1419 815 1454 metu
838 1406 1220 1454 consentientium
1244 1408 1303 1453 ad
1324 1407 1557 1454 sanitatem
1581 1419 1885 1454 revertantur.

102 1477 244 1540 Qod
267 1476 325 1522 ad
347 1492 420 1522 me
443 1473 623 1528 attinet,
656 1471 800 1536 Regis
824 1472 1039 1519 tenellam
1064 1483 1263 1528 aetatem,
1288 1488 1428 1534 quam
1455 1485 1581 1534 pater
1610 1471 1767 1518 vivens
1800 1471 1887 1519 tibi

99 1541 350 1604 regendam
374 1539 580 1592 tradidit,
602 1537 798 1584 libenter
821 1536 1057 1600 permitto.
1118 1537 1233 1583 Eam
1256 1538 1380 1586 enim
1399 1535 1683 1583 functionem
1706 1536 1890 1599 quoties

100 1620 286 1653 mecum
310 1602 580 1667 diligentius
602 1601 832 1665 expendo,
862 1617 953 1648 non
978 1618 1051 1648 me
1072 1601 1246 1648 honore
1267 1601 1529 1664 spoliatum,
1556 1600 1631 1648 sed
1662 1616 1799 1648 onere
1821 1601 1889 1647 le-

99 1665 258 1718 vatum
281 1669 503 1715 existimo.
572 1666 792 1714 Privatim
815 1668 843 1713 si
864 1683 1003 1730 quam
1026 1666 1105 1713 abs
1129 1678 1174 1712 te
1195 1665 1366 1729 accaepi
1388 1665 1623 1727 injuriam,
1649 1681 1748 1712 eam
1770 1666 1890 1727 pub-

99 1734 204 1783 lieae
225 1733 378 1781 salutis
400 1730 528 1779 causa
557 1731 757 1779 libenter
784 1735 998 1778 condono
1025 1751 1036 1779 :
1074 1732 1105 1778 fi
1127 1747 1267 1794 quam
1289 1731 1396 1786 feci,
1423 1731 1651 1778 bonorum
1685 1731 1890 1777 virorum

102 1799 323 1847 arbitratu
341 1796 629 1844 satisfaciam.
698 1796 868 1860 Neque
889 1795 1178 1843 committam
1201 1796 1404 1859 posthac,
1426 1808 1476 1842 ut
1494 1812 1595 1842 mea
1611 1795 1686 1842 vel
1703 1796 1888 1851 damna,

103 1865 179 1912 vel
206 1864 518 1911 emolumenta
540 1860 773 1925 publicam
800 1860 1044 1908 utilitatem
1067 1873 1370 1908 remorentur.
1437 1861 1569 1907 Idem
1591 1861 1620 1907 fi
1645 1859 1731 1907 tibi
1760 1860 1892 1908 vide-

105 1928 250 1983 bitur,
282 1927 480 1974 securius
501 1927 551 1973 in
573 1925 811 1989 praesentia
836 1938 1029 1989 uterque
1051 1943 1261 1988 agemus,
1288 1928 1340 1976 δε
1364 1926 1633 1973 memoriam
1659 1924 1797 1971 nostri
1813 1925 1892 1986 ju-

105 1993 377 2042 cundiorem
399 1990 649 2055 posteritati
665 1992 995 2054 relinquemus.
1064 1991 1143 2038 Sin
1168 1990 1299 2037 aliter
1319 1990 1476 2046 sentis,
1504 2007 1663 2037 omnes
1682 1989 1894 2036 homines

111 2061 164 2107 &
186 2056 443 2119 praesente8‚
475 2059 526 2106 &
549 2055 726 2103 futuros
750 2058 877 2103 testes
901 2055 1039 2111 facio,
1077 2072 1159 2120 per
1181 2055 1255 2102 me
1277 2072 1370 2102 non
1395 2054 1569 2110 stetisse,
1602 2070 1696 2116 quo
1719 2054 1890 2110 minUS,

105 2121 276 2184 quibus
299 2137 421 2168 nunc
443 2121 722 2178 laboramus,
747 2121 866 2168 mala
888 2122 961 2168 vel
982 2121 1210 2176 sanentur,
1234 2120 1307 2168 vel
1329 2120 1484 2184 aliqua
1504 2119 1659 2167 saltem
1682 2135 1740 2166 ex
1763 2132 1892 2183 parte

110 2187 337 2234 leventur.
1425 2220 1428 2223 .

173 2252 308 2298 XIV.
341 2250 419 2297 Ad
439 2265 492 2297 ea
516 2248 746 2312 respondit
768 2248 1098 2296 Cancellarius.
1131 2251 1251 2314 Ego,
1280 2262 1331 2298 ut
1352 2249 1525 2297 invitus
1547 2249 1604 2296 ad
1625 2250 1715 2298 hoc
1744 2260 1896 2296 certa-

108 2331 217 2363 rnen
240 2315 467 2370 descendi,
492 2315 557 2362 ita
587 2316 784 2362 honestae
806 2314 1065 2361 concordiae
1089 2316 1373 2363 mentionem
1394 2331 1488 2361 non
1519 2314 1692 2362 invitus
1715 2315 1854 2361 audio
1879 2332 1895 2361 ι

107 2383 162 2430 8:
182 2380 576 2444 quemadmodum
599 2395 724 2426 arma
751 2395 845 2425 non
875 2379 957 2426 nifi
975 2379 1144 2442 injuria
1165 2380 1387 2427 laceflitus
1409 2380 1558 2435 indui,
1582 2379 1647 2426 ita
1676 2379 1899 2426 modestia

105 2456 382 2507 provocatus
404 2461 497 2492 non
521 2443 829 2500 committam,
851 2456 900 2491 ut
918 2461 1021 2491 mea
1038 2445 1291 2508 pertinacia
1311 2445 1568 2492 commodis
1589 2444 1788 2507 publicis
1811 2445 1896 2490 ob-

109 2510 220 2556 stare
242 2510 466 2557 videatur.
533 2510 688 2557 Video
722 2509 845 2556 enim
867 2509 956 2556 hac
984 2511 1134 2556 nostra
1160 2509 1384 2557 discordia
1416 2509 1645 2572 optimum
1676 2508 1897 2572 quenque

110 2590 356 2636 pravorum
385 2572 564 2636 injuriis
586 2574 862 2637 expolitum,
896 2574 1211 2621 seditiosorum
1246 2575 1425 2622 animos
1446 2575 1493 2621 in
1517 2574 1642 2638 spem
1673 2590 1899 2621 novarum

111 2655 262 2686 rerum
280 2641 470 2693 erectos,
495 2639 692 2702 patriam
712 2638 760 2686 in
779 2638 935 2686 medio
958 2641 1126 2702 praedae
1147 2638 1370 2695 relictam,
1395 2639 1592 2702 Regiam
1614 2638 1894 2702 dignitatem

111 2703 348 2760 imminui,
369 2703 557 2751 salutem
576 2703 729 2766 prodi,
753 2704 1069 2752 au&oritatem
1090 2705 1251 2751 infimo
1272 2705 1441 2768 cuique
1462 2705 1547 2751 effe
1564 2702 1797 2759 ludibri03
1817 2719 1910 2750 ne-

111 2785 205 2832 que
227 2769 338 2816 dum
366 2783 661 2816 communem
694 2770 951 2832 prodimuS,
989 2770 1177 2832 privatae
1211 2771 1370 2818 nostrae
1404 2787 1474 2817 res
1509 2769 1700 2816 meliore
1719 2766 1768 2814 in
1792 2768 1900 2815 loco

114 2835 235 2881 sunt.
301 2832 494 2881 Interim
529 2832 650 2880 enim
680 2836 732 2884 δε
754 2850 837 2882 nos
867 2834 1134 2881 hominibus
1170 2835 1499 2882 turbandarum
1529 2849 1682 2881 rerum
1716 2833 1900 2896 cupidis

117 2897 311 2958 quaestui
332 2897 500 2954 summ,
524 2903 566 2947 δε
587 2896 790 2946 inimicis
804 2898 1182 2960 jucundiffimum
1204 2900 1463 2962 praebemus
1493 2898 1799 2962 spectaculum
1825 2901 1903 2960 (u-

115 2971 312 3024 trunque
333 2979 460 3011 emm
478 2963 678 3010 oderunt
692 2979 749 3009 ex
771 2965 927 3027 aequo)
947 2982 959 3011 :
978 2969 1017 3011 &
1032 2965 1443 3028 quantumcunque
1461 2963 1669 3011 alterutri
1687 2962 1903 3019 decedat,

121 3034 297 3071 tantam
318 3027 376 3073 ad
397 3027 492 3074 suas
522 3043 633 3091 opes
655 3027 948 3076 accessionem
981 3028 1078 3076 fieri
1099 3028 1393 3076 arbitrantur.
1460 3030 1624 3093 Itaque
1654 3044 1748 3075 non
1772 3044 1903 3091 repe-

117 3098 214 3139 tam
237 3089 372 3136 altius
393 3091 674 3143 simultatum
692 3093 860 3150 causas,
883 3109 941 3142 ne
960 3094 1246 3142 retractando
1263 3094 1455 3158 antiqu-a
1469 3092 1785 3142 recrudescant
1802 3093 1906 3139 vul-

114 3169 226 3226 nera
251 3172 262 3201 :
286 3154 405 3202 illud
426 3156 624 3205 breviter
643 3157 910 3219 profitebor,
937 3176 1041 3206 mea
1058 3175 1132 3206 me
1148 3158 1306 3205 omnia
1326 3162 1504 3221 privata
1522 3157 1837 3211 incommoda,
1862 3162 1904 3204 δε

117 3219 181 3280 ιη]
191 3219 306 3266 urias
330 3219 487 3281 patriae
508 3221 740 3271 remittere
762 3245 773 3270 ι
798 3223 970 3272 civium
993 3224 1312 3271 incolumitate
1334 3223 1452 3272 nihil
1475 3240 1675 3288 unquam
1700 3234 1778 3269 aut
1795 3220 1904 3276 fuit,

119 3295 201 3330 aut
221 3283 308 3331 erit
330 3282 446 3330 mihi
463 3285 719 3348 antiquius.
780 3289 897 3337 Haec
926 3288 1007 3352 qui
1028 3288 1219 3337 aderant
1245 3289 1555 3344 laudantibus,
1583 3305 1633 3335 ac
1659 3288 1717 3335 de
1741 3285 1905 3332 utrius—

117 3363 212 3409 que
240 3347 454 3419 consensu
483 3349 670 3396 delectis
701 3351 761 3399 ad.
780 3353 1122 3417 componendas
1152 3355 1478 3402 controverfias
1501 3352 1701 3407 arbitris,
1738 3364 1909 3414 magna

123 3424 230 3458 cum
252 3428 463 3459 ommum
493 3413 664 3460 laeticia
683 3427 890 3465 veterum
910 3417 1239 3466 discordiarum
1261 3418 1416 3467 accisis
1437 3417 1687 3470 radicibu5‚
1713 3419 1753 3461 δε
1775 3413 1907 3461 novis

121 3475 335 3524 amicitiae
359 3476 492 3549 jactis
515 3476 828 3532 fundamentis
850 3482 999 3534 rursus
1020 3482 1262 3535 communi
1284 3483 1474 3535 consilio
1494 3482 1627 3549 regni
1649 3478 1908 3546 procurati-

126 3552 265 3594 onem
282 3541 551 3608 suscipiunt.
1685 3608 1780 3659 XV
1831 3609 1858 3657 S

1626 3639 1629 3642 “
1785 3643 1798 3658 ι
1864 3624 1913 3659 3⁹
