2025 3831
277 156 580 222 Lmen
657 143 1543 228 DEcmustm-us.
1677 163 1804 239 441

37 267 154 301 voca
172 251 220 298 in
239 263 440 298 mentem
462 249 698 296 victoriam
719 249 805 295 tibi
845 250 902 295 de
935 250 1110 297 civibus
1134 249 1223 295 fine
1246 247 1386 301 caede,
1415 254 1453 295 δε
1476 248 1709 311 sanguine,
1751 253 1811 298 de

39 317 239 364 hostibus
265 316 402 378 longe
428 313 676 374 majoribus
694 312 838 375 copiis
862 314 987 360 fretis
1005 330 1109 360 curn
1134 312 1311 375 ingenti
1326 327 1402 358 tua
1421 313 1584 374 gloria,
1612 317 1811 363 maxima.

36 381 225 427 illorum
267 378 524 443 ignominia
545 378 810 424 concessam.
880 378 1186 424 Reminiscere
1206 392 1401 438 quorum
1425 378 1472 421 in
1495 376 1688 439 gratiam
1715 381 1813 426 De-

38 461 117 491 um
134 444 325 497 deseras,
351 442 580 491 &amicos
596 459 837 504 oppugnes
863 459 873 487 :
909 442 1216 504 expergiscere
1236 441 1500 502 aliquando,
1526 443 1576 489 &
1600 445 1809 490 tenebras

35 508 124 556 tibi
146 526 172 554 a
194 508 378 555 nefariis
400 506 667 553 hominibus
685 505 974 552 circumfusas
999 506 1183 552 discute.
1218 507 1428 568 Propone
1451 504 1536 551 tibi
1554 520 1656 551 ante
1700 523 1787 553 ocu
1804 535 1821 547 -

35 573 104 619 los
127 570 701 619 Saulemiilum'lsraelitici
726 570 901 632 generis
918 572 1094 632 Regem
1119 570 1347 616 exinfimo
1369 571 1472 615 loco
1491 568 1539 615 in
1553 568 1815 630 supremum

36 637 317 684 transsatum.
386 637 574 698 Qanta
595 635 725 680 illum
745 634 1035 696 indulgentia
1055 634 1148 697 legi
1182 635 1269 680 suae
1287 634 1579 680 obedientem
1605 634 1732 681 Deus
1756 636 1816 682 est

37 700 299 763 prosecutus
331 703 348 747 ?
382 700 564 762 quantis
590 698 778 745 miseriis
801 699 999 745 eundem
1027 709 1255 760 praecepta
1291 697 1366 743 sua
1405 696 1717 761 negligentem
1741 699 1817 746 in-

32 765 263 812 volverit?
287 764 444 811 confer
465 778 646 810 tuarum
671 780 820 810 rerum
841 764 895 809 ad
914 763 1036 808 hunc
1061 762 1196 825 usque
1212 763 1332 808 diem
1360 761 1597 809 successum
1614 772 1719 810 cum
1741 781 1816 810 re-

40 829 126 876 bus
149 829 272 876 illius
295 827 531 892 prosperis.
601 831 689 883 Ac,
706 828 788 874 nifi
811 827 1049 874 confilium
1086 827 1346 880 mutaveri5‚
1371 827 1519 874 nihilo
1542 825 1815 882 feliciorem,

34 892 133 940 imo
153 893 428 941 deteriorem
446 892 621 940 exitum
645 893 848 955 expeeta.
918 889 1046 953 Qid
1063 891 1187 938 enim
1212 891 1291 938 ille
1313 888 1582 955 designavit,
1607 893 1743 954 quale
1767 904 1820 939 tu

34 975 160 1006 nunc
183 958 293 1005 facis
318 962 336 1004 ?
371 957 512 1020 idque
550 957 597 1003 in
622 958 815 1020 gratiam
848 957 1088 1002 hominum
1111 954 1524 1011 seelestiffimorum‚
1561 958 1642 1018 qui
1665 972 1817 1020 neque

37 1023 217 1085 flagitia
238 1023 313 1069 sua
331 1036 485 1083 tegere
503 1020 698 1083 possunt,
723 1038 808 1068 nec
830 1021 1101 1067 dissimuiare
1124 1019 1278 1066 saltem
1303 1022 1576 1067 conantur.’'

104 1087 331 1134 XXXIV.
353 1088 458 1133 Hac
479 1086 794 1133 admonitione
811 1085 1013 1132 hominis
1039 1085 1174 1131 amici
1197 1088 1365 1131 Prorex
1400 1101 1569 1140 mozus,
1591 1085 1813 1147 rescripsit

36 1152 96 1198 ad
120 1151 432 1204 Cardinalem,
457 1167 514 1197 ne
533 1150 583 1196 id
618 1150 850 1209 judicium
875 1149 1184 1211 praecipitaret
1210 1167 1220 1196 t
1255 1149 1328 1195 sed
1348 1155 1442 1195 rem
1479 1161 1622 1196 totam
1668 1152 1819 1198 serva-

36 1230 107 1262 ret
130 1216 355 1280 integram
380 1214 519 1276 usque
540 1214 737 1264 insnum
759 1215 1023 1261 adventum„
1091 1214 1263 1275 Neque
1280 1213 1401 1260 enim
1427 1214 1467 1260 se
1496 1215 1816 1265 consensurum

33 1279 84 1327 in
106 1281 230 1328 illius
252 1279 452 1326 hominis
478 1278 748 1340 perniciem,
773 1291 1021 1340 antequam
1045 1279 1100 1324 de
1120 1278 1251 1324 causa
1273 1278 1540 1340 diligentius
1563 1281 1813 1343 cognosca-

37 1356 127 1392 tur.
199 1344 340 1408 Qod
364 1345 394 1390 fi
435 1343 694 1391 Cardinalis
716 1343 837 1390 secus
858 1342 990 1396 faxit,
1013 1342 1060 1389 in
1094 1355 1231 1405 caput
1253 1344 1348 1405 ejus
1371 1360 1508 1405 poena
1530 1358 1689 1392 vertat.
1761 1347 1819 1394 Se

39 1426 150 1457 vero
170 1409 427 1456 immunem
446 1408 603 1460 caedis,
628 1413 669 1455 δι
691 1407 922 1471 sanguinis
945 1407 1042 1454 fore
1063 1406 1182 1453 hisce
1205 1406 1347 1454 literis
1370 1409 1581 1455 attestari.
1651 1408 1819 1458 Cardi-

38 1475 156 1522 nalis
179 1474 268 1522 hoc
284 1472 491 1537 responso
514 1484 679 1536 praeter
692 1473 961 1536 opinionem
978 1472 1094 1518 ietus
1116 1485 1222 1518 cum
1247 1489 1336 1519 non
1361 1471 1592 1520 dubitaret
1613 1473 1820 1537 interpo-

37 1540 116 1586 sita
147 1556 274 1586 mora
297 1555 428 1585 reum
466 1537 610 1600 vulgo
630 1536 876 1599 gratiosum
897 1549 1106 1599 ereptum
1144 1535 1200 1582 iri
1221 1555 1232 1583 ε
1271 1553 1355 1584 nec
1377 1554 1473 1584 rem
1496 1538 1820 1601 disceptationi

37 1603 269 1650 committi
300 1603 472 1649 vellet:
507 1601 673 1664 partim
714 1602 840 1664 quod
888 1600 1062 1647 nullam
1101 1600 1151 1647 in
1185 1602 1400 1663 aequitate
1433 1602 1557 1664 spem
1582 1618 1812 1665 poneret:

36 1668 206 1732 partim
229 1668 357 1731 quod
380 1667 437 1714 de
460 1665 690 1712 sententiis
703 1666 801 1727 jam
820 1676 924 1712 ante
959 1665 1260 1713 conciliorum
1284 1667 1553 1714 auttoritate
1591 1669 1822 1730 praedamss

39 1733 176 1786 natis,
196 1732 364 1780 iterum
381 1730 608 1792 judicium
633 1731 737 1778 fieri
751 1731 952 1778 nolebat.
1023 1733 1186 1794 Itaque
1225 1746 1366 1793 prope
1386 1731 1588 1778 furenter
1606 1732 1744 1780 iratus
1767 1735 1819 1782 in

38 1797 238 1844 concilio
257 1809 361 1844 ante
378 1796 582 1857 suscepto
601 1795 901 1856 perseveravit
923 1813 935 1842 :
969 1812 1021 1842 ac
1037 1795 1286 1858 respondit,
1311 1791 1353 1842 se
1379 1812 1469 1842 non
1490 1798 1545 1844 ad
1569 1796 1818 1861 Proregem

38 1862 146 1909 ideo
167 1860 395 1924 scripsiss'e,
427 1861 636 1921 quodab
658 1862 753 1921 ejus
779 1861 1047 1907 austoritate
1084 1861 1175 1907 ulla
1195 1860 1243 1906 in
1262 1877 1309 1906 re
1330 1861 1564 1923 penderet,
1591 1862 1664 1909 sed
1687 1863 1817 1927 quod

37 1927 97 1974 ad
120 1926 315 1990 speciem
339 1924 576 1973 consensus
611 1924 790 1988 publici
810 1926 906 1987 ejus
931 1941 1097 1973 nomen
1121 1925 1177 1971 ad
1202 1925 1631 1973 condemnationem
1655 1929 1820 1975 ascribi

38 1992 196 2038 vellet.
241 1991 392 2055 Igitur
411 1989 621 2052 Georgio
643 1989 669 2036 ὲ
691 2005 867 2037 carcere
892 1991 1116 2052 producto
1140 1992 1211 2052 (ι)
1238 1991 1428 2037 Ioannes
1454 1989 1722 2039 Viniramus
1748 1993 1817 2039 vir

38 2056 218 2110 doc'tu3‚
247 2060 293 2104 ὅζ
312 2055 394 2119 qui
415 2072 470 2102 ex
494 2056 648 2100 animo
668 2054 847 2101 srncerae
869 2053 1106 2118 religionis
1143 2054 1303 2108 causae,
1329 2055 1401 2101 sed
1420 2057 1600 2103 occulte
1623 2057 1814 2113 faveret,

39 2120 65 2167 ὲ
87 2119 335 2183 superiore„
355 2121 459 2166 loco
495 2119 767 2166 concionem
790 2119 958 2166 habere
970 2119 1127 2180 jussus,
1154 2118 1179 2165 ὲ
1202 2119 1412 2166 Matthaei
1439 2120 1588 2184 capite
1611 2123 1819 2169 decimo-

40 2183 178 2237 tertio
200 2183 492 2235 declamavit,
517 2183 689 2230 bonum
713 2183 864 2231 semen
886 2185 971 2230 effe
995 2182 1186 2230 verbum
1211 2183 1319 2238 Dei,
1347 2184 1517 2231 malum
1541 2203 1648 2233 vero
1673 2188 1817 2233 haere-

37 2248 121 2296 ses.
146 2249 370 2296 Haeresim
386 2247 510 2295 enim
529 2248 613 2294 effe
633 2248 901 2311 opinionem
921 2248 1158 2302 falsam,&
1175 2264 1280 2295 cum
1303 2247 1423 2296 sacra
1443 2249 1662 2312 scriptura
1680 2252 1830 2314 plane>

39 2326 347 2377 pugnantem,
365 2319 405 2360 &
427 2326 530 2377 quae
548 2328 653 2358 cum
675 2313 932 2376 pertinacia
953 2313 1274 2360 defenderetur
1295 2331 1306 2360 z
1341 2331 1440 2360 eam
1471 2331 1581 2361 vero
1605 2323 1643 2363 δε
1664 2315 1817 2380 gigni,

53 2383 96 2424 ἅτ
118 2378 179 2425 ali
196 2376 458 2442 ignorantia
481 2377 708 2439 pastorum
727 2378 924 2424 ecclefiae
949 2396 959 2425 :
993 2377 1075 2441 qui
1096 2377 1288 2440 spiritali
1329 2378 1506 2442 gladio,
1527 2380 1574 2426 id
1599 2382 1657 2427 est
1677 2382 1820 2428 verbo

40 2442 152 2498 Dei,
174 2460 257 2490 nec
279 2441 538 2490 Haereticos
557 2441 846 2498 convincere,
869 2459 952 2489 nec
973 2455 1171 2489 errantes
1186 2443 1401 2490 reducere
1425 2443 1470 2491 in
1497 2443 1616 2492 viam
1632 2458 1817 2494 norunt.

39 2506 226 2555 Deinde
248 2507 479 2571 explicato
512 2505 723 2570 Episcopi
749 2523 805 2553 ex
826 2507 1014 2570 epistola
1056 2509 1113 2553 ad
1139 2507 1441 2555 Timotheum
1465 2510 1634 2563 officio,
1679 2528 1818 2558 unam

39 2573 128 2620 esse
149 2571 352 2620 haeresim
376 2571 990 2633 deprehendendirationem
1014 2571 1225 2627 ostendit,
1249 2573 1280 2619 fi
1300 2574 1357 2620 ad
1391 2574 1579 2620 verbum
1606 2575 1714 2631 Dei,
1739 2593 1819 2622 ve·

41 2636 114 2682 lut
135 2637 191 2683 ad
212 2637 414 2699 lapidem
437 2636 640 2699 Lydium
664 2635 937 2683 conferatur.
971 2637 1185 2683 Tandem
1209 2654 1314 2684 cum
1337 2639 1592 2699 perorasset,
1611 2640 1688 2686 etsi
1713 2657 1816 2703 quae

40 2699 316 2753 dicebantur
336 2713 496 2748 contra
527 2700 778 2748 sacerdotes
798 2701 1014 2755 facerent,
1039 2701 1121 2764 qui
1143 2718 1234 2748 non
1257 2702 1315 2749 ad
1335 2703 1605 2750 refellendas
1629 2704 1816 2752 haereses

41 2765 370 2820 convenissent,
390 2764 465 2812 sed
486 2765 543 2812 ad
562 2783 640 2813 eos
662 2767 944 2829 plectendos,
968 2766 1050 2828 qui
1071 2766 1286 2822 licentiae,
1309 2771 1348 2813 &
1369 2769 1638 2831 arrogantiae
1657 2785 1818 2817 eorum

0 2834 8 2846 ’“
50 2829 237 2877 obviam
253 2830 388 2886 irent,
405 2842 558 2877 tamen
580 2831 708 2878 velut
719 2830 877 2878 omnia
897 2831 1192 2878 succederent
1213 2831 1277 2878 eis
1300 2833 1356 2878 ad
1388 2845 1565 2885 votum,
1590 2845 1636 2879 ut
1656 2834 1819 2881 consu-

39 2905 166 2942 etam
182 2895 424 2957 judicandi
446 2893 530 2942 fibi
551 2894 744 2943 formam
768 2896 1072 2950 observarent,
1097 2896 1154 2942 ad
1176 2895 1432 2960 suggestum
1461 2896 1509 2943 in
1541 2898 1716 2960 templo
1738 2916 1822 2946 ex-

45 2961 248 3007 trustum
283 2958 544 3024 Georgium
582 2960 888 3023 pertrahunt:
921 2961 1112 3007 alterum
1145 2977 1201 3008 ex
1222 2961 1408 3009 adverso
1426 2957 1681 3026 suggestum
1706 2979 1820 3011 con-

8 3054 9 3057 =
40 3023 220 3071 ssscendit
262 3025 457 3071 Ioannes
493 3023 730 3072 Lauderus
752 3025 1050 3073 Romanenfis
1092 3024 1362 3073 sacrificulus
1390 3045 1399 3073 :
1433 3043 1498 3073 cae
1549 3027 1586 3073 ri
1610 3028 1735 3074 velut
1759 3029 1820 3075 ad

37 3084 347 3149 judicandum
364 3087 696 3137 circumsistunt
719 3107 730 3136 t
763 3089 839 3136 sed
856 3089 1182 3151 nullajudicii‚
1202 3103 1280 3138 aut
1300 3091 1417 3138 liber
1510 3091 1818 3155 isceptationis

14 3207 18 3210 ,
49 3151 117 3199 ibi
137 3152 286 3200 forma
305 3151 411 3200 fuit.
477 3153 728 3201 Accusator
763 3153 888 3201 enim
921 3169 1027 3201 cum
1069 3153 1228 3202 multis
1250 3150 1567 3210 abomitsandis
1598 3156 1818 3203 conviciis

41 3216 316 3263 odiofiflima
332 3222 546 3280 quaeque,
581 3234 686 3280 quae
709 3219 850 3283 vulgo
867 3218 1076 3266 adversus
1097 3219 1294 3282 purioris
1330 3221 1551 3269 doetrinae
1584 3220 1818 3283 magistros

38 3280 249 3344 *confingi
269 3279 430 3334 solent,
470 3295 576 3327 cum
601 3282 777 3330 summa
795 3286 1039 3331 verborum
1061 3283 1307 3343 acerbitate
1328 3286 1592 3333 detonabat.
1662 3287 1818 3346 Atque

14 3341 112 3398 fita
135 3357 233 3392 tum
255 3344 364 3391 aditis
374 3343 554 3407 aliquot
571 3346 710 3401 horis,
727 3347 958 3413 Georgius
980 3347 1029 3395 in
1051 3364 1201 3396 arcem
1219 3350 1487 3397 redu'ftusin
1511 3348 1713 3413 praefecti
1736 3363 1818 3394 cu-

43 3407 202 3457 biculo
223 3408 527 3471 pernoctavit,
551 3426 718 3474 magna
735 3426 861 3474 parte
884 3413 1104 3476 temporis
1124 3414 1173 3460 in
1192 3415 1365 3462 orando
1387 3415 1668 3476 consumpta.

110 3474 319 3522 XXXV.
353 3474 570 3522 Postridie
589 3490 722 3523 mane
740 3476 956 3540 Episcopi
976 3478 1091 3526 duos
1129 3479 1444 3529 Franciscanos
1479 3479 1536 3526 ad
1558 3493 1662 3527 eum
1685 3474 1819 3524 mise-

100 3599 171 3658 (ι)
197 3603 275 3646 Mt.
295 3601 400 3657 John
416 3601 628 3656 Winrazne,
648 3604 833 3661 subrprio’r
859 3605 904 3643 of
913 3606 968 3645 St.
990 3608 1187 3653 Andrem.
1494 3646 1500 3653 .

67 3667 69 3669 ¹
804 3680 861 3737 K
892 3681 927 3735 k
958 3680 992 3732 k
1698 3700 1823 3743 runt,
