2091 3796
97 136 190 204 24
415 123 781 188 RERUM
866 105 1604 190 ScoT1CAR'UM*

98 237 163 273 na
179 221 277 290 pari
295 221 445 285 spatio
468 221 607 279 Colla
626 221 880 270 duodecim
901 222 1050 270 millia
1072 223 1231 288 longa,
1252 223 1349 270 duo
1368 223 1477 278 lata,
1502 220 1732 285 imprimis
1755 211 1884 275 ferti-

97 289 172 337 lis.
242 289 346 336 Nec
366 287 531 350 procul
552 284 677 334 hinc'
694 289 755 334 est
779 287 931 344 Galsa,
968 300 1065 335 tota
1102 305 1246 352 prope
1270 287 1390 335 filvis
1415 301 1592 351 operta.
1659 291 1760 338 Post
1783 294 1891 340 duae

95 351 256 402 insulae
278 351 618 415 cognominatae
638 351 845 409 Virides‚
863 354 1025 415 major,
1051 359 1091 400 Sc
1115 352 1281 400 minor.
1351 352 1482 400 Idem
1502 353 1695 402 totidem
1720 356 1891 405 eisdem

95 416 456 482 cognominibus
478 430 536 464 e'x
558 417 744 464 adverso
779 416 1084 480 promontorii
1107 419 1288 465 Mullae.
1357 414 1518 480 J'acent
1549 434 1641 466 non
1665 420 1811 486 longe
1827 423 1891 470 ab·

94 483 276 530 eaduae·
306 481 467 530 insul'ae
504 481 843 547 cogn-ominatae
866 482 1049 538 Glass‘ae‚
1074 483 1163 529 hoe
1189 484 1248 530 est
1273 483 1502 530 eaeruleae.
1573 483 1764 533 Deinde
1782 487 1883 535 Ard

96 565 158 596 an
178 546 312 603 ridir‚—
333 547 384 596 id
405 549 466 595 est
487 549 578 595 alta
598 548 744 594 insula
766 547 950 611 equitis.
1019 548 1205 595 Deinde
1227 549 1447 611 Luparia,
1473 549 1560 595 five
1579 547 1725 596 insula
1749 552 1887 614 lupo-

96 626 218 661 rum.
286 614 389 662 Post
410 626 511 659 eam
533 612 679 659 insula
701 614 893 677 Magna.
962 614 1006 659 A
1034 614 1169 660 Colla
1189 613 1334 660 insula
1355 613 1709 677 septentrionem
1735 615 1894 664 versus

96 677 391 742 protenditur
411 678 474 725 ab·
492 677 669 741 oriente
689 677 737 725 in
776 678 1064 725 occidentem
1091 678 1287 726 sedecim
1310 679 1456 725 millia
1486 679 1643 743 longa,
1692 680 1764 727 sex
1801 682 1895 729 lata

97 743 339 791 montibus
359 742 528 797 arduis,
555 744 595 789 δὲ
629 743 798 789 silvosis
821 744 1047 807 assurgens
1082 745 1251 800 Ruma,
1277 749 1317 791 δε
1341 743 1451 806 quia
1472 744 1580 791 raris
1603 745 1650 791 in
1675 745 1789 792 locis
1811 747 1893 794 ha-

95 808 246 856 bitata
266 808 345 864 est,
371 824 473 855 aves
497 807 684 855 marinae
707 808 863 871 paflim
901 807 948 854 in
981 809 1155 873 eampis
1179 826 1266 855 ova
1289 822 1485 870 ponunt,
1512 824 1710 873 quorum
1745 826 1894 873 quan-

99 885 203 923 tum
222 873 341 921 libet
361 872 510 936 quivis
533 889 640 919 vere
660 873 820 920 adulto
843 872 1051 936 colliget.
1121 876 1175 920 In
1199 874 1390 936 rupibus
1413 875 1598 921 excelfis
1623 875 1790 923 marini
1810 889 1912 935 :an-j

97 938 215 986 seres
241 939 320 1001 (de
350 938 517 1001 quibus
553 950 658 985 ante
690 936 715 983 Ξι
746 939 879 985 nobis
902 938 1075 984 distum
1099 940 1178 999 est)
1204 939 1387 984 abunde
1411 939 1671 1001 capiuntur.
1741 941 1817 987 Ab
1841 956 1895 988 ea

98 1011 299 1067 quatuor
319 1003 466 1052 millia
487 1003 543 1049 ad
576 1003 800 1059 orientem
826 1002 1071 1049 hibernum
1096 1004 1156 1048 est
1186 1003 1330 1048 insula
1365 1005 1604 1065 Equorum
1630 1023 1641 1050 :
1679 1008 1719 1050 δε
1755 1005 1812 1053 ab
1842 1020 1898 1052 ea.

97 1069 380 1132 quingentos
414 1069 558 1130 passus
589 1067 816 1122 Pomaria,
840 1085 925 1131 pro
956 1066 1274 1131 magnitudine
1299 1084 1448 1114 rerum
1473 1068 1818 1116 necessariarum
1846 1086 1895 1117 a-

100 1133 329 1184 bundans,
397 1132 620 1181 Nidificat
643 1132 692 1180 in
730 1149 783 1179 ea
807 1133 928 1179 falco
956 1150 965 1177 ε
1002 1132 1141 1179 habet
1165 1138 1204 1178 δε
1227 1145 1410 1195 portum
1435 1132 1538 1179 satis
1573 1134 1892 1182 commodum.

98 1199 212 1248 Non
234 1200 373 1264 longe
395 1199 452 1245 ab
475 1199 559 1245 hac
580 1199 681 1245 sunt
697 1200 874 1254 Canna,
899 1201 938 1244 &
960 1199 1095 1262 Egga.
1117 1197 1311 1243 modicae
1333 1196 1490 1244 insulae
1518 1197 1619 1244 satis
1645 1197 1894 1256 foecundae,

98 1265 317 1328 posterior
338 1264 474 1312 etiarn
499 1263 727 1311 anseribus
751 1263 957 1317 marinis,
985 1279 1097 1326 quas
1122 1263 1308 1309 Solanas
1339 1274 1527 1309 vocant.
1598 1261 1785 1311 Deinde
1809 1265 1894 1312 So-

98 1329 328 1385 abretilla‚
352 1329 537 1375 venatui
561 1346 698 1391 quam
724 1328 824 1375 aliis
847 1329 955 1375 vitae
982 1326 1240 1375 commodis
1273 1327 1440 1390 aptior.

166 1394 389 1442 XXXIX.
425 1394 555 1440 Hine
577 1411 603 1440 a
646 1393 950 1457 septentrione
973 1393 1019 1440 in
1057 1392 1300 1439 mer'rdiem
1323 1392 1580 1456 porrigitur
1603 1393 1715 1440 Skia
1735 1393 1892 1440 omni-

99 1470 177 1508 um
201 1461 272 1522 (1)
295 1459 542 1506 insularum
566 1459 686 1506 cirea
725 1458 926 1507 Scotiam
975 1458 1178 1505 maxima
1214 1473 1231 1509 ι
1271 1458 1579 1523 quadraginta
1615 1460 1708 1520 duo
1749 1457 1898 1506 millia

97 1527 303 1589 paffuurn
322 1525 478 1588 longa,
504 1524 615 1571 alibi
636 1526 757 1571 oCto.
800 1523 909 1571 alibi
938 1523 1184 1571 duodecim
1219 1523 1327 1578 lata,
1370 1523 1418 1570 in
1462 1536 1641 1570 montes
1681 1523 1892 1588 pluribus

98 1590 214 1638 locis
247 1589 289 1637 se
325 1591 555 1639 attollens,
596 1590 680 1653 ipsi
704 1588 841 1643 filvis,
876 1589 994 1636 filvte
1032 1587 1208 1652 pascuis
1232 1588 1487 1644 abundant,
1528 1588 1682 1652 campi
1705 1588 1896 1652 frugum

101 1661 144 1703 δι
181 1672 401 1720 pecorum
439 1656 609 1702 fertiles
652 1672 663 1702 z
711 1654 759 1701 in
799 1654 870 1700 his
900 1668 1075 1718 praeter
1118 1653 1207 1700 alia
1244 1669 1410 1717 pecora
1450 1671 1614 1718 greges
1654 1670 1895 1718 equarum.

101 1721 323 1785 Qinque
345 1738 498 1767 amnes
524 1721 661 1766 habet
695 1719 907 1782 majoreS,
946 1719 1198 1766 salmonum
1223 1718 1464 1765 foecundos
1493 1738 1504 1766 :
1539 1718 1709 1766 multos
1754 1717 1898 1766 etiam

101 1787 319 1841 minores,
346 1803 430 1833 nec
455 1802 530 1833 eos
556 1786 808 1832 salmonum
832 1783 1015 1831 steriles.
1085 1786 1218 1831 Mare
1238 1784 1298 1830 vab
1321 1783 1448 1830 omni
1489 1797 1617 1848 parte
1651 1784 1699 1831 in
1723 1795 1895 1831 terram

99 1863 340 1914 penetrans
362 1852 530 1898 multos
550 1868 680 1915 aquae
699 1850 815 1897 salsae
838 1851 957 1897 fitius
980 1848 1107 1905 facit,
1135 1863 1223 1896 tres
1237 1849 1514 1913 praecipuos,
1531 1848 1751 1896 tredecim
1778 1854 1892 1897 item

98 1916 232 1971 alios,
245 1932 401 1963 omnes
420 1917 629 1964 haleeum
647 1915 905 1963 foecundos,
921 1915 1080 1962 Habet
1095 1921 1134 1965 &
1147 1915 1297 1970 lacum
1310 1915 1448 1978 stquae
1463 1914 1630 1970 dulcis,
1645 1913 1898 1977 &quinque

99 1998 240 2028 arces.
310 1982 461 2030 Insula
482 1981 731 2045 priscorum
770 1982 1013 2028 Scotorum
1051 1980 1257 2027 sermone
1276 1978 1550 2035 Skianacha,
1572 1979 1660 2026 hoc
1694 1980 1755 2025 est
1779 1979 1898 2025 alata

103 2059 312 2102 vocatur,
339 2047 466 2110 quod
492 2045 826 2110 promontoria,
853 2045 974 2092 inter
996 2063 1099 2108 quae
1123 2061 1248 2091 mare
1271 2045 1312 2090 se
1335 2043 1561 2099 infundit,
1601 2043 1728 2094 velut
1751 2043 1838 2104 alaex
1856 2043 1900 2090 se

102 2111 378 2160 obtendunt.
431 2112 551 2159 Usus
570 2125 723 2158 tamen
748 2110 970 2166 obtinuit,
996 2122 1046 2156 ut
1066 2109 1194 2165 Skia,
1222 2109 1271 2155 id
1292 2110 1351 2156 est
1378 2109 1467 2155 Ala
1487 2109 1633 2173 vulgo
1653 2107 1898 2156 diceretun

103 2176 245 2225 Circa
265 2178 382 2224 hane
406 2177 562 2241 sparsae
596 2177 751 2238 jacent
782 2174 939 2222 insulae
965 2175 1163 2222 minores
1200 2175 1376 2221 Oransa
1400 2173 1612 2238 frugibus
1637 2179 1678 2220 δε
1713 2189 1897 2236 pecore,

105 2241 410 2291 Cunicularia
433 2243 693 2290 nemoribus
714 2247 754 2289 «Sc
781 2240 1005 2288 cuniculis
1030 2239 1284 2287 abundans,
1360 2239 1483 2286 Paba
1506 2237 1758 2287 latrociniis
1778 2236 1898 2284 infa-

103 2307 209 2362 mis,
231 2309 359 2372 quod
384 2308 432 2354 in
457 2307 553 2368 ejus
574 2307 693 2355 silvis
718 2307 957 2369 praedones
981 2304 1318 2353 transeuntibus
1341 2303 1523 2351 infidias
1543 2304 1713 2350 locant.
1783 2303 1901 2351 Inde

106 2373 274 2435 Scaipa
295 2375 398 2419 0610
423 2373 570 2420 millia
587 2374 646 2419 ad
669 2372 872 2418 aestivum
895 2371 1184 2418 occidentem
1209 2369 1304 2416 fita.
1372 2371 1540 2416 Praeter
1563 2367 1654 2413 aiia
1691 2381 1901 2414 eommo-

105 2434 167 2484 da¹
188 2453 379 2502 magnos
402 2452 643 2485 cervorum
663 2454 826 2500 greges
846 2437 893 2483 in
916 2437 1034 2482 filvis
1060 2436 1156 2482 alit.
1207 2436 1333 2481 Inter
1355 2433 1519 2480 ostium
1542 2431 1737 2479 Carenis
1761 2432 1898 2487 finus,

105 2505 157 2549 δε
180 2501 396 2550 Raarsam
414 2503 536 2565 jacet
561 2502 786 2566 Crulinga
809 2500 937 2549 statio
961 2500 1151 2547 navibus
1177 2512 1289 2546 tuta.
1358 2497 1416 2545 Et
1441 2515 1466 2544 a
1489 2499 1653 2561 Sealpa
1675 2498 1768 2544 duo
1792 2496 1900 2544 mil-

104 2565 166 2612 lia
190 2566 239 2614 in
261 2567 590 2630 septentriones
615 2567 867 2631 porrigitur
898 2565 1065 2613 Raarsa
1094 2566 1265 2628 septem
1298 2563 1446 2614 millia
1468 2564 1627 2626 longa,
1654 2563 1746 2609 duo
1768 2562 1862 2610 lata
1885 2578 1900 2611 ε

105 2631 235 2679 iilvas
258 2633 398 2680 habet
432 2634 661 2689 Betulcas,
683 2638 722 2679 &-
746 2633 795 2680 in
817 2632 881 2678 eis
906 2647 1082 2678 cervos.
1153 2629 1448 2692 Qingentos
1479 2629 1537 2675 ab
1576 2644 1629 2674 ea
1662 2627 1813 2690 paffus,
1840 2625 1903 2674 est

104 2695 242 2744 Rona
265 2698 385 2745 silvis
410 2703 448 2745 &
473 2697 596 2753 crica
619 2702 794 2760 operta.
865 2698 1055 2745 Portum
1087 2695 1135 2742 in
1157 2695 1323 2742 intimo
1347 2695 1442 2740 finu
1475 2693 1613 2740 habet
1648 2690 1903 2739 latrociniis

92 2758 319 2810 'infestum
342 2762 743 2826 praetereuntibus,
768 2761 941 2809 insidiis
978 2760 1190 2825 tegendis
1225 2772 1382 2823 aptum
1412 2777 1436 2805 :·
1461 2760 1501 2805 δὲ
1526 2758 1572 2804 in
1598 2758 1716 2804 finus
1753 2757 1856 2819 (qui
1877 2771 1904 2803 a

31 2868 38 2872 .
103 2825 329 2873 brevitate
349 2829 553 2875 Gerioch
577 2829 786 2888 vocatur)
811 2843 889 2875 ore
912 2827 972 2873 est
994 2826 1194 2886 ejusdem
1215 2823 1414 2880 nominis
1437 2823 1597 2870 insula.
1639 2823 1699 2869 Et
1721 2837 1747 2868 a
1768 2823 1904 2868 Rona

101 2889 176 2936 sex
193 2892 342 2938 millia
362 2893 718 2955 septentrionem
740 2893 890 2939 versus
914 2893 1073 2947 Placia,
1097 2895 1136 2937 δε
1157 2907 1182 2936 a
1222 2889 1364 2936 Flada
1389 2889 1482 2934 duo
1506 2887 1655 2934 millia
1677 2884 1900 2933 Tuilme-

103 2971 181 3010 na,
217 2963 257 3004 δε
280 2958 336 3003 ad
357 2959 542 3004 australe
566 2956 688 3004 Skiae
708 2958 828 3004 latus
849 2956 1041 3007 Oransa,
1067 2960 1106 3002 Sc
1130 2955 1262 3002 mille·
1281 2954 1426 3016 paffus
1454 2953 1512 2999 ab
1533 2969 1587 2999 ea
1607 2951 1721 3000 Buia
1742 2967 1901 3014 parva,

103 3019 272 3083 deinde
294 3022 408 3083 Buia
432 3022 594 3083 major,
619 3038 671 3069 ac
696 3021 913 3085 deinceps
941 3020 1148 3085 quinque
1166 3035 1319 3083 parvae
1341 3017 1501 3064 insulse
1522 3016 1780 3082 ignobiles:
1806 3012 1905 3077 p'ost

103 3100 217 3148 quas
243 3086 313 3132 Isa
334 3085 496 3133 fertiiis
521 3087 708 3151 frugum
734 3105 743 3133 :
783 3087 972 3149 &juxta
995 3100 1094 3132 eam
1122 3085 1260 3139 Ovia,
1283 3081 1452 3130 deinde
1472 3083 1709 3135 Askerma,
1727 3085 1768 3127 δε
1788 3080 1903 3126 Lin-

103 3149 234 3205 dissa,
260 3156 301 3198 δε
323 3151 380 3197 ad
406 3151 641 3214 onoginta
663 3151 811 3198 millia
835 3168 862 3197 a
898 3151 1026 3207 Skia,
1053 3150 1111 3197 ad
1146 3149 1439 3196 occidentem
1474 3146 1675 3193 aestivum
1702 3144 1908 3208 projefta.

103 3213 272 3278 unga,
299 3221 339 3263 δι
363 3215 667 3280 Gigarmena,
706 3223 747 3263 δε
787 3217 1002 3269 Rei-nera,
1042 3219 1088 3263 δί
1128 3214 1340 3277 Megala,
1364 3218 1402 3261 ὅ(
1434 3213 1576 3266 Paba,
1599 3216 1633 3255 &k
1670 3209 1830 3264 Flada,
1855 3211 1907 3258 δί

105 3279 277 3343 Scarpa
297 3296 566 3332 vervecum,
605 3283 644 3328 &
671 3282 888 3335 Eandem,
916 3286 950 3329 ἃ
986 3279 1195 3334 Vatersa,
1235 3294 1339 3342 quae
1362 3289 1529 3341 praeter
1553 3275 1643 3322 alia
1660 3273 1910 3324 commoda

101 3344 306 3405 plurima
329 3346 567 3393 stationem
592 3345 732 3392 habet
775 3352 1043 3398 multarum,
1072 3350 1119 3392 {st
1157 3352 1430 3406 magnarum
1456 3339 1643 3387 navium
1669 3350 1905 3402 capacem,

100 3409 151 3454 in
176 3425 316 3472 quaxn
345 3428 402 3457 ex
425 3410 641 3457 omnibus
685 3409 1121 3470 circumjacentibus
1156 3407 1426 3472 regionibus
1463 3405 1583 3462 statis
1618 3401 1906 3467 temporibus

103 3488 273 3537 magn-a
295 3473 571 3536 piscatorum
595 3473 856 3538 frequentia
879 3474 1124 3520 convenire
1147 3474 1275 3520 sclet.
1344 3473 1434 3519 Hae
1470 3486 1638 3518 novem
1668 3468 1907 3535 postremae

101 3536 265 3601 insulael
283 3540 363 3585 sub
386 3540 628 3586 dominatu·
650 3540 751 3586 sunt
773 3537 987 3601 Episcopi
1012 3538 1276 3584 insularum.
1895 3581 1902 3599 ἲ

169 3602 274 3648 XL.
310 3607 351 3649 A
375 3604 566 3651 Vatersa
587 3608 682 3652 duo
703 3603 854 3652 millia
875 3603 996 3650 abest
1018 3603 1158 3651 Barra
1187 3601 1361 3666 septem
1384 3598 1533 3649 millia
1553 3596 1711 3664 longa,
1742 3595 1800 3644 ab
1826 3609 1906 3666 oe-

155 3684 218 3736 (1)
246 3686 491 3725 fE‘uudarum
510 3686 588 3726 scil.
1837 3674 1905 3706 m·
