2091 3796
197 121 318 167 102
460 102 557 178 ,R
592 119 704 165 raa
737 120 861 168 ΠΜ
921 101 1132 182 781ch
1165 119 1266 167 τ-’ῐ
1298 116 1338 169 c
1366 122 1414 170 :A
1437 123 1488 170 R
1522 120 1564 172 υ
1596 126 1647 173 M

186 201 332 248 hostes
356 199 670 261 relinqueret:
706 199 865 249 necse
901 202 1132 249 Pie-Iterum
1164 197 1374 260 adversus
1405 220 1482 252 eos
1521 206 1632 253 odio
1664 207 1864 256 “cederet
1897 210 1977 260 sed

185 281 284 312 rem
307 280 410 310 vere
430 263 754 313 aestimantibus
779 267 930 313 multo
947 267 1097 312 laetius
1121 267 1208 312 effe
1228 267 1533 328 spectaculum
1558 288 1583 316 e
1609 271 1864 320 viventium
1884 276 1974 322 mh

187 330 329 382 seri?s‚
354 345 492 392 quam
512 329 672 377 cruore
695 329 944 377 occisorum
981 349 990 376 :
1038 330 1390 395 gravioremque
1422 350 1609 395 poenam
1643 338 1728 385 effe
1765 339 1969 386 vivendo

186 395 574 456 semper-mortem
590 406 766 457 optare,
783 410 921 457 quam
946 394 1078 441 sem'el
1105 394 1346 443 moriendo
1366 397 1498 444 mali-s
1516 400 1732 448 omnibus
1759 402 1968 466 defungi

185 460 306 506 Haec
339 457 530 522 quidem
564 457 645 505 ille
683 459 922 517 differebat
951 474 1043 507 non
1071 472 1159 506 tarn
1188 461 1280 507 ulla
1301 477 1412 525 erga
1437 464 1607 517 *Scotos
1631 465 1970 523 benevolentia,

182 539 324 586 quam
347 522 528 570 Piffl’cae
551 523 834 570 crudelitatis
856 524 965 571 odio
991 543 1001 571 :
1041 525 1171 572 simul
1209 524 1257 572 in
1289 525 1497 573 futurum
1513 555 1515 559 ,
1530 528 1808 592 prospiciens
1830 544 1971 594 quam

179 588 488 651 periculosum
503 589 613 634 effet
637 587 886 650 provinciae
905 590 1128 636 Romanae
1151 590 1180 637 st
1202 591 1320 637 vires
1334 592 1585 648 Pictorum,
1600 593 1967 658 deletis-penitus

181 651 346 707 Sectis,
370 652 730 716 duplicarentur.
798 652 914 700 Picti
937 671 1045 701 vero
1069 670 1153 701 nec
1176 656 1393 718 querelis,
1418 672 1504 704 nec
1523 658 1755 720 precibus,
1778 671 1863 707 nec
1885 661 1969 708 do-

178 716 250 764 nis
274 717 525 764 abstinuere
550 716 674 779 prius
697 734 839 780 quam
864 718 1066 766 edifitum
1091 719 1406 782 impetrarent,
1445 736 1492 767 ut
1516 722 1643 769 Scoti
1666 740 1826 771 omnes
1864 736 1971 773 ante

134 800 156 810 ³
178 792 357 831 eertum
379 783 501 829 diem
526 781 762 831 Britannia
779 785 1053 831 excederent
1074 803 1084 831 :
1107 785 1188 847 qui
1209 785 1331 832 secus
1355 786 1543 842 fecisset,
1565 787 1609 834 ei
1630 787 1727 835 fore
1751 791 1965 854 capitale.
1985 823 1989 825 -

175 849 306 912 Ager
327 863 486 894 eorum
509 846 628 893 inter
648 846 816 903 Pietos,
849 854 891 895 δε
913 849 1143 895 Brittones
1164 849 1349 897 divisus.
1481 883 1483 885 μ
1909 875 1918 882 -
1960 899 1962 902 ,

239 913 348 960 LII.
373 908 497 959 Scoti
518 910 770 973 superstites
790 913 885 974 quo
908 930 1123 976 quenque
1146 912 1239 960 fors
1264 915 1371 960 tulit
1392 931 1474 975 per
1498 914 1792 971 Hiberniam,
1811 919 1963 967 AEbu·

175 979 273 1033 das,
299 976 559 1030 Scandiam,
592 977 643 1026 δε
683 975 1018 1022 Cherronesum
1051 977 1335 1025 Cimbricam
1361 978 1543 1041 dispersi
1578 979 1636 1025 ab
1669 979 1834 1028 incolis
1861 983 1964 1031 satis

174 1042 435 1090 humaniter
456 1040 642 1086 fuerunt
663 1040 853 1104 recepti.
923 1042 1010 1087 Sed
1047 1058 1131 1088 nec
1153 1058 1179 1088 a
1201 1042 1509 1090 sacerdotibus
1530 1049 1571 1090 δε
1603 1046 1855 1100 monachis,
1881 1049 1964 1111 qui

173 1119 275 1155 tum
296 1107 345 1153 in
367 1105 543 1152 summo
565 1119 694 1151 erant
715 1105 890 1158 honore
926 1105 1059 1161 Pieri,
1101 1107 1178 1153 etsi
1219 1106 1406 1170 publice
1441 1107 1977 1160 Christianisinstitutis.

171 1172 358 1225 imbuti,
381 1169 597 1232 injuriam
619 1169 946 1217 abstinuerunt.
1016 1171 1093 1218 llli
1116 1187 1224 1219 vero
1244 1172 1430 1236 profugi
1457 1187 1564 1219 cum
1603 1172 1651 1219 in
1686 1189 1845 1222 omnes
1869 1177 1960 1225 cir-

173 1254 280 1284 cum
304 1236 426 1284 circa
446 1235 656 1299 regiones
680 1234 1065 1297 dispergerentur,
1091 1237 1227 1283 multi
1249 1238 1297 1284 in
1319 1239 1482 1284 Ionam
1503 1237 1796 1285 AEbudarum
1820 1258 1958 1289 unam

172 1306 486 1350 devenerunt:
522 1312 660 1363 atque
687 1300 755 1346 ibi
777 1301 824 1346 in
848 1300 1114 1347 coenobium
1141 1302 1320 1348 collecti
1347 1318 1563 1366 magnam
1585 1302 1672 1348 suae
1692 1302 1957 1362 sanc-litatis,

171 1375 212 1418 δε
236 1365 506 1414 eruditionis
546 1363 716 1411 famam
751 1365 826 1411 ad'
849 1366 1048 1428 posteros
1072 1366 1437 1414 transmiserunt,
1496 1367 1689 1414 Caeteris
1723 1370 1878 1416 Scotis-
1893 1371 1959 1419 ita
2000 1414 2004 1417 ,

168 1433 294 1480 bello
331 1429 524 1484 afflictis,
553 1429 702 1491 patria
736 1429 891 1493 pulsis,
920 1435 958 1476 δι
984 1430 1042 1476 de
1083 1431 1232 1478 reditu
1275 1431 1619 1493 desperantibus
1661 1434 1958 1490 AEbudarum

169 1497 368 1544 cultores
388 1495 579 1558 ingenio
602 1494 792 1550 feroces,
819 1501 859 1542 &c
882 1494 1098 1558 inquieti,
1124 1501 1164 1542 &
1188 1497 1248 1542 ob
1271 1497 1489 1544 defidiam
1513 1497 1694 1558 inopes,
1736 1503 1776 1546 &
1802 1499 1956 1547 homi-

167 1579 279 1609 num
303 1559 621 1613 multitudine,
649 1562 698 1608 δε
722 1576 873 1606 rerum
898 1559 1242 1608 necessariarum
1283 1561 1521 1625 superante
1551 1562 1743 1624 penuria
1777 1563 1956 1628 aliquid
2000 1580 2002 1583 ’

167 1645 249 1691 per
272 1625 312 1672 se
340 1627 602 1672 audendum
628 1624 713 1671 rati
735 1625 865 1671 claffe
883 1625 1128 1688 longarum
1153 1627 1340 1673 navium
1372 1629 1528 1674 coacta
1551 1628 1668 1674 duce
1689 1627 1880 1676 Gillone
1903 1630 1953 1678 in

166 1691 485 1755 Argatheliam
505 1689 834 1736 transmittunt.
903 1689 977 1736 lbi
995 1691 1106 1737 dum
1129 1691 1184 1737 ad
1209 1692 1430 1754 praedam,
1454 1704 1503 1738 ut
1523 1691 1571 1738 in
1596 1692 1785 1754 regione
1800 1711 1954 1756 ,prope

163 1773 311 1804 vacua
333 1755 667 1802 habitatoribus
704 1754 812 1818 vagi
838 1754 1120 1811 discurrunt,
1151 1772 1176 1801 a
1199 1756 1334 1803 Pictis
1359 1759 1416 1804 εὸ
1438 1757 1496 1802 ad
1519 1757 1779 1820 praefidium
1816 1759 1951 1807 missis

164 1820 485 1875 circumventi,
510 1836 561 1867 ac
580 1837 606 1866 a
628 1819 820 1866 navibus
844 1819 1014 1867 exclusi
1037 1821 1091 1866 ad
1118 1837 1257 1868 unum
1281 1823 1473 1884 periere.
1546 1820 1702 1867 Claffis
1728 1837 1878 1884 capta,
1900 1831 1972 1880 δι·-

165 1887 222 1933 ad
244 1886 376 1932 ‘usum
398 1884 507 1932 belli
530 1884 739 1931 adversus
761 1885 997 1931 insulanos
1016 1886 1253 1933 reservata.
1322 1887 1426 1934 Nec
1454 1885 1519 1932 ita
1543 1888 1691 1933 multo
1713 1889 1828 1949 post,
1865 1889 1949 1952 qui

163 1953 209 1998 in
231 1949 506 1998 Hiberniam
529 1949 849 2014 confugerant,
886 1950 1053 2009 partim
1074 1951 1239 1998 veteris
1260 1949 1550 2016 cognationis
1574 1954 1948 2000 commemorati-

161 2033 269 2072 one,
294 2015 460 2079 partim
483 2014 680 2062 fortunat
703 2013 1099 2062 commiseratione
1122 2030 1307 2079 gentem
1338 2017 1393 2063 ad
1420 2016 1559 2070 bella,
1585 2015 1851 2079 praedasque
1875 2018 1946 2065 su÷

162 2095 271 2142 opte
291 2081 480 2144 ingenio
499 2079 749 2143 proclivem
766 2079 900 2126 facile
924 2093 1183 2136 moverunt,
1208 2094 1258 2128 ut
1276 2080 1499 2130 auxilium
1522 2081 1579 2127 ad
1599 2081 1810 2142 patriam,
1834 2084 1947 2142 prisss

162 2146 404 2208 tinumque
448 2147 609 2192 statum
650 2144 1013 2208 recuperandum
1051 2146 1365 2193 decernerent.
1436 2145 1559 2192 Data
1593 2145 1752 2192 decem
1778 2146 1941 2195 millia:

159 2211 231 2258 Hi
252 2210 299 2257 in
325 2212 440 2257 latus
465 2211 631 2256 Scotiae
655 2210 887 2257 adversum
910 2208 1150 2258 Hiberniae
1173 2210 1427 2274 transpositi
1448 2227 1666 2274 magnum
1687 2210 1753 2256 sui
1772 2212 1943 2259 adven-

160 2289 233 2323 tus
255 2288 472 2322 terrorem
497 2275 587 2322 lat⁸e
608 2275 841 2321 fuderunt.
901 2276 1008 2322 Hoc
1033 2275 1184 2339 primo
1208 2275 1402 2322 successu
1427 2275 1522 2321 laeti
1551 2290 1658 2321 cum
1680 2275 1739 2334 de
1761 2277 1943 2340 reliquo

160 2341 283 2387 bello
307 2340 629 2394 consultarent,
668 2339 792 2387 Scoti
818 2339 976 2386 Albini
1004 2340 1134 2404 gnari
1167 2340 1338 2388 virium
1361 2341 1694 2393 Romanarum,
1731 2345 1771 2386 &
1795 2358 1942 2403 quan·

157 2418 255 2452 tum
276 2404 471 2468 reliquas
495 2404 700 2456 nationes
719 2403 884 2467 peritia
907 2403 969 2450 rei
992 2405 1202 2452 militaris
1225 2404 1467 2460 anteirent,
1493 2405 1694 2452 auctores
1719 2419 1864 2460 erant,
1893 2420 1943 2454 ut

155 2470 374 2532 praesente
392 2468 582 2515 vifioria
599 2468 804 2516 contenti
819 2485 924 2515 cum
939 2470 1095 2532 praeda
1108 2470 1270 2519 domos
1290 2469 1507 2523 redirent,
1526 2485 1608 2514 nec
1628 2472 1938 2532 expeciarenu

155 2536 264 2581 dum
293 2534 430 2581 totius
452 2533 699 2581 Britanniae
721 2534 839 2581 vires
862 2550 938 2580 eos
962 2534 1264 2582 adorirentur.
1333 2536 1392 2581 Et
1410 2534 1596 2598 quando
1616 2542 1701 2580 nec
1720 2533 1939 2583 universa:

152 2599 471 2647 Hibernoxum
490 2600 636 2662 copiae
656 2599 686 2645 fi
709 2597 922 2653 adessent,
949 2616 1076 2662 pares
1100 2601 1186 2647 effe
1203 2612 1377 2662 queant
1398 2598 1608 2645 adversus
1628 2615 1785 2646 eorum
1807 2617 1938 2648 exer-

153 2665 290 2720 citus,
314 2681 510 2728 quorum
531 2664 739 2718 consilio,
765 2668 805 2710 &
829 2664 964 2715 armis
985 2677 1204 2712 terrarum
1228 2664 1353 2711 orbis
1375 2664 1481 2711 esset
1502 2663 1805 2726 perdomitus,
1830 2681 1937 2712 cum
1976 2700 1979 2705 ι

151 2728 216 2775 eis
240 2745 332 2775 non
354 2729 401 2775 vi
423 2743 599 2790 aperta,
622 2729 694 2776 sed
718 2731 808 2775 astu
829 2730 1097 2776 certandum
1121 2749 1130 2775 :
1157 2730 1414 2776 occasiones
1438 2712 1720 2791 captandas:
1746 2733 1792 2777 ὅτ
1819 2746 1934 2793 quos

149 2809 236 2839 nec
273 2810 484 2848 numero,
511 2811 597 2842 nec
617 2793 800 2857 opibus,
837 2808 924 2839 nec
947 2793 1151 2842 bellandi
1175 2793 1358 2858 peritia,
1384 2809 1564 2855 aequare
1586 2793 1777 2854 possent,
1804 2794 1934 2859 labo-

145 2857 290 2913 ribu8‚
316 2865 359 2905 Ec
380 2859 604 2906 malorum
629 2858 851 2922 patientia
872 2857 1150 2923 fatigandos.
1219 2860 1358 2906 Hanc
1393 2873 1532 2904 unam
1557 2859 1640 2903 effe
1662 2857 1798 2918 hujus
1823 2858 1936 2906 belli

144 2923 337 2985 gerendi
362 2923 601 2970 rationem.
670 2923 875 2970 Hiberni
896 2923 1021 2970 Scoti
1043 2938 1202 2971 contra
1224 2922 1424 2970 Albinos
1445 2922 1698 2984 increpare,
1732 2939 1931 2985 quorum

144 2987 332 3047 pristina
352 2986 493 3034 animi
516 2988 584 3035 vis
603 2987 718 3034 adeo
740 2988 1014 3051 elanguerit,
1057 3002 1106 3036 ut
1143 3005 1251 3036 cum
1284 2986 1451 3050 posteri
1471 2986 1611 3032 effent
1631 3002 1810 3041 eorum,
1848 2988 1952 3052 qui.

144 3053 381 3098 Romanos
403 3052 625 3099 exercitus
649 3069 793 3116 prope
815 3053 1046 3109 deleffent,
1067 3053 1149 3117 ips:
1171 3067 1255 3099 nec
1278 3051 1508 3113 aspectum
1527 3050 1717 3113 quidem
1739 3051 1928 3100 illorum
1967 3093 1970 3096 ,

142 3116 354 3163 sustinere
371 3116 562 3179 possent.
607 3118 711 3162 Nec
730 3119 919 3167 deerant
941 3118 1080 3164 etiarn
1102 3134 1160 3165 ex
1176 3116 1281 3180 ipsis
1306 3115 1453 3162 Scotis
1480 3114 1686 3171 Albinis‚
1710 3116 1793 3179 qui
1815 3132 1928 3164 con-2

142 3181 383 3228 tenderent
404 3180 516 3227 belli
533 3181 757 3228 rationem
777 3199 803 3228 a
825 3181 1003 3229 civibus
1027 3182 1114 3230 suis
1137 3181 1418 3246 propositam
1439 3181 1576 3242 plane
1597 3180 1782 3227 inanem
1804 3182 1891 3227 effe
1912 3200 1926 3230 :

141 3259 191 3291 ut
213 3263 316 3308 quae
335 3245 389 3292 ad
413 3245 587 3292 hostem
611 3248 786 3295 tantem
809 3247 1090 3301 vexandum,
1132 3262 1225 3293 non
1248 3244 1305 3291 ad
1329 3245 1530 3307 patriam
1563 3246 1923 3307 recuperandam

138 3310 324 3357 faceret.
358 3310 675 3373 Qamobrem
699 3311 892 3358 fortunae
910 3311 1170 3359 instandum
1191 3328 1202 3358 :
1228 3325 1328 3357 eam
1353 3307 1525 3356 reditus
1548 3309 1714 3356 ducem
1733 3309 1924 3373 sequen-

138 3374 262 3421 dam.
314 3375 370 3421 Id
393 3376 423 3420 fi
447 3374 636 3429 faciant,
661 3376 857 3423 noneste
878 3374 1188 3423 dubitandum
1211 3373 1323 3437 quin
1348 3374 1496 3438 Deus,
1517 3373 1598 3436 qui
1620 3372 1927 3436 tam‘prospe-

137 3455 187 3484 ra
210 3439 321 3484 belli
337 3439 471 3486 initia
489 3439 684 3494 dederit,
698 3451 775 3486 aut
795 3455 915 3485 novo
931 3440 1191 3496 Brittonum
1208 3451 1355 3493 motu,
1375 3450 1457 3494 aut
1474 3437 1698 3494 revocatis
1718 3438 1775 3484 ad
1800 3438 1924 3485 bella

137 3502 358 3566 propiora
379 3504 645 3568 legionibus
668 3502 861 3550 hostium
883 3502 1002 3551 vires
1022 3504 1076 3551 fit
1096 3502 1442 3551 imminuturus.
1470 3502 1770 3551 Occasionem
1790 3502 1924 3555 oblata

138 3579 229 3614 tam
244 3567 398 3631 potius
419 3561 957 3633 amplefitendam,quam
966 3568 1021 3619 in
1040 3568 1279 3633 praesentia
1294 3566 1552 3632 neglectam
1567 3565 1785 3628 posterius
1806 3566 1919 3613 frus-

1852 3642 1932 3678 tra.
1961 3678 1965 3681 .
