2025 3831
375 158 665 224 Ltssuu
744 155 1525 221 Dsscrmussuxrus.
1698 151 1828 237 48t

71 259 117 306 in
141 256 363 319 posterum
387 255 691 319 extingueret.
760 255 936 301 Multos
956 253 1078 299 enim
1102 253 1301 317 Regens,
1321 250 1401 313 qui
1425 250 1609 296 nomina
1631 252 1834 297 ecclesiae

67 323 302 375 dederant,
325 320 489 380 partim
507 320 661 373 minis,
681 321 846 381 partim
865 318 1079 379 promiffis
1094 335 1117 363 a
1139 331 1374 378 procerum
1390 313 1583 360 factione
1606 316 1834 361 abstraxe-

69 390 154 440 rat,
175 392 214 432 Sc
232 386 370 430 castra
385 384 716 445 speculatorum
740 397 866 430 erant
886 383 1034 444 plena,
1060 381 1137 443 qui
1180 397 1271 427 non
1305 378 1445 425 modo
1468 377 1603 428 dieta,
1641 384 1677 424 δι
1695 379 1831 430 sach.

71 450 144 496 sed
163 448 348 495 consilia
368 449 523 502 etiam,
549 465 649 510 qua:
664 449 860 494 maxime
882 448 1064 492 occulta
1101 453 1139 492 &
1164 445 1427 496 credebant,
1455 445 1503 491 ὅτ
1527 442 1741 488 volebant
1773 443 1833 489 ad

68 530 169 561 eam
192 513 447 560 deferrent:
482 511 856 572 &comprehenso
881 512 950 571 (ι)
980 511 1131 555 iacobi
1155 508 1346 556 Balfurii
1369 506 1586 558 ministre,
1628 508 1705 566 qui
1730 508 1840 553 lite·

68 595 137 626 ras
157 578 350 640 Letham
373 575 562 631 ferebat,
585 575 772 637 suspicio
789 576 836 620 in
861 575 1046 627 multos,
1072 575 1211 620 timor
1230 574 1279 619 in
1302 589 1459 619 omncs
1502 570 1544 617 se
1567 570 1829 616 diffuderat.

69 642 347 690 Mercenarii
369 657 555 704 quoque
576 641 636 686 ob
661 657 749 686 non
774 639 918 684 soluta
937 639 993 684 ad
1017 638 1139 685 diem
1163 636 1382 700 stipendia
1397 634 1792 682 tumultuabantur
1817 653 1831 681 :

67 722 120 754 ac
143 707 173 752 si
196 707 296 768 quis
317 722 392 753 eos
411 721 437 750 a
458 704 632 752 nefario
649 705 835 750 consilio
848 718 1059 748 revocare
1078 705 1343 756 conabatur,
1364 700 1561 763 graviter
1578 698 1621 744 ei
1637 700 1838 745 commi-

67 772 293 818 nabantur
318 790 328 817 :
363 769 503 817 sedin
520 766 785 815 hominibus
804 785 830 813 a
852 767 1037 829 pietate,
1062 771 1110 815 Sc
1131 767 1316 812 honesto
1337 764 1495 811 alienis
1519 780 1609 809 non
1630 776 1723 809 tarn
1749 763 1835 808 mi-

55 836 210 882 randa
231 848 326 882 erat
343 833 520 888 seditio,
544 850 682 896 quam
701 849 859 879 omnes
880 831 997 877 male
1020 831 1218 878 habebat
1238 831 1383 876 Ducis
1403 828 1707 876 Castellerotii
1745 827 1837 873 im-

66 899 312 955 becillitas,
334 905 375 945 &⁷
405 915 548 962 prope
570 897 841 949 diffidentia,
861 912 999 958 quem
1024 897 1093 956 (z)
1116 895 1366 958 propinqui
1387 893 1566 940 terroris
1584 892 1649 939 ita
1670 891 1838 956 imple-

62 979 190 1030 ¹runt,
218 977 265 1010 ut
286 965 381 1026 ejus
405 963 542 1009 timor
564 963 813 1009 multorum
835 961 1013 1007 animos
1033 960 1341 1007 labefactaret.

55 1032 58 1035 ’
133 1030 308 1075 XLVI.
344 1028 441 1083 Qui
466 1027 688 1074 firmiores
720 1039 863 1078 erant,
903 1041 1009 1071 cum
1041 1024 1242 1071 remedia
1275 1025 1345 1070 his
1380 1022 1510 1070 malis
1544 1021 1835 1078 adhiberent,

64 1094 218 1157 prima
247 1094 304 1140 de
328 1093 615 1139 mercenariis
650 1091 884 1155 placandis
914 1088 1184 1136 consultatio
1208 1089 1311 1135 fuit.
1380 1090 1502 1134 Cum
1525 1087 1644 1133 inter
1664 1087 1704 1133 se
1728 1104 1840 1150 pro-

3 1161 26 1181 ·’
60 1165 208 1211 ceres,
230 1157 310 1220 qui
344 1158 665 1211 remanserant,
685 1157 742 1202 de
764 1153 1016 1216 pecuniain
1038 1153 1316 1215 stipendium
1335 1152 1611 1198 conferenda
1624 1164 1833 1213 agerent,

25 1259 28 1267 .
69 1222 170 1270 aliis
193 1241 273 1284 per
295 1221 530 1268 avaritiam
555 1221 926 1273 detreciantibus,
955 1218 1054 1265 aliis
1076 1217 1280 1278 inopiam
1305 1217 1638 1272 excusantibus,
1663 1216 1839 1263 summa

69 1286 237 1334 confici
268 1304 357 1333 non
391 1286 558 1349 potuit,
590 1302 692 1349 quse
724 1283 1108 1331 mercenariorum
1138 1282 1339 1327 furorem
1363 1281 1616 1341 mitigaret-¹
1678 1280 1841 1326 Proxi-

70 1367 198 1399 mum
221 1351 367 1397 visum
385 1353 461 1405 est,
490 1365 538 1397 ut
563 1351 662 1397 vasa
684 1349 964 1412 singulorum
983 1359 1199 1411 argentea
1230 1346 1554 1392 conflarentur.
1621 1346 1841 1407 Cumque

71 1417 316 1463 monetarii
337 1432 522 1479 operam
552 1415 672 1461 suam
703 1411 952 1461 liberaliter
973 1410 1309 1474 promitterent,
1334 1410 1449 1473 typi,
1474 1410 1695 1456 incertum
1722 1425 1842 1472 quo-

69 1498 173 1528 rum
197 1480 372 1532 fraude,
398 1480 560 1526 sublati
582 1480 781 1526 fuerunt.
848 1477 1061 1524 Restabat
1084 1475 1220 1523 unica
1239 1474 1336 1538 spes
1358 1476 1416 1520 ab
1439 1476 1618 1537 Augus,
1644 1474 1718 1521 sed
1739 1479 1842 1520 len-

72 1559 119 1593 ta
141 1545 276 1592 nimis
301 1546 539 1591 videbatur
563 1564 584 1591 ;Δ
608 1545 792 1590 tandem
815 1540 1033 1604 privatim
1054 1541 1234 1586 suorum
1264 1539 1516 1586 amicorum
1540 1540 1675 1586 fidem
1698 1554 1843 1600 expe-

64 1609 152 1658 riri
175 1610 474 1656 decreverunt
508 1627 519 1655 2
552 1620 688 1670 atque
711 1610 768 1653 ad
789 1607 966 1669 equites
994 1605 1110 1651 duos
1133 1617 1252 1651 notae
1275 1603 1455 1651 virtutis
1486 1605 1589 1667 (qui
1612 1618 1708 1651 tum
1732 1605 1844 1650 sser-

51 1674 166 1729 ⁸vici
190 1673 389 1737 publicis
413 1671 579 1719 muniis
603 1670 807 1734 praefecti
828 1672 977 1729 eraut)
1010 1669 1309 1732 Radulphum
1335 1668 1609 1724 Sadlerium,
1634 1671 1684 1718 δε
1711 1669 1844 1715 Iaco-

76 1738 187 1787 bum
222 1738 437 1789 Croftum
471 1737 662 1783 mittunt
693 1738 914 1783 Ioannem
948 1736 1248 1781 Cocburnum
1286 1732 1633 1788 Ormistmrhrm,
1665 1732 1747 1795 qui
1771 1731 1847 1779 vel

15 1796 26 1812 '
75 1803 306 1850 modicam
329 1803 386 1850 ad
410 1803 662 1849 remedium
687 1801 914 1864 praesentis
934 1798 1198 1848 necessitatis
1230 1801 1303 1862 (3)
1336 1797 1632 1861 impetrarent
1654 1796 1846 1860 pecuni-

7 1875 39 1884 '‘
76 1885 168 1916 am.
237 1868 290 1915 Id
311 1867 548 1915 confilium
570 1882 833 1929 quanquam
857 1863 1054 1911 maxime
1074 1863 1374 1917 occultarent,
1403 1875 1560 1910 tamen
1581 1863 1639 1909 ad
1661 1864 1854 1927 Regen-

76 1947 170 1980 tem
193 1935 254 1980 est
276 1934 495 1980 delatum.
569 1933 635 1978 Ea
669 1932 904 1978 Comitem
938 1929 1235 1976 Bothuelium
1264 1928 1464 1975 reditum
1487 1927 1582 1988 ejus
1612 1927 1852 1974 observare

71 1998 211 2060 juffit.
279 1999 323 2043 Is
355 2013 617 2060 quanquam
650 2009 753 2044 ante
777 2011 945 2058 paucos
977 1993 1072 2041 dies
1095 1994 1240 2040 sancle
1261 1992 1493 2054 juraverat
1510 1991 1551 2038 se
1573 1991 1714 2038 causae
1737 2006 1845 2054 pro-

27 2085 39 2102 s
76 2079 231 2110 cerum
254 2063 383 2109 nulla.
403 2062 451 2108 in
474 2061 522 2107 re
542 2061 829 2115 obfuturum,
861 2059 1079 2121 spemque
1101 2057 1269 2104 fecisset
1290 2057 1332 2103 se
1353 2056 1538 2103 factioni
1561 2073 1720 2103 eorum
1742 2056 1847 2104 sub-

9 2130 20 2139 “’
77 2128 367 2190 scripturum,
392 2141 545 2173 tamen
580 2125 913 2172 Ormistonium
933 2139 991 2171 ex
1018 2122 1191 2170 insidiis
1222 2121 1504 2185 necopinum
1533 2122 1798 2186 aggreditur
1831 2139 1846 2169 :

77 2194 370 2239 vulneratum
392 2190 532 2253 capit,
556 2191 797 2251 pecuniam
819 2188 971 2251 eripit.
1588 2197 1591 2200 ’

145 2258 346 2303 XLVII.
378 2256 533 2318 Hujus
553 2253 768 2302 facinoris
787 2254 908 2300 fama
926 2252 1216 2318 Edimburgo
1236 2251 1420 2299 Araniae
1444 2251 1696 2307 Comitem,
1718 2257 1757 2298 δι
1776 2254 1852 2300 Ia-

79 2322 247 2368 cobum
284 2323 516 2368 Stuartum
540 2335 645 2366 cum
682 2333 777 2367 toto
810 2335 927 2381 pene
953 2318 1162 2380 equitatu
1184 2317 1371 2370 excivit,
1405 2334 1496 2364 non
1521 2331 1613 2364 tam
1634 2317 1852 2365 vindictae

16 2431 37 2450 4
79 2385 350 2450 cupiditate,
382 2402 521 2450 quam
547 2388 595 2431 ut
614 2383 946 2432 Ormistonium
971 2384 1024 2445 (fi
1043 2383 1161 2430 forte
1182 2383 1376 2443 viveret)
1400 2381 1645 2444 eriperent,
1669 2398 1748 2430 aut
1771 2383 1856 2429 sal-

17 2499 20 2502 .
75 2464 174 2499 'tem
196 2450 489 2514 impedirent,
521 2451 615 2512 quo
640 2449 789 2496 minus
823 2449 881 2495 ad
905 2450 1162 2512 Regentem
1196 2447 1583 2509 transportaretur.
1615 2495 1618 2497 ,
1653 2448 1743 2495 Sed
1765 2449 1857 2495 Bo-

83 2515 280 2563 thuelius
305 2532 384 2579 per
404 2515 732 2578 speculatorem
754 2513 1066 2576 praemonitus,
1088 2513 1336 2559 adventum
1352 2528 1509 2558 eorum
1527 2512 1640 2575 fuga
1655 2529 1858 2575 praever-

29 2604 33 2608 ’
78 2581 150 2628 tit.
172 2581 348 2627 Eodem
364 2580 437 2627 die
458 2578 697 2644 praefeStus
714 2579 1029 2626 Taodunanus
1052 2594 1160 2624 cum
1190 2577 1275 2623 suis
1299 2575 1494 2631 civibus,
1519 2592 1571 2623 ac
1593 2575 1747 2640 paucis
1769 2593 1858 2622 vo·

34 2683 38 2692 ,
82 2644 293 2693 luntariis
334 2645 526 2692 Letham
549 2643 697 2691 versus
717 2641 987 2706 progressu5‚
1011 2643 1107 2690 suas
1129 2643 1177 2689 in
1200 2642 1320 2689 colle
1341 2640 1600 2704 propinquo
1622 2640 1856 2688 machinas

80 2711 380 2757 collocarunt.
450 2707 601 2763 Gaui,
625 2709 706 2771 qui
727 2725 807 2771 per
828 2709 1138 2770 exploratores
1171 2720 1486 2769 cognoverant
1503 2721 1686 2752 omnem
1710 2721 1859 2768 prope

81 2772 278 2821 hostium
314 2773 570 2837 equitatum
592 2774 753 2828 abesse,
785 2772 844 2819 ad
866 2773 1062 2835 pedites,
1094 2787 1290 2834 quorum
1325 2770 1598 2834 paucitatem
1617 2768 1856 2824 videbant,

79 2839 409 2902 opprimendos
439 2837 617 2902 aliquot
648 2838 857 2884 cohortes
888 2839 1162 2883 eduxerunt.
1192 2834 1748 2896 Taodunanialiquandiu
1778 2833 1858 2898 spe

83 2903 266 2966 subsidii
296 2903 568 2952 restiterunt.
637 2903 726 2951 Sed
748 2919 853 2950 cum
889 2903 937 2947 in
960 2903 1110 2965 primo
1133 2901 1280 2948 statim
1313 2899 1547 2962 congressu
1586 2900 1861 2947 mercenarii

39 2993 45 3002 κ
86 2969 343 3031 (qui'pauci
365 2985 441 3014 eos
475 2980 604 3015 erant
626 2967 781 3027 secuti)
819 2979 949 3031 terga
968 2966 1214 3019 vertissent,
1248 2964 1330 3028 ipsi
1352 2979 1537 3027 quoque
1558 2963 1727 3010 relictis
1759 2980 1856 3010 ma-

77 3031 232 3081 ³chinis
253 3033 411 3080 senfim
432 3033 599 3097 pedem
620 3032 872 3079 retulerunt
894 3050 907 3078 ;
932 3032 1081 3078 donec
1102 3047 1129 3077 a
1148 3042 1280 3094 tergo
1300 3029 1474 3075 clamor
1492 3040 1618 3074 ortus
1638 3028 1716 3082 est,
1737 3029 1859 3076 Gal-

82 3097 159 3156 los*
183 3096 388 3147 breviore
420 3097 496 3144 via
517 3097 778 3160 praegreffos
812 3097 871 3144 ad
892 3108 1072 3160 portam
1105 3093 1227 3141 urbis
1250 3111 1278 3141 a
1305 3106 1435 3157 tergo
1467 3092 1672 3148 tendere,
1709 3105 1758 3141 ut
1777 3107 1857 3140 eos

76 3163 397 3226 [excluderent.
467 3163 544 3209 Ad
564 3162 682 3208 hanc
713 3177 875 3208 vocem
907 3172 1033 3208 tanta
1063 3158 1273 3206 omnium
1298 3173 1453 3205 rerum
1482 3156 1765 3220 perturbatio
1795 3157 1858 3203 est

88 3239 204 3281 orta,
228 3239 277 3274 ut
302 3227 509 3290 quisque,
533 3243 625 3289 qua
645 3224 855 3288 proxime
887 3236 1083 3289 poterat,
1107 3223 1155 3270 in
1178 3236 1328 3271 tutum
1349 3222 1394 3269 se
1415 3221 1654 3284 reciperet,
1678 3225 1720 3267 δε
1740 3220 1858 3267 dum

82 3290 165 3337 alii
185 3291 284 3338 aliis
305 3293 497 3346 obstant,
520 3289 796 3336 infirmiores
817 3306 844 3337 a
861 3288 1195 3337 valentioribus.
1212 3287 1588 3334 conculcarentur
1619 3302 1632 3332 :
1666 3297 1719 3330 ac
1740 3283 1854 3329 dum

83 3353 172 3401 fibi
191 3355 382 3419 quisque
405 3353 641 3420 prospicit,
672 3353 791 3401 nihil
810 3353 859 3401 in
888 3370 1134 3402 commune
1165 3352 1431 3399 consulitur.
1497 3346 1668 3412 Papani
1691 3346 1716 3392 ὲ
1738 3347 1855 3392 late-

85 3416 179 3466 bris
199 3422 476 3484 prodeuntes
510 3419 662 3482 palam
683 3417 1069 3467 convitiabantur.
1137 3417 1235 3481 Qi
1264 3428 1398 3464 antea
1418 3413 1612 3461 studium
1635 3410 1854 3457 dostrinae

139 3545 205 3601 (1)
233 3550 292 3589 Sir
307 3552 434 3604 James
449 3547 602 3587 Balfour
615 3547 659 3586 of
670 3547 812 3595 Burlie,
828 3548 940 3587 cler-k
1047 3548 1111 3598 (2)
1139 3548 1167 3586 i.
1181 3561 1215 3587 e.
1231 3546 1380 3594 cognati
1401 3541 1532 3582 Ducis.

83 3602 245 3653 “silica
261 3603 388 3649 ⁴father
403 3611 444 3644 to
462 3602 635 3641 Michael
652 3603 734 3641 iord
751 3602 893 3641 Burlie.
1047 3602 1115 3653 (3)
1142 3602 1211 3640 Al.
1232 3601 1474 3650 impetraret.

826 3655 861 3700 P
891 3668 926 3716 p
956 3669 989 3715 p
1755 3643 1886 3709 puri-
