1992 3801
145 110 276 194 376
449 108 811 182 RERUM
903 115 1585 186 Scor-reanum

137 226 243 272 cum
263 220 360 257 tum
378 210 653 259 obsidentem
670 214 935 259 Tornacum
957 213 1016 258 est
1036 211 1200 268 miffu5‚
1214 214 1293 276 qui
1316 214 1487 260 bellum
1510 215 1551 261 ei
1575 214 1887 266 denunciare?⁹

137 272 297 321 Causae
314 290 540 322 armorum
564 276 887 338 capiendorum
909 277 1268 333 recensebantur,
1287 294 1353 324 res
1376 280 1594 340 repetitae,
1612 286 1650 326 &
1674 285 1764 326 non
1789 281 1891 334 red*-

132 338 262 384 ditae.
326 333 518 385 Roberti
540 341 649 387 Cari
669 340 1041 401 interemptorem
1072 343 1289 387 Ioannem
1313 343 1547 389 Heronem
1571 344 1719 406 palam
1744 345 1784 390 se
1817 344 1888 390 os·

132 412 323 449 tentare.
339 403 541 449 Andreas
555 403 794 450 Britannus
813 414 976 464 praeter
993 405 1174 461 foederis
1194 406 1316 467 leges
1335 406 1565 464 spoliatus,
1581 413 1624 455 ὅτ
1639 408 1891 470 interemp-

134 477 206 512 tus
223 465 366 531 Regis
383 465 520 527 ipsius
536 466 675 527 jufl‘u.¹
723 467 820 513 Has
842 465 978 524 etiam
998 467 1185 529 injurias
1211 482 1260 514 ut
1283 469 1591 525 dissimularet,
1611 470 1651 517 se
1674 487 1764 517 non
1787 470 1890 533 pos·

130 529 175 577 se
199 547 332 594 aequo
352 530 505 577 animo
528 530 643 590 ferre
665 530 890 577 Ludovici
913 527 1054 593 Regis
1074 534 1349 594 Francorum
1371 534 1533 579 veteris
1556 534 1708 590 amici,
1734 541 1773 581 δι
1798 535 1892 582 (Σευ-
1948 590 1951 593 .

131 594 220 650 roli
241 596 312 655 (1)
330 593 536 653 Geldriae
549 594 695 641 Ducis
717 593 964 657 propinqui
987 595 1051 654 sui
1073 595 1293 655 ditionem
1318 596 1536 643 hostiliter
1556 598 1768 651 omnibus
1791 598 1892 645 bel-

129 658 167 705 li
189 655 521 705 calamitatibus
536 657 718 704 evastari
741 677 752 704 :
785 658 951 720 quibus
973 661 1106 707 rebus
1128 660 1205 706 nili
1228 661 1471 716 defista'tur,
1492 661 1533 707 se
1554 661 1724 708 bellum
1750 661 1789 708 ei
1811 663 1892 710 de*-

129 721 362 769 nunciare.
422 721 629 769 Henrico
651 728 690 769 δε
714 722 857 778 astatis
879 723 1026 786 vigor,
1044 727 1091 772 ὃς
1111 723 1405 771 florentiffimi
1427 723 1557 788 regni
1580 743 1708 788 opes,
1726 731 1765 771 δε
1785 737 1893 789 pro-

129 788 191 849 ‘pe
214 786 351 833 totius
372 786 569 847 Europae
587 786 888 844 consentiens,
917 787 1127 845 adversus·
1148 805 1285 835 unum
1311 789 1500 836 Gallum
1536 789 1807 851 conspiratio
1842 791 1892 836 in

129 866 286 897 animo
303 850 462 913 gloriae
482 849 687 896 militaris
709 850 844 897 avido
868 851 979 897 belli
1002 851 1301 913 cupiditatem
1320 853 1611 900 accendebat.
1673 852 1821 915 Igitur
1844 858 1915 900 e-'

129 914 262 970 tiam,
285 917 423 977 quarn
446 929 530 974 pro
553 926 682 959 aetate
704 913 898 961 ferocius
920 914 1091 961 foe'ciali
1116 914 1345 975 respondit
1369 933 1379 960 ε
1413 915 1455 960 se
1478 916 1592 961 nihil
1615 928 1670 962 ex
1688 933 1743 962 eo
1765 918 1895 963 aliud

128 978 303 1032 audire,
328 992 465 1039 quam
487 978 611 1038 quod
628 977 902 1037 jamdudum
924 995 951 1024 a
969 980 1097 1039 Rege
1115 977 1280 1032 divini,
1297 984 1337 1024 &
1355 978 1543 1025 humani
1559 978 1673 1038 juris
1697 978 1894 1034 violato·
1961 1002 1963 1008 ·

128 1058 178 1091 re
199 1040 476 1105 expectabat.
523 1041 720 1087 Proinde
739 1052 911 1104 ageret,
937 1041 1003 1088 uti
1025 1040 1106 1088 fibi
1126 1042 1437 1096 videretunse
1461 1042 1632 1089 bellum
1656 1056 1746 1089 tam
1771 1043 1896 1104 pros·-

127 1120 238 1171 pere
259 1116 460 1167 coeptum
484 1104 545 1151 ob
566 1105 663 1167 ejus
694 1104 839 1152 minas
864 1115 955 1152 non
977 1105 1237 1152 omissurum
1265 1124 1275 1152 :
1303 1122 1387 1154 nec
1409 1107 1450 1154 se
1471 1107 1637 1154 morari
1660 1107 1755 1167 ejus
1778 1108 1896 1154 ami·

128 1170 304 1224 citiam,
326 1169 455 1230 cujus
471 1168 565 1230 jam
590 1170 642 1215 fit
661 1181 874 1231 expertus
892 1169 1144 1225 levitatem.
1569 1230 1572 1231 ⁷

193 1235 375 1282 XXXI.
409 1234 512 1294 Hac
533 1232 642 1280 belli
664 1231 1018 1280 denunciatione
1036 1234 1080 1280 in
1107 1234 1306 1280 Scotiam
1329 1234 1518 1296 perlata,
1553 1235 1661 1281 dum
1684 1235 1741 1281 ad
1764 1251 1895 1282 exer·

128 1297 272 1346 eitum
294 1295 579 1361 proficiscens
600 1299 701 1345 Rex
735 1297 984 1356 Limnuchi
1024 1298 1296 1360 vespertinas
1317 1300 1365 1344 in
1389 1300 1486 1345 aede
1523 1299 1642 1346 sacra
1663 1299 1896 1353 cantionea

132 1369 206 1424 (ut
223 1376 321 1409 tum
345 1364 481 1408 moris
499 1361 903 1421 erat)audit-,senex
922 1361 1110 1425 quidam
1132 1362 1349 1426 ingressus
1368 1362 1535 1425 capillo
1553 1363 1599 1409 in
1618 1364 1721 1409 rufo
1740 1363 1897 1411 flaves-
1970 1405 1971 1408 ,

126 1438 276 1480 cente,
301 1441 353 1473 ac
374 1425 421 1472 in
440 1425 650 1472 humeros
673 1426 902 1489 promisse,
938 1426 1088 1472 fronte
1109 1425 1156 1473 in
1179 1426 1412 1472 calviciem
1437 1428 1614 1493 glabro,
1639 1427 1787 1490 capite
1811 1445 1895 1474 nu-

129 1493 209 1546 do,
231 1492 349 1537 veste
371 1489 655 1553 longiuscula
675 1489 835 1551 cyanei
856 1489 1019 1537 coloris
1043 1490 1250 1545 amictus,
1276 1507 1328 1537 ac
1349 1490 1492 1538 linteo
1514 1491 1705 1544 εἰηξὶηε,
1727 1505 1893 1538 caetero

128 1557 311 1619 aspectu
338 1552 624 1600 venerabilis.
692 1556 736 1601 ls
764 1555 941 1617 Regem
964 1570 1169 1617 quaerens
1200 1571 1281 1616 per
1303 1555 1483 1601 turbam
1507 1555 1777 1604 obstantium
1813 1573 1893 1618 pe-
1969 1588 1972 1596 ·

130 1630 297 1669 netrat.
362 1616 463 1676 Ubi
493 1618 550 1664 ad
569 1631 674 1675 eum
697 1617 888 1672 accessit‚
909 1617 1070 1665 rustica
1090 1619 1288 1680 quadam
1316 1618 1604 1680 simplicitate
1627 1619 1757 1680 super
1788 1614 1894 1666 soli·

131 1699 230 1739 um,
259 1683 310 1730 in
331 1698 424 1745 quo
451 1683 551 1729 Rex
573 1682 753 1729 sedebat
772 1682 974 1738 innixus,
1015 1689 1049 1741 ‘f
1088 1682 1242 1737 Rex,''
1263 1683 1431 1745 inquit,
1468 1691 1501 1712 “
1535 1685 1636 1746 Ego
1655 1682 1710 1728 ad
1729 1695 1772 1730 te
1796 1684 1893 1731 suni

130 1749 300 1802 miffus,
315 1760 366 1794 ut
389 1758 433 1806 te
454 1747 743 1802 admoneam,
758 1763 814 1793 ne
837 1748 931 1809 quo
950 1745 1524 1809 instituisti,progrediaris‹.
1562 1750 1711 1809 Qam
1735 1750 1898 1794 admo.

130 1812 356 1860 nitionem
378 1811 410 1856 fi
433 1810 702 1874 neglexeris,
727 1827 819 1857 non
841 1810 927 1857 erit
964 1810 991 1858 ὲ·
1024 1827 1072 1857 re
1094 1822 1189 1865 tua,
1213 1826 1298 1857 nec
1318 1827 1494 1873 eorum,
1525 1811 1605 1872 qui
1630 1823 1673 1856 te
1705 1813 1898 1858 comita-

130 1878 319 1925 buntur.
385 1876 606 1922 Praeterea
626 1891 909 1936 praemonere
930 1874 1024 1922 sum
1041 1874 1198 1936 jussus,
1223 1890 1279 1920 ne
1302 1876 1545 1922 mulierum
1566 1875 1893 1931 familiaritate,

128 1939 474 2000 consuetudine,
495 1953 574 1986 aut
594 1939 783 1986 consilio
805 1939 961 1986 utaris.
1029 1941 1166 1985 Secus
1189 1952 1296 1985 vero
1327 1940 1358 1985 si
1391 1939 1545 1991 facies,
1572 1944 1611 1985 δε
1643 1939 1828 1995 damno,
1854 1947 1896 1987 &

128 2003 401 2070 ignominiae
435 2003 521 2050 tibi
551 2020 620 2050 res
653 1998 792 2050 erit.''
857 2004 975 2051 Haec
1007 2004 1186 2059 locutus
1206 2002 1351 2050 ‘turbae
1380 2003 1466 2049 sese
1495 2002 1772 2050 immiscuit:
1811 2019 1896 2050 nec

130 2073 240 2118 cum
266 2067 475 2132 precibus
508 2067 646 2115 finitis
669 2068 770 2114 Rex
790 2083 896 2115 eum
919 2066 1184 2130 requireret,
1219 2067 1406 2139 usquam
1439 2067 1698 2129 comparuit
1726 2086 1736 2114 ε
1771 2069 1899 2131 quod
1924 2102 1926 2104 ψ

1958 239 1975 278 ι,

126 2137 189 2184 εὖ
212 2149 357 2196 magis
379 2132 546 2180 mirum
568 2132 629 2179 est
652 2130 811 2186 visum,
835 2132 963 2195 quod
984 2147 1161 2187 eorum,
1186 2146 1266 2191 qut
1288 2131 1476 2194 propius
1499 2132 1742 2186 astiterant,
1757 2147 1897 2195 atque
1962 2135 1965 2141 '

90 2222 97 2233 -‚
129 2215 240 2246 eum
271 2197 587 2252 observabant,
606 2191 730 2244 avidi
759 2199 906 2243 multa
928 2212 985 2242 ex
1015 2213 1070 2243 eo
1092 2195 1344 2243 sciscitandi
1376 2212 1512 2242 nemo
1546 2195 1640 2256 ejus
1663 2195 1896 2253 discessum

95 2283 98 2285 “
131 2263 338 2311 senserat.
390 2263 444 2308 In
461 2260 517 2307 iis
541 2260 628 2307 fuit
652 2261 723 2321 (2)
744 2261 901 2308 David
923 2259 1158 2307 Lindefius
1181 2261 1433 2306 Montanus
1454 2260 1595 2306 homo
1618 2259 1825 2323 speEtatae
1845 2261 1898 2307 fi-

131 2328 227 2383 dei,
243 2325 651 2390 &probitatismec
672 2341 698 2370 a
715 2323 948 2372 literarum
971 2325 1124 2373 studiis
1147 2324 1338 2378 alienuS‚
1355 2330 1394 2371 &
1417 2323 1544 2384 cujus
1563 2336 1681 2372 totus
1705 2325 1812 2370 vitae
1830 2337 1900 2372 te-

133 2408 220 2439 nor
248 2389 502 2454 longiflime
524 2406 551 2436 a
571 2388 836 2436 mentiendo
858 2389 1013 2436 aberat
1037 2405 1048 2434 :
1085 2389 1112 2435 ὲ
1140 2406 1233 2452 quo
1263 2388 1344 2434 nisi
1367 2403 1456 2451 ego
1485 2389 1584 2445 haec
1618 2387 1685 2434 uti
1712 2389 1898 2445 tradidi,

134 2471 221 2519 pro
243 2455 377 2503 certis
398 2453 696 2517 accaepiffem,
720 2464 772 2501 ut
787 2454 1023 2519 vulgatam
1043 2453 1173 2501 vanis
1199 2447 1459 2499 rumoribus
1481 2452 1684 2500 fabulam
1716 2453 1901 2502 omiffu-
1972 2442 1984 2469 ³

133 2534 404 2633 ωεΧεὶιὲΧωΙΪ.
435 2584 537 2632 Rex
557 2582 653 2646 quo
673 2581 947 2638 intenderat,
967 2581 1195 2645 profectus
1215 2597 1361 2644 prope
1381 2570 1720 2645 Edimburgum
1742 2597 1900 2632 recen.

134 2648 225 2696 suit
241 2647 509 2699 exercitum.
553 2647 668 2694 Inde
684 2647 840 2710 paucis
863 2648 960 2710 post
977 2646 1136 2693 diebus
1148 2646 1368 2708 Angliam
1390 2644 1606 2708 ingreffus
1624 2647 1899 2701 Noramam,
1966 2682 1969 2684 >

131 2714 354 2768 Vercam,
373 2713 587 2768 Etellam,
610 2713 645 2758 F
651 2710 924 2775 urdumque,
950 2716 990 2758 δι
1008 2709 1117 2757 alias
1138 2709 1354 2773 quasdam
1372 2707 1769 2768 limitiScotorum
1791 2727 1901 2774 pro-

135 2777 333 2842 pinquas
354 2791 478 2825 arces
498 2776 545 2823 vi
563 2779 716 2836 caepit,
729 2791 782 2822 ac
803 2775 963 2830 diruit,
983 2779 1024 2822 &
1046 2772 1286 2833 finitimam
1300 2773 1686 2830 Northurnbriam
1708 2775 1798 2821 late
1818 2790 1902 2838 po·
1962 2785 1966 2802 ¹

133 2842 407 2906 pulatusfiest.
437 2841 804 2904 IntereaRegetn
817 2854 972 2887 amore
987 2833 1154 2886 nobilis
1171 2837 1365 2901 captivae
1378 2841 1452 2900 (ea
1467 2851 1564 2885 erat
1574 2838 1775 2887 Heronis
1788 2841 1909 2886 Fur.
1976 2878 1979 2881 .

136 2905 207 2952 dii
230 2906 363 2979 uxor)
390 2907 462 2968 (3)
484 2903 712 2952 irretitum
734 2919 846 2962 cum·
862 2919 957 2951 rem
980 2902 1224 2951 militarem
1246 2900 1519 2966 negligeret,
1540 2907 1582 2950 &
1598 2903 1750 2950 ocioso
1772 2917 1903 2950 exer.-

138 2969 255 3016 citui
274 2968 325 3016 in
344 2985 457 3034 agro
476 2985 570 3018 non
590 2967 724 3015 valde
749 2967 936 3030 copioso
957 2972 1238 3026 commeatus
1271 2965 1485 3013 deficeret
1508 2984 1521 3014 ε
1556 2982 1639 3013 nec
1669 2967 1694 3016 ὲ
1716 2965 1915 3031 longin-¹

139 3024 237 3098 qdo
248 3031 404 3080 facilis
423 3033 530 3081 esset
549 3033 872 3095 comportatio,
890 3032 1036 3094 major
1054 3030 1280 3079 exercitus
1300 3047 1404 3093 pars
1426 3029 1600 3093 dilapsa
1620 3031 1745 3096 figna
1759 3031 1902 3089 infro-

116 3118 122 3121 ⁴
139 3089 331 3173 fluentia
343 3094 361 3156 (
369 3092 417 3159 3)
435 3096 646 3170 reliq-uit..
672 3097 886 3170 lffroceres
897 3096 979 3145 soli
993 3111 1099 3144 cum
1112 3087 1402 3168 propinquis,
1417 3098 1459 3141 &
1471 3094 1707 3143 clientium
1724 3094 1900 3158 paucis,

137 3162 285 3228 nsque
304 3171 444 3209 etiam
465 3161 671 3210 subiratis
691 3177 741 3209 m
761 3160 910 3209 castris
926 3170 1071 3209 erant.
1138 3159 1294 3221 Major
1321 3174 1455 3207 enim.
1467 3174 1570 3222 pars
1591 3159 1901 3215 suadebat,·ne

194 3296 215 3349 (
223 3296 265 3349 1)
291 3297 364 3338 His
381 3299 645 3348 grandmother
669 3311 744 3337 was
772 3311 794 3336 a
827 3299 926 3339 fister
955 3297 1002 3336 of
1049 3297 1137 3349 lyon
1157 3297 1253 3347 king
1269 3305 1308 3336 at
1325 3299 1437 3336 arms.-

144 3351 230 3391 that
240 3351 369 3399 house,
388 3353 476 3402 (lib.
494 3364 561 3392 n.
580 3365 658 3403 cap.
676 3351 760 3403 31.)
777 3354 849 3389 and
867 3359 906 3389 at
920 3350 999 3388 this
1104 3349 1123 3398 (
1130 3352 1171 3402 3)
1197 3351 1441 3390 Accusativus
1458 3350 1642 3390 absolutus
1662 3354 1674 3389 ὲ
1702 3349 1759 3388 vd
1775 3345 1898 3395 fiere*

140 3406 237 3444 time
250 3403 316 3444 the
328 3404 425 3454 king
432 3405 477 3444 of
484 3406 652 3454 England
667 3403 999 3455 and‘the‘emperor
1051 3405 1164 3442 solvas
1185 3419 1198 3458 3
1226 3405 1345 3458 major
1369 3417 1453 3458 pars
1479 3404 1630 3456 reliquit
1644 3403 1742 3454 figna
1762 3404 1800 3441 δε
1814 3400 1898 3452 Re}

142 3471 240 3498 were
257 3457 297 3496 in
312 3471 391 3497 war
408 3457 546 3510 against
561 3457 637 3496 this
654 3456 770 3503 duke.
1045 3466 1145 3510 gem.
1729 3473 1734 3478 ·
1759 3474 1771 3486 -·

194 3510 262 3566 (2)
287 3511 349 3556 Sit·
375 3507 498 3555 David
525 3510 682 3566 Lindsay
698 3511 745 3553 of
753 3502 822 3552 the
837 3504 993 3558 Mount,

1849 3586 1977 3660 in*
