2091 3796
174 159 251 206 10
476 136 845 202 'RERUM
937 134 1631 218 Sco'ricARnM

170 240 540 316 Albingaunum,
574 246 614 288 δε
640 240 831 289 Albium
855 240 1278 290 Intimelium.1n
1306 242 1376 303 (1)
1403 240 1658 312 Japodibus
1681 250 1833 287 autem
1863 242 1939 302 (2)

163 304 333 377 jugum
357 307 417 349 est
449 303 760 360 editiflimum‚
797 305 876 352 ubi
900 307 1043 368 Alpes
1077 307 1302 353 desinunt.
1371 307 1486 352 Sunt
1520 311 1560 351 δε
1585 303 1813 358 alialoca,
1837 322 1946 369 quae

173 372 232 416 ab
249 369 491 416 altitudine
503 371 742 431 nominata
762 371 943 432 possunt
964 371 1126 418 videri.
1196 373 1249 417 In
1285 371 1418 416 Italia
1451 370 1641 430 quidem
1662 369 1833 415 Albula
1856 370 1947 416 flu-

172 435 273 480 vius
292 450 348 479 ex
361 433 611 490 Ethruriae,
633 430 820 481 Albulae
828 447 964 496 aquae
983 436 1007 483 e
1026 434 1288 482 Tiburtinis
1303 432 1537 480 montibus
1554 432 1735 480 estusae:
1756 433 1804 479 in
1819 433 1943 481 Gal-

170 498 234 545 lia
254 498 540 547 Narbonensi
556 499 716 553 Albici
737 509 901 561 populi
917 500 1154 547 montani:
1187 501 1236 546 in
1260 497 1514 545 Germania
1535 497 1668 544 Albis
1690 498 1856 544 fluvius
1894 499 1946 545 in
1991 536 1994 539 .

168 562 447 673 BtoiSmorum
471 564 704 611 montibus
725 577 891 610 natus:
915 564 965 610 in
989 565 1093 611 Asia
1116 564 1322 613 Albanus
1345 561 1549 610 fluvius
1529 581 1554 610 e
1574 560 1776 609 Caucaso
1797 563 1944 610 deflu-

241 633 327 674 2&
351 628 523 674 Albani
545 629 723 690 populi,
746 627 874 674 velut
895 628 1063 676 eisdem
1080 627 1319 675 montibus
1344 626 1505 674 insufi.
1594 629 1664 674 Ex
1687 626 1757 672 his
1778 626 1947 689 opinor

170 709 264 738 non
287 692 539 739 abhorret
519 710 546 738 a
565 709 675 738 vero
708 693 884 738 Album
923 710 1014 740 non
1040 694 1189 747 unius,
1212 692 1303 738 sed
1310 693 1558 739 multarum
1580 692 1789 756 gentium
1811 691 1945 739 fuiffe

170 757 467 809 vocabulum,
491 774 687 819 cumque
702 758 922 803 omnibus
945 774 1094 822 quos
1082 757 1320 804 nominavi
1340 756 1454 802 locis
1477 757 1673 811 altitudo
1697 758 1943 819 perpetuo,

171 827 213 868 δε
235 817 481 868 immutabi
484 822 587 867 litei
607 821 828 868 albescere
849 820 929 868 vix
951 819 1106 886 paucis
1145 821 1391 875 mensibus,
1423 836 1507 868 nec
1529 820 1745 869 omnibus
1769 822 1946 884 semper

168 885 364 933 accidat.
430 887 621 932 Faciunt
646 887 702 932 ad
723 887 840 932 hanc
862 902 1048 948 quoque
1070 886 1378 946 conjefturam
1402 891 1442 932 δε
1463 884 1559 948 ipsa
1581 885 1849 962 Gigantum
1864 885 1945 933 Li-

169 967 337 1013 gurum
358 950 546 996 nomina
567 951 759 1004 Albion,
786 958 825 996 δε
849 950 1047 1013 Bergion
1071 963 1299 1011 utrunque
1319 954 1391 1010 (ut
1413 949 1597 1011 opinor)
1627 967 1653 994 a
1675 949 1950 1021 proceritate

153 1015 377 1081 *corporis
399 1016 696 1076 impolitum:
732 1031 786 1059 ac
809 1015 864 1059 de
886 1015 1012 1060 Albo
1039 1015 1134 1086 jam
1157 1013 1270 1075 quid
1295 1026 1469 1058 veteres
1493 1012 1707 1060 senserint
1724 1012 1945 1061 diximus.

171 1079 244 1125 G
242 1085 418 1126 rman‘is
436 1082 545 1126 vero
562 1081 678 1142 Berg
697 1096 780 1150 pro
798 1080 892 1124 alto
910 1079 1002 1125 dici
1020 1078 1173 1125 notius
1192 1079 1269 1133 est,
1287 1094 1427 1150 quam
1447 1090 1495 1124 ut
1513 1077 1722 1139 pluribus
1742 1078 1949 1125 indican-

168 1144 282 1190 dum
313 1145 380 1190 fit.
448 1146 506 1190 Et
528 1144 682 1190 Gallis
719 1142 830 1189 olim
855 1144 1018 1189 eodem
1054 1142 1292 1190 intellectu
1315 1140 1491 1189 dictum
1512 1141 1640 1188 fuisse
1662 1142 1856 1190 ostendit
1875 1144 1945 1191 lo-

168 1224 249 1255 cus
269 1207 406 1255 Plinii
425 1209 546 1255 libro
566 1208 717 1262 tertio,
733 1224 871 1270 quem
893 1206 959 1254 ita
976 1208 1224 1280 legendum
1243 1208 1488 1254 contendo.
1557 1215 1591 1235 “
1615 1206 1757 1255 Unde
1771 1208 1947 1271 Bergo-

170 1282 207 1302 “
234 1291 303 1319 ma
296 1288 374 1320 tes
400 1274 517 1320 Cato
538 1273 582 1319 di
574 1272 658 1319 ·>;Ξ1
678 1286 820 1329 01105,
835 1272 983 1320 etiarn
1007 1271 1192 1320 nomine
1213 1273 1460 1335 prodentes
1479 1271 1521 1317 se
1537 1270 1690 1329 altius,
1715 1289 1856 1337 quam
1879 1272 1946 1319 le·-

86 1361 94 1363 -
159 1346 206 1367 ⁴‘
229 1337 362 1385 licius
381 1338 536 1384 sitosss’

234 1405 366 1450 XVI
397 1402 573 1449 Albion
594 1403 755 1476 igitur,
772 1408 820 1450 δε
841 1401 1039 1465 Bergion
1063 1401 1290 1457 homines,
1317 1415 1367 1450 ut
1399 1400 1600 1458 videtur,
1631 1401 1806 1456 ςκῐετίὶῑ
1828 1399 1945 1447 vici-

169 1468 249 1515 11Ξ5
262 1484 505 1540 corporum
528 1468 802 1532 proceritate
824 1464 1100 1532 praestantes,
1126 1474 1166 1514 δι
1190 1468 1358 1515 fiducia
1377 1467 1546 1515 virium
1569 1468 1617 1514 in
1640 1483 1693 1513 ea
1715 1457 1946 1530 Ligurum

166 1549 249 1579 ora
269 1532 562 1580 latrocinium
586 1546 882 1580 exercentes.
908 1548 1023 1595 quos
1047 1533 1288 1580 Hercules
1297 1549 1402 1580 cum
1426 1531 1566 1580 illac
1555 1545 1641 1579 iter
1650 1528 1853 1578 haberet
1875 1548 1946 1577 ar-

166 1598 256 1645 :mis
273 1597 571 1659 compescuit.
638 1600 689 1644 In
711 1597 948 1645 Britannia
969 1608 1120 1643 autem
1141 1598 1340 1661 regnasse
1363 1613 1500 1663 nemo
1517 1609 1724 1644 veterum
1747 1611 1823 1642 eos
1835 1612 1946 1658 pro-

168 1663 258 1717 dit,
284 1668 323 1709 δι
346 1679 442 1708 rem
464 1661 655 1709 omnino
673 1662 928 1709 diffimilem
950 1660 1048 1707 veri
1071 1661 1182 1709 facit
1203 1679 1372 1718 rerum,
1395 1661 1475 1724 qui
1491 1675 1597 1709 tum
1619 1673 1713 1708 erat
1738 1660 1949 1707 Gallica-

168 1744 271 1773 rum
295 1728 444 1774 status.
466 1781 471 1788 ο
497 1729 602 1775 Nec
622 1726 879 1774 verisimile
888 1725 1205 1773 B1irannicun1
1228 1726 1376 1774 multo
1400 1727 1527 1773 fuisse
1550 1725 1945 1788 tranquilliorem:

161 1807 263 1854 qua
284 1792 329 1838 in
354 1805 471 1839 terra
492 1810 687 1857 regnum
710 1792 964 1839 maximum
987 1807 1181 1855 magnus
1203 1791 1283 1839 ille
1306 1792 1483 1839 Albion
1510 1791 1731 1865 reliquit,
1745 1802 1795 1837 ut
1817 1788 1946 1837 domi

168 1855 532 1904 latrocimi-,etur
600 1859 701 1903 Nos
723 1859 834 1904 vero
857 1857 935 1902 etfi
974 1872 1064 1903 non
1100 1857 1300 1903 multum
1333 1857 1390 1902 ab
1412 1873 1573 1903 eorum
1602 1854 1825 1918 opinione
1859 1855 1949 1901 dis-

150 1921 396 1977 cedimus,
419 1922 500 1985 qui
521 1923 770 1969 Albionem
784 1922 849 1968 ab
875 1921 997 1968 Albo
1019 1921 1188 1968 dietam
1212 1920 1340 1968 fuiffe
1357 1920 1679 1993 scripserunt,
1666 1932 1733 1967 ita
1754 1936 1847 1968 non
1863 1934 1948 1965 co-

168 1985 334 2042 lorem,
358 1987 432 2033 sed
457 1986 750 2034 altitudinem
774 1984 1001 2055 montium
1025 1986 1309 2033 occasionem
1342 1984 1523 2033 nomini
1543 1976 1829 2048 imponendo
1867 1984 1949 2030 de-

169 2050 279 2096 diste
297 2051 586 2098 arbitramur.
644 2052 746 2124 Qi
768 2067 921 2098 autem
943 2051 1033 2098 hoc
1055 2067 1223 2098 nomen
1241 2051 1573 2123 imposuerunt,
1598 2063 1712 2112 puto
1736 2064 1821 2094 nor·
1830 2047 1950 2095 nihil

168 2114 389 2178 impulsos
412 2116 754 2180 comparatione
769 2115 954 2180 Angliae
977 2131 1082 2162 cum
1108 2114 1385 2169 Hibernia,
1373 2129 1493 2161 inter
1511 2131 1623 2177 quas
1643 2115 1844 2176 angusto
1850 2129 1951 2160 ma-

169 2179 211 2226 ri
234 2181 489 2243 navigatur.
552 2182 682 2227 Nam
717 2198 822 2228 cum
846 2182 1038 2228 alterum
1071 2180 1180 2227 litus
1207 2192 1355 2226 totum
1386 2179 1432 2225 in
1458 2191 1665 2225 montes
1678 2176 1951 2241 consurgere

167 2245 398 2300 viderent,
421 2247 617 2293 alterum
635 2247 906 2309 depressum,
932 2250 971 2292 δι
991 2245 1201 2292 humile
1189 2262 1237 2292 m
1261 2260 1447 2307 campos
1483 2245 1680 2306 aequales
1707 2241 1949 2303 explicari,

168 2307 300 2355 illam
323 2311 380 2356 ab
402 2310 646 2357 altitudine
669 2311 918 2357 Albionem
941 2309 1192 2357 dixerunt:
1227 2309 1337 2355 huic
1358 2322 1512 2354 autem
1534 2307 1592 2354 ab
1609 2306 1871 2353 humilitate
1891 2323 1950 2354 an

156 2390 340 2421 ·nomen
376 2373 564 2438 aliquod
595 2375 824 2430 dederint,
861 2373 1018 2437 longiii
1010 2373 1174 2436 iquitas
1199 2373 1436 2436 temporis,
1458 2378 1498 2418 δε
1522 2371 1776 2418 incolarum
1799 2371 1949 2435 negli-

155 2438 328 2501 :gentia
344 2438 391 2485 in
412 2438 636 2486 memoria
658 2457 809 2486 rerum
829 2452 948 2484 vctu
945 2440 1021 2484 'la1
1027 2456 1104 2485 um
1127 2439 1367 2510 prodenda
1384 2435 1526 2482 fecit
1514 2413 1952 2482 1ncertum.H⁰uic

162 2512 391 2565 *praeterea
422 2521 536 2550 meae
569 2505 802 2551 sententiae
835 2503 973 2550 etiam
996 2503 1115 2550 illud
1137 2501 1371 2566 suffragari
1392 2501 1594 2555 videtur,
1620 2500 1748 2562 quod
1768 2517 1949 2548 nomen

169 2569 288 2613 istud
319 2567 475 2614 insulae
501 2568 558 2615 ab
582 2569 687 2622 albo
711 2568 917 2620 (Ξυξὶυπι,
940 2568 1030 2615 five
1063 2568 1256 2622 Albion,
1303 2567 1392 2613 five
1413 2566 1608 2612 Albium
1642 2565 1712 2619 fit,
1732 2564 1951 2612 adhuein

157 2657 199 2681 ,ι
172 2631 354 2686 qcotia,
354 2635 497 2680 velut
534 2633 676 2680 natali
698 2633 791 2680 solo
816 2633 1112 2699 pertinaciter
1132 2632 1310 2679 haeret:
1345 2635 1505 2697 neque
1526 2630 1661 2677 inter
1667 2642 1738 2676 tot
1759 2630 1949 2677 mutati-

167 2713 278 2743 ones
303 2696 630 2753 habitatorum,
660 2715 927 2771 regnorum,
955 2696 1237 2760 linguarum,
1260 2694 1543 2758 aliarumque
1561 2711 1710 2742 rerum
1735 2692 1949 2741 viciffitu-

169 2760 301 2806 dines
326 2775 530 2824 unquam
547 2762 767 2825 extirpari
788 2762 960 2825 potuit.
1025 2749 1147 2809 Haec
1181 2733 1259 2808 et’fi
1290 2760 1422 2808 nobis
1461 2774 1539 2806 aut
1571 2777 1694 2813 vera,
1718 2769 1798 2804 aut
1829 2758 1953 2805 veris

165 2825 381 2887 proxima
400 2827 634 2883 videntur,
658 2840 812 2874 tamen
845 2828 874 2874 fi
907 2826 1009 2889 quis
1032 2827 1190 2902 afferet
1212 2825 1404 2872 meliora
1425 2823 1592 2872 facile
1581 2842 1628 2871 in
1651 2822 1748 2884 ejus
1763 2822 1950 2871 senten-

157 2888 281 2936 ⁴-tiam
303 2891 608 2938 transibimus.

232 2955 391 3001 XVII.
425 2957 660 3003 Haecenus
682 2957 740 3004 de
760 2956 942 3004 vetustis
971 2955 1128 3003 insulae
1146 2953 1413 3002 nominibus
1443 2971 1455 3000 τ
1480 2951 1752 3017 proximum
1771 2952 1857 3000 effe
1876 2950 1952 2999 vi-

154 3018 319 3073 detur,
346 3031 396 3066 ut
413 3032 635 3067 terrarum
657 3022 792 3068 fitum
804 3038 1110 3094 exequamur.
1147 3021 1219 3067 Ac
1244 3019 1314 3082 (3)
1340 3017 1482 3082 Angli
1504 3019 1696 3080 quidem
1714 3016 1953 3064 domestici

165 3081 406 3145 scriptores
429 3084 530 3131 satis
556 3085 737 3140 diserte,
768 3099 907 3148 atque
929 3084 1156 3148 explicat-e
1191 3084 1388 3156 singulas
1413 3083 1623 3146 regiones
1646 3079 1952 3129 tradiderunt.

156 3147 347 3193 ›Hefior
378 3161 529 3195 autem
565 3150 784 3196 Boethius
817 3150 864 3196 in
890 3151 1057 3198 Scotiae
1087 3147 1391 3219 descriptione
1412 3147 1626 3209 quaedam
1647 3161 1813 3218 parum
1843 3146 1953 3193 vere

153 3210 390 3272 prodidit,
416 3217 463 3262 ὃ(
487 3213 634 3260 alios
622 3231 669 3259 1n
693 3231 891 3261 errorem
911 3213 1113 3268 induxit,
1149 3214 1260 3259 dum
1283 3211 1395 3283 ipse,
1419 3210 1589 3274 quibus
1610 3226 1664 3257 ea
1680 3209 1954 3283 inquirendi

156 3275 297 3321 ·dedit
318 3277 577 3341 negotium,
614 3278 750 3326 nimis
773 3280 985 3326 credulus
1019 3295 1178 3325 eorum
1201 3275 1466 3328 sententiam
1492 3288 1663 3322 temere
1692 3274 1949 3343 vulgavit:

158 3354 376 3402 no<,quae
387 3355 623 3404 comperta
639 3357 775 3414 erunt
793 3343 926 3390 nobis
954 3342 1132 3397 leviter,
1148 3347 1190 3389 δε
1204 3340 1518 3404 perfunctorie
1535 3339 1832 3412 attingemus:
1848 3354 1952 3400 quae

154 3416 244 3450 aut
266 3405 473 3460 obscure,
490 3406 744 3455 autminus
766 3424 881 3456 vere
890 3407 1076 3470 prodita
1088 3406 1391 3460 videbuntur,
1403 3404 1567 3468 quoad
1571 3403 1830 3468 poterimus
1849 3417 1952 3449 cor-

219 3532 278 3583 (1)
308 3533 373 3570 Cr.
393 3536 599 3587 Japidibus.
1144 3535 1205 3588 (3)
1230 3535 1325 3575 MS.
1346 3533 1500 3584 Angliae

162 3628 165 3629 ⁷
218 3588 280 3636 (2)
311 3587 475 3627 Albium
490 3589 569 3630 scil.
