2025 3831
332 188 502 253 ΕΓΒ
534 206 628 250 εκ
706 165 1563 250 ΒΕΟΞΜῊεΊ-Εκτῑύε.
1693 201 1822 266 379

59 299 174 336 rent.
241 288 350 332 Erat
373 287 408 330 is
424 286 576 336 locus,
602 283 679 330 ubi
705 282 902 329 Zeviota
926 297 1054 328 mons
1077 278 1231 328 senfim
1253 277 1299 323 in
1323 277 1565 340 planiciem
1589 278 1631 324 se
1651 279 1826 328 demit-

56 354 133 408 tit,
152 351 358 397 modicus
389 347 597 410 quidem,
632 351 680 396 &
703 347 828 393 aditu
860 348 1048 408 angusto
1071 341 1473 391 leniter·.decl.ivis.
1540 344 1656 388 Eum
1681 346 1818 391 aeneis

55 414 278 464 machinis
303 413 428 458 velut
449 412 732 474 praevallant.
801 413 845 456 A
868 422 998 473 tergo
1021 421 1147 455 erant
1178 421 1373 459 montes,
1401 406 1426 452 a
1448 421 1643 469 quorum
1666 408 1817 455 radice

53 480 202 526 oriens
223 475 464 523 continens
488 477 617 538 palus
641 476 861 522 sinistrum
887 475 1002 521 latus
1029 473 1293 524 claudebat,
1312 471 1368 517 ad
1391 471 1627 517 dexterum
1650 469 1820 520 fluebat

57 543 209 589 Tillus
239 541 383 588 amnis
407 540 518 602 ripis
552 540 769 602 praealtis,
793 540 967 586 aditum
1002 554 1083 600 per
1105 549 1293 599 pontem
1322 551 1414 581 non
1439 534 1597 598 procul
1622 532 1647 578 a
1669 536 1817 582 castris

49 606 272 669 praebens.
344 605 485 668 Angli
515 621 620 651 cum
654 621 737 667 per
772 605 1079 665 exploratores
1109 600 1380 652 didicissent,
1403 601 1542 645 castra
1575 599 1818 646 Scotorum

51 671 139 717 fine
158 683 279 716 certa
301 669 504 731 pernicie
524 668 637 716 adiri
661 685 750 715 non
775 668 912 731 posse,
935 666 959 711 τὶ
981 666 1121 711 fluvio
1145 665 1230 711 iter
1252 674 1510 710 averterunt
1533 681 1547 709 t
1566 685 1580 690 r
1602 678 1654 708 ac
1675 662 1818 723 speci-

49 750 120 781 em
136 734 375 787 dederunt,
393 746 612 795 tanquam
631 733 753 778 hoste
770 731 928 777 omisso
942 729 1200 779 Bervicum‚
1217 741 1353 791 atque
1370 726 1477 773 inde
1499 728 1619 772 recia
1641 725 1688 772 in
1711 742 1818 788 pro·-

49 798 219 845 ximam
234 797 400 845 Scotiae
417 798 653 860 regionem
674 797 812 860 longe
833 793 1144 841 fertilissimam
1165 793 1421 845 tenderent,
1438 791 1656 851 majorem
1675 808 1816 853 quam

44 876 314 926 acceperant
342 862 520 909 cladem
550 861 752 908 relaturi.
820 859 973 907 Auxit*
1001 875 1100 905 eam
1130 856 1420 919 suspitionem
1454 873 1611 902 rumor
1643 856 1818 917 superi-

45 927 201 974 oribus
226 927 386 975 diebus
422 927 511 973 five
533 939 704 973 temere
721 924 908 987 sparsus,
941 924 1030 970 five
1052 923 1108 969 de
1130 921 1348 969 industria
1367 921 1425 967 ab
1457 920 1621 985 Anglis
1643 920 1815 966 confic-

46 1002 136 1044 tus,
176 1007 225 1039 ut
247 993 391 1038 hostes
412 1008 438 1038 e
461 992 576 1038 locis
605 989 908 1054 superioribus
937 987 984 1034 in
1009 989 1197 1051 planum
1232 985 1564 1049 protraherent.
1630 985 1686 1031 Id
1707 1001 1816 1033 vero
1857 1014 1859 1017 .

33 1056 206 1103 ·Scotus
232 1070 321 1104 non
345 1057 583 1102 ferendum
606 1068 746 1108 ratu3‚
780 1058 829 1102 δε
851 1053 945 1116 ipse
966 1052 1180 1099 incendio
1200 1052 1246 1098 in
1271 1052 1526 1105 stramenta,
1559 1049 1817 1113 casulasque

45 1122 253 1182 conjefito
272 1123 409 1168 castra
430 1133 586 1167 movet
618 1138 628 1166 :
653 1136 757 1182 quae
780 1135 849 1164 res
871 1119 1000 1164 fumo
1023 1118 1113 1164 late
1134 1116 1323 1162 fluvium
1348 1114 1585 1178 operiente
1605 1114 1818 1176 prospec-

47 1198 143 1232 tum
163 1186 227 1232 eis
244 1187 501 1249 Anglorum
526 1185 713 1231 ademit.
782 1185 853 1230 Ita
875 1181 1023 1229 Scotis
1041 1197 1123 1244 per
1143 1192 1297 1243 aperta
1318 1180 1422 1226 loca
1443 1180 1652 1243 proxime
1681 1179 1818 1227 fluvi„

46 1266 139 1304 um,
168 1251 331 1314 Anglis
363 1267 444 1312 per
464 1249 687 1312 asperiora
708 1247 990 1311 longiuscule
1012 1247 1069 1292 ab
1087 1261 1142 1292 eo
1160 1244 1436 1292 ducentibus
1458 1244 1516 1291 ad
1535 1244 1811 1291 Fluidonem

40 1315 205 1361 collem
223 1316 481 1378 praealtum,
497 1313 625 1361 alteri
644 1329 787 1376 prope
805 1314 862 1358 de
879 1309 1030 1357 alteris
1047 1309 1210 1356 incerti
1227 1321 1546 1373 pervenerunt.
1613 1308 1687 1355 Ibi
1707 1309 1813 1357 cum
1831 1351 1844 1356 ..

41 1378 136 1424 solo
169 1379 370 1442 aequiore
399 1380 495 1442 jam
531 1378 642 1426 sein
666 1377 908 1440 planiciem
933 1375 1194 1436 explicante
1229 1373 1394 1420 fluvius
1423 1391 1507 1437 per
1542 1388 1729 1434 pontem
1753 1374 1812 1420 ad

41 1443 290 1497 Tuifilum,
313 1450 353 1490 &
375 1447 545 1491 vadum
567 1443 621 1489 ad
643 1441 931 1488 Milfordiam
951 1439 1278 1486 transmeabilis
1300 1439 1422 1492 esset,
1438 1438 1591 1502 Angli
1610 1440 1812 1500 primum
1832 1471 1833 1474 =

40 1524 208 1571 agmen
234 1509 399 1570 jubent
433 1507 664 1555 machinas
694 1523 837 1552 aeneas
863 1522 943 1566 per
975 1517 1162 1567 pontem
1186 1504 1440 1558 traducere,
1473 1517 1658 1550 caeteros
1693 1503 1822 1550 vado·

38 1573 359 1628 transmittere,
398 1587 446 1620 ut
467 1572 564 1620 acie
585 1572 806 1618 'instrueta
835 1587 920 1634 pro
954 1568 1048 1615 loci
1069 1567 1413 1621 commoditate,
1451 1567 1579 1614 velut
1610 1567 1811 1614 reditum

40 1636 242 1683 hostibus
263 1638 521 1700 praeclusuri
544 1637 587 1683 se
604 1634 830 1696 objiciunt
851 1653 862 1681 :
885 1650 934 1681 ac
952 1633 1189 1696 superante
1209 1631 1523 1685 multitudine,
1549 1632 1675 1678 velut
1696 1633 1810 1678 duos

35 1702 261 1749 exercitus
280 1702 399 1750 inter
420 1701 697 1748 sediseretos
717 1700 782 1746 ita
803 1701 1073 1755 struxerunt,
1099 1711 1149 1745 ut
1165 1696 1338 1745 utravis
1361 1713 1466 1760 pars
1486 1699 1813 1761 propeScotoss

40 1782 141 1813 rum
167 1766 390 1813 universas
411 1766 564 1829 copias
588 1777 834 1826 aequarent.

33 1857 37 1861 -
98 1832 374 1878 XXXVIII.
409 1833 461 1878 In
477 1831 635 1898 primo
652 1829 853 1876 exercitu
867 1828 1065 1877 mediam
1081 1827 1224 1875 aciem
1241 1826 1440 1875 ducebat
1453 1826 1664 1874 Thomas
1681 1828 1812 1876 Hau-

35 1907 155 1943 artus
175 1897 238 1942 rei
254 1895 496 1943 maritimae
514 1895 772 1959 praefeRnS,
807 1894 888 1956 qui
901 1892 1057 1957 paucis
1071 1907 1176 1940 ante
1196 1893 1359 1941 diebus
1375 1906 1480 1938 cum
1514 1889 1736 1940 cl'affiariis
1755 1891 1818 1937 ad

37 1977 211 2025 patrem
238 1970 495 2007 adver-serat.
566 1961 822 2007 Dexterum
845 1975 986 2006 cornu
1009 1959 1281 2005 Edmundus
1301 1958 1553 2011 Hauartus,
1589 1956 1810 2004 sinistrum

37 2026 366 2073 Marmaducus
380 2025 667 2072 Consta'olius
687 2028 868 2088 agebat.
894 2023 1065 2071 Caeteri
1089 2024 1184 2085 post
1205 2022 1428 2069 eosvelut
1448 2021 1495 2067 in
1518 2020 1721 2069 subsidiis
1741 2024 1811 2069 lo-

35 2091 145 2145 cati,
175 2109 212 2135 c
238 2090 320 2152 ipsi
340 2091 568 2153 tripartito
597 2087 800 2136 instructi
824 2091 1054 2136 steterunt.
1124 2089 1302 2135 Dextro
1322 2085 1483 2133 cornui
1511 2087 1728 2143 Dacrius,
1754 2087 1810 2134 fi-

34 2154 173 2202 nistro
195 2156 435 2202 Eduardus
454 2155 693 2209 Stanlaeus,
719 2153 883 2201 mediae
905 2153 1019 2200 aciei
1042 2153 1207 2200 Surriae
1230 2154 1400 2199 Comes
1420 2151 1627 2198 omnium
1651 2151 1813 2215 copia,

34 2236 138 2266 rum
163 2220 258 2266 dux
279 2231 484 2282 praeerat.
554 2219 679 2265 Scoti
701 2235 806 2265 cum
824 2218 874 2264 in
897 2219 1090 2265 totidem
1113 2229 1263 2280 partes
1286 2216 1386 2263 suos
1409 2215 1612 2263 dividere
1634 2219 1696 2262 ob
1720 2216 1813 2262 mi·-

30 2285 169 2331 litum
192 2284 468 2346 paucitatem
491 2300 581 2330 non
602 2284 793 2346 posteat,
818 2281 899 2328 nisi
917 2282 1114 2329 frontem
1136 2294 1450 2340 extenuamur,
1471 2294 1668 2343 quatuo-r
1687 2282 1811 2328 acies
1835 2313 1838 2319 ¹

33 2348 239 2396 adversas
261 2349 446 2395 modico
463 2348 706 2407 intervallo
724 2348 935 2395 distantes
958 2347 1228 2401 struxerunt,
1242 2364 1267 2392 e
1288 2345 1456 2409 quibus
1472 2357 1560 2391 t-es
1582 2362 1686 2392 cum
1707 2348 1811 2394 An·

34 2413 126 2477 glis
149 2429 206 2459 ex
226 2413 412 2460 adverso
434 2413 650 2461 stantibus
672 2425 1011 2467 concurrerent,
1031 2424 1193 2475 quarta
1212 2411 1262 2457 in
1282 2408 1489 2457 subsidiis
1511 2411 1632 2458 esset.
1702 2412 1810 2458 Me·

28 2477 158 2525 rdiam
181 2478 325 2525 aciem
349 2479 452 2524 Rex
469 2477 681 2525 ducebat.
719 2478 772 2524 In
795 2478 984 2525 dextero
1005 2493 1147 2523 cornu
1165 2474 1425 2538 imperabat
1449 2478 1465 2537 (
1484 2476 1523 2535 1)
1547 2476 1812 2525 Alexander

36 2542 323 2597 Gordonius,
340 2543 417 2590 cui
433 2543 694 2590 Alexander
709 2543 933 2597 Homine,
954 2548 993 2588 δε
1014 2540 1236 2588 Martiani
1258 2541 1361 2587 sunt
1381 2539 1606 2586 attributi.
1639 2542 1693 2586 In
1717 2552 1808 2587 ter-

35 2606 101 2654 tia
119 2620 343 2669 praeerant
365 2608 613 2654 Matthaeus
639 2609 843 2654 Stuartus
880 2607 1084 2653 Leviniae
1107 2606 1296 2659 Comes,
1311 2607 1360 2653 &
1385 2604 1644 2667 Gilespicus
1665 2607 1806 2652 Cam·

34 2671 181 2719 bellus
203 2672 503 2736 Argatheliae,
531 2673 604 2734 (z)
631 2673 836 2718 Adamus
868 2672 1118 2719 Heburnus
1139 2685 1248 2717 cunr
1276 2668 1566 2733 propinquis,
1607 2676 1647 2717 &
1671 2683 1811 2717 caete-

33 2752 83 2785 ra
99 2736 327 2784 Lothiana
348 2737 587 2784 nobilitate
608 2737 656 2783 in
680 2735 883 2782 subsidiis
904 2750 1015 2782 erat„
1078 2734 1313 2782 Gordonii
1334 2734 1452 2780 acies
1476 2734 1566 2781 acri
1590 2751 1748 2796 pugna
1767 2735 1807 2782 i·

34 2800 130 2849 nita
151 2801 278 2849 brevi
301 2800 566 2864 profligavit
587 2801 803 2848 sinistrum
821 2801 1081 2865 Anglorum
1101 2815 1258 2849 cornu.
1329 2800 1419 2846 Sed
1437 2815 1463 2845 a
1484 2797 1809 2862 persequendis

33 2864 316 2929 fugientibus
353 2866 525 2913 reversa
561 2864 759 2929 reliquas
791 2866 973 2911 suorum
1008 2864 1125 2911 acies
1162 2880 1280 2927 pene
1311 2862 1576 2926 profligatas
1614 2864 1825 2927 reperit-*-

33 2929 158 2977 Nam
180 2932 373 2990 alterum
395 2945 553 2984 cornu,
574 2929 624 2978 in
644 2946 738 2993 quo
755 2929 1054 2984 Levinius,&
1078 2928 1373 2993 Argathelius
1391 2940 1488 2975 erat
1510 2927 1817 2976 suorumvsuc-

31 2994 152 3041 cessa
181 2995 422 3041 alacriores
456 2995 565 3042 faeti
594 2993 752 3041 solutis
787 2994 1029 3042 ordinibus
1058 3005 1227 3041 temere
1247 2992 1296 3040 in
1321 2993 1494 3039 hostem
1523 2992 1808 3044 ferebantur,

31 3056 171 3122 fignis
192 3074 220 3103 a
238 3069 368 3120 tergo
389 3059 572 3114 reliftis,
612 3060 812 3106 multum
841 3060 1038 3107 Lamota
1057 3058 1212 3122 legato
1242 3057 1387 3105 Gallo
1415 3057 1711 3113 reclamante,
1736 3074 1807 3105 -ac

34 3120 292 3186 praecipites
313 3122 361 3168 in
383 3122 506 3170 suam
534 3123 784 3186 perniciem
813 3122 1031 3171 remorari
1051 3135 1234 3171 conato.
1302 3123 1374 3170 Hi
1395 3138 1487 3168 non
1510 3122 1650 3169 modo
1669 3123 1728 3170 ab
1745 3138 1813 3171 ex>

32 3185 218 3259 adverso
239 3186 411 3232 struffis
431 3186 631 3248 excepti,
654 3187 728 3234 sed
758 3189 818 3235 ab
838 3187 927 3235 alia
960 3203 1149 3251 quoque
1180 3187 1447 3252 Anglorum
1463 3203 1600 3235 manu
1623 3204 1651 3234 a
1671 3199 1812 3251 tergo

34 3249 352 3305 circumventi,
376 3266 492 3312 pene
513 3266 671 3297 omnes
692 3252 932 3300 occidione
953 3252 1085 3298 occisi
1110 3251 1254 3299 fuere.
1315 3251 1640 3314 AciessRegia,
1665 3264 1813 3313 atque>

33 3311 286 3362 Habui-nus
305 3330 410 3361 cum
433 3314 673 3361 Lothianis
694 3316 1041 3377 pertinacissime
1057 3327 1413 3381 pugnaveruutx·
1432 3362 1437 3366 ,
1463 3316 1697 3378 Utrinque
1715 3331 1811 3361 caea-

0 3415 1 3418 ¹
33 3376 111 3426 des
131 3377 294 3442 ingens
316 3378 456 3433 edita,
479 3378 630 3425 donec
648 3378 762 3426 festis
780 3381 977 3444 utrisque
998 3394 1226 3428 certamen
1246 3380 1298 3428 in·
1317 3382 1500 3428 nostem
1523 3381 1803 3443 protractum

0 3448 1 3484 i
34 3441 110 3489 est.
177 3442 401 3492 Cecidere
420 3459 478 3490 ex
499 3442 596 3490 acie
616 3443 768 3508 Regia
790 3444 879 3493 viri
897 3446 1089 3495 illustres
1112 3446 1389 3510 complures.
1434 3444 1530 3510 Qi
1558 3459 1814 3497 numerum

0 3540 1 3610 l
89 3558 152 3609 (1)
180 3562 268 3606 The
297 3564 371 3604 earl
391 3563 436 3605 of
458 3563 621 3615 Huntly,
638 3564 710 3603 and
728 3560 795 3603 the
812 3564 892 3604 lord
958 3602 959 3605 ,
1000 3564 1062 3613 (2)
1091 3566 1178 3604 Earl
1208 3565 1255 3604 of
1277 3564 1482 3609 Bothwell‚
1503 3563 1631 3603 second
1659 3563 1705 3602 of
1719 3562 1805 3603 that

0 3615 2 3695 ἰ
25 3608 184 3658 nume,
200 3625 226 3635 ‘⁴
284 3648 289 3651 t
945 3616 1117 3667 firname,
1136 3617 1255 3660 son-to
1272 3619 1350 3661 earl
1367 3615 1535 3658 Patrick.

0 3704 2 3727 '
139 3743 143 3747 ·
749 3704 1045 3760 ·Bbb2
1692 3700 1817 3756 παῦ’
