2016 3801
1747 82 1802 98 ⁴2«-

125 146 214 206 30
430 125 1070 214 DEJURE
1161 129 1653 196 REGNJ

121 222 359 269 commodi
383 223 448 270 sui
482 228 722 290 negligens
748 239 796 273 ut
819 228 1159 290 contempserit,
1204 245 1354 277 nonne
1382 230 1547 278 merito
1572 231 1660 276 suae
1699 229 1898 281 stultitiae

123 303 287 349 poenas
310 289 406 334 luet
429 291 446 334 ἓ
482 291 540 337 B.
572 291 681 338 Non
704 294 765 337 est
789 291 1027 339 verisimile
1051 291 1227 354 aliquid
1245 293 1426 340 istorum
1451 296 1621 341 factum
1644 295 1728 343 effe
1750 314 1764 350 3
1788 311 1897 342 cum.

130 352 271 412 usqu-e
295 354 349 397 ad
377 355 566 401 nostram
593 358 784 401 aestatern
815 364 973 402 contra
994 357 1278 402 observatum
1304 358 1431 404 fuisse
1452 359 1703 406 videamus.
1773 360 1899 406 Nam

127 428 433 478 praeterquam
454 420 579 480 quod
601 419 708 465 mali
728 420 878 482 Reges
897 421 1075 483 quoties
1095 422 1388 483 tyrannidem
1402 422 1451 468 in
1469 423 1589 470 cives
1612 422 1761 470 moliti
1779 423 1899 478 sunt,

124 478 306 541 semper
330 483 514 529 coerciti
540 484 724 538 fuerint,
755 485 894 531 etiam
917 486 963 531 in
988 484 1188 547 antiquis
1211 484 1399 532 familiis
1420 488 1579 534 vetusti
1602 488 1740 534 moris
1776 503 1905 548 quae-

127 542 234 589 dam
261 544 448 609 vestigia
486 547 635 593 adhuc
658 564 908 595 remanent.
978 550 1104 595 Scoti
1128 549 1250 595 enim
1288 550 1421 613 prisci
1442 552 1499 597 ad
1539 552 1731 599 nostram
1765 551 1911 612 usque-

127 620 307 654 aetatem
332 608 432 657 suos
460 612 638 673 eligunt
664 611 975 673 PhylarchoS,
1000 616 1047 661 ἃ
1067 613 1221 660 electis
1244 614 1481 662 consilium
1503 615 1729 663 seniorum
1754 615 1906 677 >adhi-

126 669 242 718 bent
266 691 276 719 ε
303 674 377 720 cui.
399 675 586 721 confilio
608 675 688 738 qui
712 693 801 722 non
828 690 1004 738 parent,
1028 677 1202 724 honore
1225 679 1475 740 privantur.
1544 679 1834 742 Qidjgitur
1854 680 1903 726 in

124 737 334 798 partibus
358 739 507 784 adhuc
532 741 704 786 summa
728 740 968 804 diligentia
994 741 1204 798 servatur,
1229 743 1275 800 in
1300 743 1506 790 omnium
1531 744 1671 790 salute
1694 744 1905 807 neglige*

124 813 229 846 rent
254 805 271 847 ?
305 809 345 847 δε
367 802 447 864 qui
470 803 517 848 in
542 803 751 851 beneficii
775 805 878 851 loco
897 806 1134 852 habiturus
1156 819 1254 854 erat
1275 824 1467 871 regnum
1486 807 1766 871 legitimum,
1790 807 1836 854 ei
1860 807 1903 854 se

124 862 286 925 sponte
309 866 356 912 in
395 866 654 914 servitutem
678 869 945 916 traderent?
980 877 1013 917 8.·
1042 870 1300 918 libertatem
1341 871 1511 918 virtute
1529 883 1727 936 partam,
1769 873 1906 918 armis

125 929 378 984 defensam,
421 943 489 976 tot
511 931 669 979 seculis
697 950 787 979 non
812 934 1166 997 interpellatam,
1208 952 1309 982 eam
1335 936 1424 981 fine
1442 935 1504 988 vi,
1543 936 1632 982 fine
1655 935 1797 989 bello,
1821 952 1908 983 nec

126 994 389 1052 expecianti
412 997 724 1044 condonarent
746 1001 763 1044 ?
793 999 924 1045 Istam
949 999 1070 1045 enim
1095 1001 1358 1062 potestatem
1384 999 1589 1062 Regibus
1610 999 1767 1046 nostris
1789 1015 1908 1045 nun-

124 1073 266 1117 quam
291 1057 434 1110 fuisse,
472 1072 633 1120 praeter
655 1062 875 1123 supplicia
910 1064 1026 1114 male
1049 1064 1347 1111 administrati
1371 1064 1500 1127 regni
1523 1063 1658 1111 toties
1681 1063 1905 1125 expetita,

126 1121 317 1182 Joannis
358 1122 524 1171 Balioli
562 1127 796 1173 calamitas
830 1128 1024 1175 ostendit
1058 1147 1069 1174 ε
1102 1129 1183 1190 qui
1210 1129 1304 1176 fere
1339 1129 1550 1176 CCLX.
1585 1129 1754 1175 abhinc
1788 1144 1909 1174 anno

128 1201 158 1231 a
184 1187 425 1234 nobili—tate
448 1189 637 1249 reJectus
661 1193 738 1245 est,
754 1193 881 1254 quod
904 1192 945 1239 se
968 1209 1256 1256 regnumque
1276 1193 1404 1240 suum
1427 1192 1632 1240 Eduardi
1656 1192 1801 1251 Angli
1822 1192 1910 1238 im-

124 1252 258 1312 perio
296 1252 583 1312 subjecifl'et3
619 1254 761 1317 inque
783 1258 936 1303 locum
974 1258 1070 1319 ejus
1102 1257 1333 1305 Robertus
1371 1257 1544 1321 primus
1579 1259 1639 1304 est
1673 1257 1898 1303 suffectus,

121 1315 344 1363 ‘Ostendit
370 1317 419 1362 id
443 1318 582 1364 etiarn
608 1334 851 1381 perpetuus
874 1322 953 1368 ille
977 1339 1078 1368 mos
1100 1339 1128 1368 a
1149 1323 1309 1385 primis
1332 1325 1466 1387 usque
1489 1321 1773 1385 temporibus
1799 1336 1912 1369 con-

124 1377 351 1426 tinuatus.
418 1383 489 1429 M.
523 1384 673 1443 Qem
701 1398 748 1430 tu
773 1402 947 1432 morem
971 1386 1123 1433 dicis?

193 1445 349 1492 LVII.
388 1450 442 1493 B.
476 1448 627 1510 Reges
650 1449 786 1496 nostri
808 1466 911 1498 cum
937 1452 1122 1513 publice
1143 1451 1492 1515 inaugurantur,
1529 1451 1703 1515 populo
1727 1449 1912 1497 univer-

125 1507 175 1554 so
198 1508 656 1572 sancte'pr'omittunt,
676 1511 716 1560 se
741 1515 864 1577 leges
889 1522 927 1562 ἃς
952 1516 1175 1577 majorum
1200 1517 1312 1563 ritus
1334 1528 1578 1578 veteraque
1599 1516 1800 1562 instituta
1822 1515 1918 1561 ser·-

124 1585 311 1620 vaturos
338 1592 348 1620 :
374 1589 521 1638 eoque
537 1577 640 1637 jure
663 1581 787 1640 quod
811 1596 837 1624 a
859 1580 1109 1641 majoribus
1132 1594 1424 1644 acceperunt,
1452 1581 1621 1627 usuros.
1690 1579 1926 1644 Ostendit,

125 1651 252 1685 ‘totus
275 1639 354 1685 ille
389 1640 742 1688 cerimoniarum
765 1645 895 1699 ordo,
937 1644 1165 1707 primique
1202 1647 1383 1708 Regum
1409 1645 1628 1692 adventus
1661 1643 1709 1691 in
1734 1644 1911 1708 singula

123 1702 317 1764 oppida.
383 1705 422 1753 E
445 1705 613 1766 quibus
635 1707 848 1754 omnibus
887 1708 1020 1755 facile
1044 1708 1240 1773 intelligi
1267 1711 1425 1771 potest,
1465 1710 1698 1772 qualemn
1720 1709 1907 1769 majori-

122 1765 210 1813 bus
233 1769 493 1831 acceperint
530 1772 793 1832 potestatem
818 1791 830 1820 z
872 1789 962 1820 non
987 1773 1122 1820 aliam
1148 1774 1381 1830 videlicet,
1415 1789 1553 1837 quarn
1581 1773 1662 1836 qui
1684 1772 1909 1836 iuffragiis

124 1831 261 1878 electi
283 1833 329 1879 in
353 1835 476 1896 leges
493 1836 664 1896 jurant.
736 1838 870 1885 Hanc
893 1837 1116 1901 regnandi
1156 1838 1471 1885 conditionem
1495 1839 1669 1885 Davidi
1691 1841 1739 1888 δί
1762 1840 1912 1901 poste-

122 1896 188 1942 :ris
212 1896 306 1956 ejus
349 1897 476 1946 Deus
502 1900 772 1963 proposuit;
808 1903 984 1949 tamdiu
1005 1920 1083 1950 eos
1109 1916 1375 1966 regnaturos
1397 1902 1643 1964 promittit,
1683 1902 1908 1966 quamdiu

118 1959 199 2007 'illi
222 1962 404 2025 legibus
431 1965 487 2009 ab
511 1980 566 2010 eo
587 1965 705 2012 datis
735 1980 964 2029 parerent.
1032 1969 1153 2014 Haec
1176 1967 1366 2030 quidem
1389 1967 1581 2022 faciunt,
1603 1978 1652 2013 ut
1672 1967 1915 2013 verisimile

127 2025 185 2071 fit
222 2043 313 2073 non
340 2028 623 2084 immensam,
667 2031 740 2077 sed
764 2031 883 2079 intra
921 2044 1067 2081 certos
1090 2033 1308 2080 terminos
1346 2032 1630 2079 constrictam
1654 2037 1695 2078 ει
1717 2031 1911 2086 finitam,

121 2093 394 2151 potestatem
430 2094 581 2156 Reges
607 2095 775 2142 nostros
815 2114 841 2143 a
867 2098 1113 2159 majoribus
1156 2096 1388 2159 accepisse.
1459 2097 1653 2143 Acceffit
1692 2108 1912 2157 praeterea

121 2154 257 2217 longi
278 2157 497 2219 tempori}
517 2159 822 2215 confirmati0‚
840 2168 880 2208 &
903 2162 1114 2224 perpetui
1132 2161 1247 2223 juris
1267 2178 1293 2207 a
1315 2160 1490 2224 populo
1520 2160 1766 2222 usurpatio,
1784 2161 1915 2207 nullo

125 2235 331 2281 unquam
368 2221 553 2269 decreto
577 2225 767 2286 publico
810 2226 1092 2288 reprehensa.
1167 2234 1229 2274 M.
1265 2226 1356 2273 Sed
1377 2241 1534 2272 vereor
1575 2238 1625 2271 ut
1654 2241 1681 2271 a
1707 2224 1914 2287 Regibus

128 2284 268 2329 facile
307 2287 435 2348 poffit
470 2287 726 2350 impetrari,
770 2302 820 2337 ut
852 2291 932 2339 ista
956 2289 1355 2338 verisimilitudine
1383 2288 1570 2337 abducti
1605 2288 1653 2336 in
1679 2289 1759 2335 has
1787 2291 1914 2353 leges

128 2362 368 2413 utcunque
385 2352 557 2411 juratas
583 2365 662 2399 aut
680 2371 705 2399 a
731 2355 915 2418 populis
939 2355 1170 2418 usurpatas
1193 2355 1463 2402 concedant.
1508 2357 1566 2402 B.
1598 2355 1701 2418 Ego
1725 2369 1914 2417 quoque

133 2415 277 2459 credo
305 2432 396 2460 non
422 2417 572 2463 minus
596 2419 680 2464 effe
705 2419 891 2466 difficile
914 2433 961 2467 ut
983 2421 1158 2483 populo
1183 2419 1543 2483 persuadeamus,
1562 2432 1628 2473 ut,
1645 2419 1747 2480 jure
1770 2434 1796 2464 a
1817 2434 1914 2464 ma-

126 2477 307 2538 joribus
331 2494 537 2541 accepto,
558 2496 628 2528 tot
649 2483 903 2531 seculorum
929 2485 1006 2531 usu
1026 2485 1238 2546 probam,
1262 2501 1353 2531 uno
1372 2484 1594 2548 perpetu‘o
1613 2494 1770 2529 tenore
1790 2482 1914 2529 usur-

125 2556 261 2604 pato,
284 2543 490 2592 decedat.
559 2547 729 2611 Neque
752 2563 868 2612 puto
889 2551 1058 2596 neceffe
1082 2548 1356 2612 conjecturis
1380 2547 1584 2612 persequi
1605 2546 1719 2610 quid
1741 2547 1794 2593 fit
1816 2545 1913 2594 fac-

111 2608 282 2662 4τυτω,
316 2624 419 2655 curn
448 2610 627 2658 videam
665 2612 781 2675 quid
803 2613 979 2661 fecerit.
1048 2613 1176 2676 Quid
1200 2614 1251 2672 sr
1272 2613 1501 2678 utriusque
1522 2611 1751 2658 obstinata
1773 2611 1916 2672 perti-

111 2671 258 2718 ‘nacia
280 2690 347 2719 res
372 2675 429 2721 ad
454 2690 580 2722 arma
601 2677 771 2737 veniat,
812 2678 959 2725 victor
979 2678 1169 2742 quidem
1194 2678 1322 2742 quod
1346 2679 1472 2725 volet
1503 2677 1576 2740 jus
1598 2676 1721 2723 viCto
1742 2674 1872 2722 dabit
1908 2695 1924 2732 ;

128 2735 204 2782 sed
232 2738 409 2785 tamdiu
428 2739 573 2794 dabit,
598 2742 746 2788 donec
769 2742 914 2804 quiin
935 2743 1183 2790 certamine
1205 2743 1291 2790 erit
1311 2742 1518 2797 inferior,
1549 2755 1676 2788 arma
1697 2739 1919 2804 recollecae

110 2806 189 2846 ‘tis
214 2801 386 2848 viribus
421 2805 616 2852 resumet
650 2824 660 2853 :
697 2808 863 2868 quibus
887 2807 934 2856 in
971 2807 1343 2856 contentionibus
1377 2822 1484 2854 cum
1513 2805 1678 2870 populi
1709 2803 1914 2868 pernicie

128 2865 333 2926 semper„
369 2868 442 2914 sed
467 2884 568 2915 curn
609 2870 755 2918 exitio
779 2872 962 2935 Regum
999 2872 1094 2920 fere
1115 2871 1337 2919 decertari
1378 2871 1505 2919 solet.
1574 2872 1646 2917 Ex
1679 2868 1768 2916 hoc
1790 2867 1916 2916 enim

129 2929 262 2978 sinte
286 2943 445 2978 omnes
469 2932 678 2981 omnium
699 2952 943 2999 regnorum
965 2937 1177 2985 interitus
1197 2947 1486 3000 promanant.
1530 2940 1600 2985 M.
1626 2935 1696 2981 Ita
1718 2931 1816 2981 fieri
1837 2950 1918 2981 ne-

127 2995 241 3039 cesse
264 2996 340 3041 est.
410 2999 466 3044 B.
497 2999 618 3045 Haec
651 3016 741 3061 ego
763 3001 898 3047 altius
934 3001 1284 3064 fortaffe.quam
1317 3017 1434 3063 opus
1462 2999 1557 3047 erat
1590 2998 1784 3062 repetivi
1819 3015 1830 3044 ε
1867 3010 1918 3045 ut

125 3057 364 3120 perspicue
383 3059 661 3125 intelligeres
682 3077 811 3111 vetus
834 3066 1056 3128 regnandi
1075 3067 1195 3128 apud
1219 3081 1300 3111 nos
1317 3065 1392 3126 jus
1414 3065 1551 3126 quale
1573 3063 1727 3111 fuerit.
1786 3063 1913 3109 Nam

126 3123 161 3169 si
186 3121 362 3170 summo
379 3125 483 3185 jure
502 3137 650 3173 tecum
671 3128 1044 3191 egiffem,‚multo
1060 3129 1269 3176 breviore
1291 3128 1570 3192 compendio
1587 3143 1681 3192 quo
1698 3126 1911 3173 volebam

127 3189 370 3249 pervenire
397 3186 649 3250 potuissem.
717 3194 788 3240 M.
823 3195 1102 3258 Quanquam
1127 3193 1353 3254 mihijam
1377 3193 1714 3257 propemodum
1735 3189 1910 3238 satisfe-

131 3250 267 3306 ceriS,
292 3264 445 3306 tamen
469 3261 506 3300 δι
532 3254 647 3302 istud
670 3258 807 3318 quale
833 3259 885 3304 sit
905 3257 1103 3306 libenter
1123 3275 1179 3306 ex
1199 3270 1242 3304 te
1264 3257 1465 3305 audiam.

104 3318 110 3321 ’
201 3316 382 3364 LVIII.
423 3324 474 3364 Β.
508 3319 615 3365 Hoc
647 3321 790 3383 igitur
812 3322 1015 3384 primum
1053 3323 1169 3370 mihi
1191 3322 1329 3370 velim
1359 3320 1650 3385 respondeas,
1691 3319 1914 3383 probesne

131 3380 457 3435 definitionem,>
471 3381 588 3446 legis
606 3401 639 3430 a>
647 3384 967 3445 jureconsultis
989 3387 1181 3451 positam
1209 3405 1222 3439 ;
1268 3385 1353 3450 qui
1368 3386 1519 3449 legem
1542 3385 1626 3433 effe
1644 3385 1773 3432 aiunt
1786 3383 1914 3447 quod

137 3447 339 3507 populus
362 3446 508 3500 scivit,
553 3448 610 3494 ab
632 3465 688 3494 eo
712 3464 897 3514 rogatus
932 3468 1007 3499 cui
1029 3451 1222 3516 rogandi
1243 3451 1318 3513 jus
1338 3453 1399 3513 est
1424 3455 1442 3498 ?
1503 3451 1573 3497 Μ.
1607 3450 1759 3497 Probo
1781 3447 1914 3512 equi-

133 3509 258 3554 dem.
331 3515 384 3557 B.
417 3511 735 3566 Consensimus
757 3529 909 3562 autem
931 3515 1235 3580 legum'vitiis
1257 3515 1564 3578 deprehenfis,
1593 3515 1652 3560 ab
1672 3512 1840 3560 eisdem
1860 3525 1912 3557 c-

136 3584 265 3621 arum
289 3573 508 3624 latoribus
531 3593 605 3625 eas
638 3578 720 3626 vel.
734 3579 902 3644 corrigi
926 3583 1009 3630 vel.
1033 3579 1405 3646 abrogariposs'e.
1472 3585 1543 3632 M.
1577 3577 1911 3652 Consenfimus·

1839 3636 1917 3686 Β..
