1992 3801
126 137 257 225 296
432 136 789 204 RERUM
879 136 1577 207 SconARUM

126 236 206 299 pie
227 235 510 293 educaretur,
534 236 602 284 uti
625 237 756 284 malis
793 235 1000 299 quotidie
1035 234 1326 298 gliscentibus
1349 239 1600 287 remedium
1636 238 1886 302 aliquando

129 301 272 362 posset
292 301 463 348 afferre.
532 302 644 349 Earn
667 301 948 348 curationem
972 299 1054 344 sibi
1077 298 1103 344 a
1121 312 1280 347 natura
1303 302 1453 350 datam
1478 302 1668 350 minime
1689 303 1890 351 invidio-

128 363 221 411 sam
242 366 456 429 cuiquam
477 364 817 413 videridebere.
886 364 1085 411 Caeteras
1107 364 1504 414 administrationis
1526 367 1723 430 publicae
1741 381 1891 431 partes

128 427 410 492 usurparent,
429 430 509 492 qui
533 442 658 476 tanto
678 429 721 475 se
739 427 865 475 oneri
887 427 1193 475 existimarent
1210 446 1301 476 non
1323 429 1518 492 impares
1540 451 1551 478 ;
1585 431 1656 478 sed
1680 434 1743 478 ita
1765 432 1891 490 usur-¹

125 504 306 553 parent,
331 506 380 540 ut
400 493 646 557 aliquando
663 493 782 557 Regi
804 493 960 539 adulto
981 493 1201 538 rationem
1225 492 1267 539 se
1288 493 1542 542 reddituros
1561 496 1780 560 cogitent.
1814 494 1898 541 Ad.

126 554 354 608 haec‘eum
377 562 440 604 ita
460 555 638 605 vultum
662 556 990 618 composuisset,
1017 569 1066 602 ut
1103 556 1234 603 facil:
1261 558 1548 606 Cancellario
1571 560 1727 607 finceri
1749 559 1893 606 animi
1948 574 1952 578 ·

128 619 266 668 fidem
289 621 473 676 faceret,
493 638 642 685 neque
656 622 704 668 in
734 621 950 668 comitatu
981 620 1077 681 ejus
1102 622 1356 685 ‘quicquam
1373 623 1495 677 effer,
1529 624 1650 670 unde
1679 625 1763 678 vis,
1813 635 1894 670 aut

116 683 248 732 ‘fraus
270 686 420 733 timeri
434 686 637 741 deberet,
653 687 916 750 potestatem
934 683 976 731 ei
993 685 1121 740 fecit,
1155 699 1204 732 ut
1221 686 1383 742 filium,
1414 687 1593 748 quoties
1622 690 1762 736 vellet
1787 688 1879 741 fine

130 749 310 797 arbitris
325 749 605 805 conveniret,
631 757 671 797 δε
694 749 739 798 in
763 767 863 797 arce
884 749 1112 797 interdum
1134 767 1236 798 cum
1258 768 1312 797 eo
1334 755 1631 814 pernoctaret.

194 808 288 862 IVJ
315 816 492 862 Interea
513 815 676 861 mulier
693 815 857 861 callida
869 814 1053 861 serendo
1075 815 1343 878 plaerunque
1364 816 1588 863 sermones
1607 819 1665 864 de
1687 817 1902 873 tollenda

127 876 250 925 inter
265 891 411 940 partes
435 878 673 931 discordia,
694 879 909 941 quosdam
926 878 1061 924 etiam
1085 878 1357 930 diversarum
1372 881 1570 941 partium
1593 882 1639 928 in
1663 880 1892 945 colloqui-

129 943 452 989 umevocando
475 959 528 988 eo
551 941 869 988 familiaritatis
882 941 1114 988 hominem
1138 941 1303 996 illexit,
1330 955 1377 989 ut
1395 944 1452 988 de
1471 946 1604 990 rebus
1627 962 1768 1009 prope
1790 962 1891 992 om·
1958 973 1961 976 -

128 1007 264 1053 nibus
287 1006 469 1052 consilia
491 1017 595 1056 cum
615 1023 667 1052 ea
689 1005 927 1052 conferret.
964 1005 1251 1052 cancellario
1270 1006 1334 1052 ita
1352 1006 1570 1060 delenitm
1597 1025 1738 1070 puero
1758 1012 1895 1060 facile

128 1070 384 1135 persuadet,
412 1083 459 1117 ut
481 1086 536 1116 ex
558 1070 645 1116 hoc
667 1085 842 1116 carcere
863 1069 946 1116 sese
969 1069 1190 1116 libertatis
1213 1072 1440 1118 auum-em
1480 1072 1737 1134 sequeretur
1762 1095 1770 1122 :
1808 1077 1893 1123 ho-

128 1133 342 1196 minique
358 1134 548 1189 nefario,
573 1132 653 1197 qui
675 1134 913 1182 sceleribus
936 1133 1022 1180 suis
1044 1135 1243 1197 Regium
1262 1152 1427 1189 nomen
1447 1138 1764 1198 praetenderet,
1789 1157 1891 1207 0¹¹2·

124 1198 297 1262 niaque
318 1199 447 1263 regni
465 1200 622 1246 munia
637 1199 684 1246 in
704 1199 744 1245 se
765 1215 903 1245 unum
924 1198 1135 1251 traheret,
1153 1204 1192 1245 &
1213 1199 1418 1263 neglefta
1436 1201 1572 1247 salute
1587 1202 1772 1263 publica
1788 1205 1889 1258 rem

127 1263 348 1311 nrivatam
389 1263 591 1327 augeret,
615 1263 656 1309 se
674 1262 882 1326 eriperet.
952 1263 1006 1309 Id
1031 1262 1079 1309 ut
1101 1261 1284 1318 faceret,
1310 1263 1461 1310 animo
1481 1278 1654 1311 tantum
1683 1284 1772 1314 non
1808 1272 1891 1317 ab-

162 1338 338 1374 orrente
364 1327 390 1373 a
410 1326 541 1375 rectis
564 1327 812 1374 amicorum
835 1327 1030 1374 confinis
1048 1327 1089 1374 ei
1112 1345 1227 1390 opus
1261 1329 1346 1374 esse
1371 1346 1381 1375 ε
1418 1341 1580 1375 caetera
1600 1345 1715 1378 curae
1753 1333 1895 1395 ipsius

127 1391 423 1455 relinqueret.
460 1393 612 1455 Hujus
632 1393 811 1456 generis
834 1392 1115 1439 orationibus
1136 1392 1269 1440 facile
1301 1406 1446 1440 mater
1465 1393 1627 1446 filium,
1651 1397 1699 1445 &
1724 1399 1892 1447 callida.

129 1455 294 1503 mulier
333 1473 524 1520 puerum
566 1457 801 1504 incautum
843 1451 1071 1519 proposita
1092 1456 1277 1504 liberius
1295 1457 1481 1504 vivendi
1515 1457 1588 1523 spe
1610 1458 1672 1505 ita
1694 1459 1739 1506 in
1764 1461 1887 1511 suam

124 1520 264 1567 traxit
284 1520 568 1577 sententiam,
590 1521 696 1568 utin
716 1522 811 1583 ejus
830 1521 1045 1584 potestate
1062 1522 1164 1569 Rex
1179 1520 1383 1569 futurum
1406 1521 1652 1570 serdiceret.
1722 1527 1892 1576 Omni-

127 1585 213 1631 bus
235 1585 379 1649 igitur
405 1586 460 1632 ad
481 1585 637 1649 fugam
656 1585 757 1632 satis
776 1585 940 1649 paratis
961 1584 1298 1632 Cancellarium
1322 1587 1418 1633 adit
1439 1604 1449 1632 :
1484 1587 1525 1634 se
1547 1588 1793 1652 obligatam
1810 1611 1895 1641 vo.

126 1661 176 1695 to
231 1667 279 1697 ro
296 1650 433 1698 salute
452 1650 532 1696 filii
555 1651 769 1714 suscaepto
787 1651 831 1698 in
846 1667 945 1697 arce
967 1649 1031 1696 ait
1051 1652 1415 1712 pernoclaturam
1442 1670 1451 1698 :
1489 1651 1664 1699 summo
1687 1673 1817 1704 mane
1833 1661 1887 1705 ad

124 1714 188 1760 Al
229 1732 303 1761 um
326 1715 481 1762 fanum
508 1714 574 1776 (id
593 1716 695 1761 loco
719 1731 884 1762 nomen
906 1715 985 1772 est)
1008 1715 1326 1777 profeciuram.
1376 1717 1551 1763 {nterea
1573 1717 1680 1764 dum
1706 1722 1903 1778 rediret„

126 1778 210 1825 filii
232 1779 418 1827 salutern
441 1779 546 1826 eise
568 1780 904 1826 commendare.
972 1780 1058 1825 Ille
1097 1778 1269 1826 nullam
1311 1779 1475 1827 subeffe
1497 1781 1645 1828 verbis
1683 1784 1890 1834 fraudem

123 1856 268 1900 ratus,
288 1844 465 1892 felicem
487 1855 695 1907 precatus
719 1849 758 1891 δε
783 1842 1132 1906 profeffionem,
1157 1849 1198 1890 &
1219 1841 1435 1898 reditum,
1459 1846 1789 1897 eamdimittit.
1844 1853 1891 1898 1-

123 1908 251 1972 gitur
274 1910 360 1969 (uti
380 1921 482 1956 ante
505 1910 796 1968 convenerat)
817 1907 864 1954 in
887 1908 1054 1962 arcula,
1080 1906 1126 1955 in
1149 1924 1240 1970 qua
1262 1907 1390 1955 solita
1422 1920 1516 1956 erat
1538 1912 1760 1960 mundum
1791 1932 1894 1962 znu-

124 1972 316 2020 liebrem
340 1974 603 2030 recondere,
626 1989 682 2020 ex
703 1989 804 2021 arce
826 1989 909 2035 per
931 1971 1152 2022 ministros
1176 1971 1288 2019 fidos
1311 1972 1411 2019 Rex
1433 1973 1644 2035 postridie
1682 1993 1895 2041 exporta-

126 2049 200 2083 tus
222 2036 415 2085 Letham
438 2038 491 2085 ad
515 2054 638 2085 mare
657 2037 876 2084 defertur.
909 2037 1203 2100 Reginacum
1227 2037 1401 2099 panem
1426 2040 1519 2099 quo
1533 2055 1598 2085 res
1622 2040 1770 2089 minus
1790 2046 1898 2092 effer.

128 2101 341 2164 suspecta,
359 2102 653 2166 subsequitur.
680 2105 855 2150 Omnes
877 2101 925 2148 in
943 2114 1142 2164 paratam
1167 2102 1224 2147 ad
1238 2114 1421 2164 portum
1441 2103 1698 2163 naviculam
1722 2106 1894 2172 ingres·

126 2166 157 2212 fi
181 2167 251 2228 (1)
275 2166 471 2214 secun-do
490 2168 592 2215 aestu
616 2167 864 2214 sterlinum
887 2177 1066 2229 petunt.
1134 2165 1206 2212 Ac
1228 2167 1336 2212 dum
1361 2166 1499 2230 Regii
1520 2167 1708 2216 ministri
1726 2188 1896 2235 expec-

123 2230 290 2290 tanti-in
314 2232 507 2278 multum
532 2232 676 2287 diem,
699 2231 846 2278 donec
859 2233 959 2279 Rex
972 2228 1321 2294 expergiscatur,
1339 2245 1579 2295 antequam
1603 2233 1724 2281 fraus
1738 2238 1896 2285 detec.

124 2309 173 2341 ta
193 2296 317 2350 effct,
349 2295 445 2356 jam
469 2295 595 2343 navis
629 2308 757 2344 extra
777 2296 1032 2359 periculum
1072 2293 1283 2347 evaserat,
1308 2297 1445 2344 ventc')
1483 2313 1539 2343 ue
1561 2297 1675 2345 adeo
1697 2299 1894 2350 secundo

128 2359 205 2405 usa
221 2361 298 2415 est,
323 2372 374 2407 ut
392 2360 472 2407 sub
493 2361 728 2424 vesperum
753 2360 999 2407 Sterlinum
1024 2359 1289 2423 appelleret.
1356 2358 1430 2406 Ibi
1499 2378 1605 2425 eges
1627 2360 1653 2407 a
1675 2364 1897 2430 Pron-ege,

126 2423 347 2486 omnique
366 2424 619 2488 promiscua
640 2424 936 2483 multitudine
965 2423 1265 2488 populariter
1283 2424 1436 2478 effusa,
1457 2425 1755 2489 sumrno‘cum
1779 2447 1894 2493 gau-

127 2486 226 2544 dio,
245 2487 485 2552 faustisque
507 2489 923 2537 ,acclamationibus
936 2486 1252 2552 excipiuntur.
1323 2489 1512 2553 Reginae
1547 2493 1660 2537 astus
1683 2495 1894 2544 omnium

126 2552 332 2600 sermone
354 2554 623 2602 celebratur.
693 2550 1237 2614 Cancellariipinveterata
1254 2553 1507 2616 prudentiae
1545 2554 1704 2617 opinio
1723 2557 1892 2607 infimis
1932 2607 1940 2610 ,
1985 2602 1992 2624 .-

126 2615 264 2664 etiam
288 2617 493 2668 ludibrio
515 2618 725 2665 habetur.
761 2617 880 2665 Haec
896 2634 965 2664 res
976 2617 1168 2665 biduum
1197 2622 1268 2678 (ut
1289 2617 1419 2678 solet)
1445 2618 1575 2683 vulgi
1592 2618 1899 2672 immoderata

124 2681 293 2729 laeficia
307 2681 476 2744 jaftata
503 2683 564 2729 est
589 2701 600 2730 :
635 2694 774 2746 atque
794 2680 841 2728 in
864 2681 1072 2730 omnium
1093 2697 1170 2729 ore
1191 2681 1378 2730 versata.

144 2756 146 2758 ’
190 2747 255 2793 V.
276 2746 441 2795 Tertio
458 2748 551 2802 die,
569 2747 650 2810 qui
674 2741 926 2795 Alexandri
938 2744 1128 2794 factioni
1144 2747 1186 2794 se
1204 2746 1490 2802 dediderant,
1515 2747 1736 2813 plaerique
1753 2752 1894 2802 etiam
1938 2774 1961 2805 μ

125 2808 153 2854 s
178 2813 224 2857 es
242 2826 400 2868 novas,
415 2807 779 2876 nonnulli'ssegii
797 2809 994 2861 nominis
1009 2811 1322 2859 auctoritatem
1337 2806 1477 2857 secuti
1493 2827 1746 2875 convenere
1763 2834 1774 2862 ε
1790 2817 1897 2880 qui-

128 2826 216 2920 dus
234 2873 318 2930 rei,
343 2876 411 2922 uti
431 2877 553 2941 gesta
569 2889 682 2931 erat,
704 2876 868 2923 ordine
890 2875 1113 2939 expofit0‚
1137 2873 1329 2948 Reginae
1349 2874 1526 2922 animus
1557 2875 1606 2923 in
1628 2894 1675 2925 re
1711 2879 1899 2944 suscipi·
1963 2919 1970 2930 ,

129 2937 265 2993 enda,
283 2937 330 2985 in
349 2941 550 3004 gerenda
565 2939 823 2997 confilium,
846 2940 893 2988 in
916 2951 1083 2988 eventu
1105 2939 1299 2987 felicitas
1321 2938 1583 3002 immodicis
1605 2941 1817 2992 laudibus
1845 2945 1896 2994 in

129 3001 300 3052 coelum
317 3001 475 3062 fertur.
544 3004 818 3064 Cancellarii
831 3003 1039 3060 avaritia,
1059 3009 1101 3051 δε
1123 3002 1367 3051 crudelitas
1388 3002 1436 3051 in
1459 3019 1636 3062 omnes,
1666 3006 1717 3054 in
1752 3009 1899 3074 Regi-

129 3080 255 3120 nam,
281 3070 322 3112 δι
339 3066 582 3134 Proregem
598 3068 883 3179 ingratitudo
903 3068 1103 3134 graviter
1116 3066 1361 3116 incusatur.
1427 3061 1788 3120 Eum'ornnium
1808 3073 1902 3121 dis.

131 3128 409 3186 eordiarum,
429 3135 479 3182 δε
499 3132 634 3195 proin
669 3151 694 3181 e
711 3133 938 3188 omnium,
961 3132 1067 3197 quae'
1087 3147 1145 3179 ex
1162 3130 1386 3179 discordia
1404 3131 1531 3182 civili
1551 3134 1777 3192 oriuntur,
1800 3153 1900 3186 ma·
1968 3178 1989 3200 m

131 3194 284 3242 lorum
301 3209 445 3241 unum
482 3198 711 3245 auftorem
729 3199 814 3246 effe
836 3216 847 3245 :
879 3213 988 3246 eum
1011 3194 1252 3263 veEtigalia
1271 3196 1529 3260 publica‘in
1551 3197 1775 3262 privatam
1813 3202 1898 3250 do-

132 3273 264 3308 mum
300 3257 502 3306 avertisse
526 3276 539 3306 ε
573 3260 857 3326 privatorum
894 3261 1033 3318 bona,
1072 3277 1176 3324 quae
1193 3272 1389 3324 poterat,
1411 3259 1660 3328 diripuiss‘e,
1682 3280 1786 3328 quae
1803 3281 1916 3314 non.-
1960 3318 1965 3323 ,

131 3321 337 3386 potuerit
367 3321 585 3385 diripere,
627 3324 886 3388 corrupiss‘e.
951 3325 1096 3389 Apud
1130 3341 1272 3373 unum
1308 3327 1446 3389 opes,
1461 3325 1674 3389 honoreS,
1711 3329 1898 3378 divitias

135 3387 254 3436 effe}
289 3386 414 3452 apud
437 3398 624 3459 caeteros
644 3387 968 3453 ignominiam,
991 3388 1303 3453 solitudinem,
1326 3390 1584 3456 egestatem.
1618 3392 1738 3443 Haec
1752 3407 1898 3458 quan-

152 3548 157 3552 ·
189 3535 255 3589 (ι)
280 3535 395 3581 With
412 3537 479 3580 the
495 3539 587 3590 tide,
605 3549 649 3583 or
673 3535 815 3591 havIng
828 3512 896 3580 the
912 3514 1102 3600 tidejwi‘th
1114 3522 1255 3600 thern..
1319 3516 1321 3519 Ι

1765 3663 1905 3715 quam
1926 3630 1930 3635 ⁵
