1977 3806
0 161 205 230 '2¹4
378 137 738 206 RERUM
811 136 1514 204 ⁴Scor-retiiitum

71 259 206 306 opem
228 230 361 286 ferr'e.
429 239 486 286 Id
503 255 606 288 cum
626 238 706 285 ille
723 237 1014 301 pertinaciter
1036 243 1242 298 negaret,
1261 234 1310 283 in
1329 234 1560 282 tumulum
1578 232 1707 281 velut
1722 234 1857 298 spec*
1914 263 1923 272 -

72 319 192 354 tator
213 303 454 365 subjeetus,
474 317 626 351 certus
648 313 801 349 tamen
825 303 855 349 si
878 318 946 348 res
971 298 1281 363 posceretsuis
1302 301 1368 347 ire
1386 299 1600 354 subsidio,
1643 299 1722 345 ubi
1748 301 1849 345 An-

71 372 254 435 glorum
276 368 423 419 aciem
437 368 945 430 in‘clinantem‚remque
966 363 1193 412 Scoticam
1211 364 1402 412 meliore
1415 366 1520 412 loco
1537 366 1621 412 esse
1639 364 1853 410 animad—

66 433 227 490 vertit,
242 433 312 482 tbi
326 433 545 491 constitit,
570 449 626 481 ne
644 448 701 479 ex
719 432 869 479 aliena
888 431 1023 478 laude
1045 428 1296 493 quicquam
1313 429 1434 477 velle
1455 429 1700 494 decerpere
1719 429 1850 476 vide-

68 511 210 548 retu-r.

132 565 356 616 XXXIX.
390 565 536 628 Angli
558 561 713 627 paucis
730 561 822 609 illis
848 561 872 611 ὲ
891 570 1017 608 tanta
1034 559 1332 607 multitudine
1355 558 1517 606 amiffis
1540 559 1658 608 nihil
1680 559 1846 606 animis

67 629 218 685 fraffi,
232 630 409 676 &Scoti
428 631 554 675 velut
577 628 718 675 totius
736 625 939 674 victoriae
954 625 1110 672 omine
1131 638 1330 689 recaepto
1341 624 1382 671 se
1397 625 1444 671 in
1464 625 1705 672 crastinum
1725 624 1852 670 diem

67 695 128 742 ad
144 693 493 743 dimicationem
513 703 689 756 parant.
724 692 838 740 Nox
859 690 1069 756 quamvis
1093 705 1191 739 tum
1214 690 1469 739 brevissima
1491 692 1569 752 (ad
1587 690 1781 736 Nonum
1801 707 1851 735 e-

65 759 165 809 nim
186 760 417 807 calendas·
437 759 576 806 Iulias
599 771 855 821 pugnatum
877 758 957 817 est)
990 772 1075 819 pro
1096 758 1259 804 ardore
1282 770 1433 804 tamen
1458 755 1690 818 utriusque
1709 754 1871 817 partis¹

66 825 210 889 longa
230 825 487 871 videbatur.
515 823 680 870 Omnis
705 823 945 869 Scotorum
970 821 1225 869 multitudo
1245 822 1293 868 in
1314 834 1403 868 tres
1427 820 1545 867 acies
1570 832 1665 867 erat
1686 819 1848 866 divisa.

66 889 170 937 Rex
189 888 388 936 mediam
403 887 622 935 ducebat:
639 885 686 932 in
702 888 864 934 dextro
883 903 1024 933 cornu
1048 887 1142 948 ejus
1162 887 1315 942 frater,
1332 887 1379 933 in
1403 885 1574 932 sinistro
1589 885 1852 933 Randulfus

64 953 339 1017 imperabat.
409 951 552 1015 Angli
574 963 741 1013 praeter
762 967 983 1014 magnum
1007 951 1348 1014 sagittariorum
1371 967 1633 1005 numerum,
1658 965 1773 1012 quos
1800 965 1851 994 u-

65 1018 250 1081 trinque
270 1017 484 1064 cornibus
528 1015 933 1077 circumfuderant,
967 1015 1281 1077 cataphractos
1304 1014 1444 1063 etiam
1467 1030 1492 1060 e
1516 1013 1686 1061 Galliis
1711 1013 1853 1060 habea

0 1125 5 1128 .
68 1083 197 1131 bant.
264 1082 331 1130 Hi
354 1098 459 1129 cum
480 1081 526 1127 in
550 1080 855 1134 Randulfum‚
880 1080 964 1142 qui
986 1080 1097 1126 locis
1122 1079 1448 1128 humilioribus
1472 1079 1632 1135 stabat,
1674 1077 1716 1126 se
1738 1095 1850 1125 con·
1884 1123 1888 1127 r

67 1148 286 1202 citassent,
301 1146 413 1194 utin
434 1145 810 1209 latus-obliquum
835 1145 1137 1196 incurrerent,
1153 1144 1301 1193 subito
1318 1144 1367 1192 in
1386 1158 1659 1208 praeparatas
1678 1145 1704 1191 Ξι
1720 1144 1853 1192 Βωίὶ

67 1215 131 1260 fio
154 1213 282 1260 fossas
303 1211 447 1259 ruina:
471 1211 610 1257 modo
629 1225 735 1257 cum
755 1226 924 1274 magna
944 1210 1187 1258 hominum
1214 1216 1254 1257 δι
1277 1226 1502 1273 equorum
1528 1210 1670 1274 strage
1692 1211 1849 1274 proci-

67 1278 248 1325 derunt.
316 1275 462 1324 Primi
495 1276 674 1327 suorum
698 1275 829 1339 supra
849 1275 1082 1323 ruentium
1106 1275 1232 1338 lapsu
1255 1274 1449 1338 oppressi
1484 1275 1721 1338 perierunt
1745 1293 1756 1321 :
1798 1279 1852 1325 δε

63 1341 278 1406 postremi
299 1341 505 1406 priorum
529 1341 660 1388 clade
690 1340 837 1388 territi
868 1341 1228 1388 retrocesserunt.
1297 1342 1341 1386 Is
1366 1353 1511 1387 terror
1529 1339 1665 1386 etiam
1690 1339 1850 1402 pedes·

67 1420 154 1454 tres
175 1408 327 1470 copias
351 1406 562 1454 nonnihil
584 1407 799 1462 tardavit,
824 1405 991 1454 veritas
1011 1424 1068 1452 ne
1086 1409 1135 1455 δε
1157 1406 1265 1469 ipsae
1289 1406 1425 1452 simili
1449 1404 1608 1451 fraude
1631 1416 1849 1467 caperen-

66 1484 156 1518 tur.
224 1471 412 1520 Accidit
432 1477 473 1519 δε
496 1471 623 1518 aliud
645 1489 841 1535 parvum
871 1471 1061 1535 quidem
1084 1469 1209 1518 dictu
1234 1489 1245 1518 :
1297 1471 1371 1517 sed
1394 1470 1540 1534 quod,
1586 1482 1634 1516 ut
1655 1469 1702 1516 in
1724 1471 1858 1517 bello

63 1538 335 1601 plaerunque
358 1536 469 1586 solet
490 1536 691 1591 evenire,
712 1554 804 1583 non
827 1538 928 1583 leve
952 1536 1107 1584 attulit
1124 1549 1414 1584 momentum
1435 1536 1493 1582 ad
1517 1536 1738 1582 summam
1763 1534 1846 1582 rei.

64 1602 340 1658 Robertum‚
361 1603 443 1665 qui
466 1615 571 1649 ante
587 1601 711 1649 suam
729 1602 873 1648 aciem
899 1601 1217 1664 obequitabat,
1242 1602 1514 1663 clavamque
1531 1617 1670 1646 manu
1689 1611 1850 1647 tenens

65 1666 237 1728 primos
255 1668 437 1715 ordines
459 1665 742 1722 continebat,
766 1666 955 1729 quidam
998 1668 1181 1731 Anglus
1203 1664 1452 1729 agnoscens
1471 1664 1656 1712 infestus
1673 1665 1848 1718 inseum

64 1732 235 1778 hastam
254 1732 413 1796 dirigit
497 1734 599 1779 Rex
621 1732 714 1779 iCtu
734 1732 872 1794 paulo
896 1732 1067 1778 evitato
1102 1731 1275 1778 hossem
1315 1730 1424 1792 equi
1460 1729 1638 1793 impetu
1660 1743 1848 1793 praeter-

61 1798 248 1842 vestum
266 1797 393 1844 clava
414 1796 534 1847 ferit,
561 1812 612 1843 ac
634 1796 892 1843 exanimem
913 1797 1008 1844 solo
1031 1795 1287 1858 prosternit.

130 1861 232 1908 XL.
267 1863 451 1926 Vulgus
465 1861 664 1909 militum
689 1860 989 1925 periculosam
1013 1861 1155 1925 Regis
1174 1860 1413 1907 audaciam
1435 1861 1613 1924 magnis
1632 1859 1849 1910 laudibus

62 1925 338 1989 prosequens
359 1944 449 1974 non
466 1927 563 1988 jam
580 1926 770 1974 consilio
792 1926 911 1989 regi,
929 1926 1004 1973 sed
1025 1925 1203 1989 impetu
1225 1926 1275 1973 in
1298 1926 1468 1986 hostem
1495 1925 1602 1971 ferri
1626 1939 1752 1971 tanto
1775 1943 1847 1972 ar-

65 1991 176 2038 dore
198 1991 474 2045 animorum,
495 2004 545 2039 ut
567 1991 796 2038 adversam
818 1990 961 2038 aciem
985 1990 1226 2053 impulsuri
1249 1989 1533 2046 viderentur,
1558 1989 1639 2036 nisa
1662 1990 1848 2053 sagitta·

63 2054 119 2101 rii
136 2056 388 2119 Anglorum
409 2058 456 2103 in
474 2055 690 2104 cornibus
710 2055 913 2118 dispositi
933 2072 1103 2119 magno
1123 2072 1227 2102 cum
1242 2056 1414 2102 damno
1434 2071 1512 2102 eos
1530 2054 1847 2103 coercuissent,

11 2165 13 2167 ,
65 2119 257 2167 Bruffius
281 2120 457 2185 aliquot
480 2121 692 2183 equitum
715 2120 878 2167 turmis
895 2120 1098 2168 immiffis
1122 2138 1196 2167 eos
1221 2120 1410 2184 quidem
1433 2119 1635 2182 reprefiit
1658 2138 1671 2166 z
1724 2136 1852 2167 error

65 2197 218 2231 tamen
238 2185 476 2248 plusquam
501 2185 637 2232 hostis
660 2184 826 2248 Anglis
851 2187 1025 2232 nocuit.
1093 2186 1259 2232 Turba
1275 2186 1399 2232 enim
1423 2185 1651 2231 castrensis
1672 2184 1848 2232 caloni-

67 2248 151 2294 bus
173 2248 217 2295 in
232 2251 443 2311 jumenta
462 2251 703 2312 impositis,
728 2250 972 2312 linteisque
995 2252 1226 2313 signorum
1253 2250 1387 2297 instar
1408 2248 1650 2313 explicatis
1673 2248 1848 2298 cumin

67 2315 202 2368 colle,
229 2315 348 2361 unde
370 2315 571 2378 conspici
593 2317 784 2379 possent,
825 2316 1134 2371 constitissent,
1159 2315 1357 2378 speciem
1386 2314 1494 2362 novi
1517 2313 1742 2362 exercitus
1766 2315 1846 2362 ad-

64 2378 292 2425 ventantis
310 2378 622 2441 praebuerunt.
658 2380 822 2445 Angli,
847 2380 929 2443 qui
950 2380 1151 2443 proximi
1174 2381 1348 2428 stabant
1370 2379 1557 2442 duplice
1582 2391 1707 2425 metu
1727 2377 1857 2427 atto-1

65 2441 151 2488 niti
170 2445 327 2506 fugam
347 2445 593 2505 capessunt,
614 2461 665 2490 ac
682 2445 759 2491 suo
778 2461 948 2507 pavore
968 2444 1193 2509 reliquam
1216 2445 1360 2493 aciem
1382 2443 1585 2492 turbant.
1626 2443 1773 2508 Vulgi
1797 2444 1856 2491 irt

64 2506 179 2569 fuga
198 2505 360 2571 ingens
393 2507 516 2555 edita
553 2510 715 2556 caedes.
787 2509 1141 2575 Qinquaginta
1179 2511 1442 2575 Anglorum
1477 2507 1626 2555 millia
1654 2510 1846 2571 quidam

66 2572 319 2618 nostrorum
344 2572 453 2618 caesa
475 2573 675 2622 tradunt.
733 2573 970 2622 Caxtonus
989 2575 1178 2639 scriptor
1201 2576 1382 2640 Anglus
1406 2584 1456 2621 ut
1478 2590 1722 2621 numerum
1745 2585 1846 2620 cer-'-

65 2646 166 2682 tum
186 2651 275 2682 non
300 2635 449 2700 ponit,
479 2637 543 2683 ita
565 2638 717 2702 stragis
747 2637 948 2701 ingentis
979 2639 1270 2704 suspitionem
1306 2639 1431 2687 facit.
1501 2637 1584 2685 Ait
1614 2638 1752 2685 enim·
1772 2637 1846 2684 in-

68 2700 400 2748 numerabilem
415 2702 630 2749 caesorum
650 2701 778 2748 fuiffe
802 2703 1165 2752 multitudinem.
1187 2706 1293 2752 Nec
1308 2703 1494 2751 fortassis
1508 2698 1778 2765 injuriarem
1796 2703 1847 2750 in

66 2762 242 2811 incerto
262 2765 466 2829 reliquit,
486 2768 615 2829 quod
636 2783 878 2814 numerum
900 2768 1016 2816 inire
1033 2786 1125 2818 non
1148 2782 1246 2817 erat
1267 2768 1418 2823 facile,
1435 2767 1548 2831 fuga
1566 2780 1659 2814 tam
1681 2768 1848 2832 longe,

33 2843 35 2845 “
67 2827 253 2890 lateque
273 2829 432 2891 sparsa,
454 2830 503 2878 in
523 2848 616 2893 qua
632 2832 802 2894 plures,
825 2831 966 2896 quam
986 2833 1035 2880 in
1058 2835 1217 2898 praelio
1238 2832 1489 2897 perierunt.
1538 2832 1698 2894 Tanta
1720 2833 1843 2879 certe

68 2891 220 2965 clades
235 2892 340 2948 fuit,
366 2907 415 2940 ut
436 2896 667 2957 proximo,
692 2912 744 2942 ac
767 2898 902 2944 tertio
919 2899 1019 2961 post
1037 2915 1158 2946 anno
1182 2897 1326 2961 Angli
1347 2911 1616 2960 quanquam
1633 2896 1846 2959 pluribus

66 2957 373 3003 incommodis
396 2972 766 3020 provocarentur,
792 2975 946 3010 tamen
967 2979 1059 3010 non
1078 2964 1121 3010 se
1142 2961 1494 3010 commoverint.
1566 2962 1604 3007 E
1628 2960 1851 3008 nobilita-·

68 3032 116 3090 te
141 3019 340 3082 Anglica
359 3022 623 3071 ceciderunt
643 3023 824 3073 circiter
845 3027 1031 3074 ducenti
1058 3047 1068 3075 :
1106 3045 1186 3091 par
1203 3042 1347 3091 prope
1370 3042 1585 3073 numerus
1623 3025 1714 3073 tuit
1735 3043 1845 3089 cap-

69 3095 272 3130 tivorum
296 3083 551 3133 illustrium.
584 3091 653 3135 Ex
676 3090 731 3136 iis
746 3091 986 3155 cognitum
1005 3093 1066 3139 est
1083 3092 1271 3153 initium
1287 3091 1410 3155 fugae
1434 3090 1491 3136 ab
1509 3089 1607 3153 ipso
1621 3091 1752 3154 Rege
1770 3107 1854 3152 01⁶,

69 3161 187 3201 tum,
204 3163 256 3193 ac
278 3147 359 3193 nifi
389 3148 415 3193 a
434 3151 619 3199 Comite
640 3153 831 3200 Marciae
851 3155 900 3201 in
924 3162 1071 3204 arcem
1096 3155 1328 3204 Dumbari
1356 3166 1578 3217 recaeptus
1601 3153 1766 3211 fuifiet,
1791 3168 1856 3202 ac.

68 3211 537 3284 nayiculasservicum
559 3216 726 3272 miffus,
747 3234 836 3264 non
854 3221 1051 3268 evafisset
1071 3238 1232 3275 manus
1250 3218 1588 3283 Duglaffii,qui
1605 3235 1709 3276 cum
1729 3226 1864 3282 qua--s

69 3277 328 3339 dringentis
346 3276 578 3338 equitibus
596 3281 901 3344 quadraginta
921 3284 1069 3331 millia
1084 3286 1287 3348 passuum
1302 3299 1410 3331 eum
1432 3282 1608 3332 secutus
1629 3295 1740 3330 erat.
1767 3285 1844 3329 In·

69 3353 141 3386 ter
168 3339 374 3403 captivos
413 3340 712 3404 deprehensus
742 3348 802 3391 est
825 3348 1075 3395 monachus
1110 3366 1166 3396 ex
1188 3365 1346 3396 eorum
1376 3347 1594 3402 factione,
1618 3347 1699 3411 qui
1721 3337 1790 3408 (ι)
1819 3346 1851 3392 ὲ·

72 3404 289 3451 Car-melo
311 3416 467 3450 monte
491 3407 631 3468 Syriae
653 3407 733 3453 fibi
752 3422 1009 3472 cognomen
1034 3413 1328 3475 adoptarunt.
1353 3414 1415 3467 Is,
1441 3423 1490 3459 ut
1512 3411 1605 3458 illis
1623 3423 1851 3475 temporl-
1892 3423 1897 3427 “
1934 3429 1938 3433 ’

70 3466 155 3514 bus
176 3480 317 3531 poeta
339 3485 431 3516 non
454 3468 731 3534 spernendus
770 3474 844 3521 'uit
866 3473 1047 3542 habitus
1065 3493 1089 3543 :-
1109 3489 1248 3541 atque
1270 3477 1328 3524 ad
1349 3476 1526 3526 bellum
1547 3475 1770 3538 adductus
1795 3486 1846 3522 ut

127 3593 201 3647 (1)'
220 3599 257 3634 A
279 3597 608 3638 Carmente-frier.

1742 3636 1856 3702 ‘An-
