2037 3801
153 177 200 243 6
447 176 521 243 D
568 177 630 242 E
719 178 777 263 J
814 176 877 241 U
923 173 987 241 R
1033 175 1097 241 E
1186 175 1250 241 R
1302 176 1355 240 Ε
1400 174 1468 245 G
1521 174 1590 242 N
1634 177 1679 242 Ι

154 276 261 338 Ego
278 273 485 337 profect&
503 275 705 324 divinam
726 276 949 331 existimo,
961 274 1190 337 planeque
1207 274 1323 323 illud
1339 275 1488 324 habeo
1507 273 1779 338 persuasum,
1795 271 1924 338 qued

505 343 729 403 Nunquam
754 343 878 387 aliud
889 353 1063 393 natura,
1090 339 1436 402 aliudsozpientia
1453 343 1585 388 dicat.
1844 369 1846 371 ·

128 418 131 422 ’
158 403 271 465 Ejus
293 419 431 467 porro
451 404 566 466 legis
590 405 714 450 velut
736 405 1080 465 compendium,
1106 405 1230 465 quod
1255 415 1398 450 totam
1421 404 1575 467 paucis
1599 401 1926 463 complectere-

162 481 253 522 tur,
271 468 398 513 Deus
421 469 552 515 nobis
571 467 778 522 tradidit,
797 470 856 516 Ut
872 467 1001 529 ipficm
1021 467 1192 514 scilicet
1210 485 1261 519 ex
1281 472 1417 514 animo
1435 469 1707 531 diligeremus,
1729 485 1780 512 ac
1791 476 1924 526 prox-

160 537 260 585 imos
283 531 404 583 velut
433 553 501 578 nos
523 533 624 594 iplbs
707 533 860 592 Hujus
884 533 999 594 legis
1030 548 1190 579 omnes
1226 532 1450 580 sacrorum
1489 532 1774 579 voluminum
1798 528 1929 584 libri,

160 597 244 658 qui
266 597 323 642 ad
359 612 504 645 mores
529 596 794 646 formandos
834 598 1080 658 pertinent,
1118 597 1234 643 nihil
1258 595 1383 643 aliud
1417 611 1555 658 quam
1573 593 1932 656 explicationem

162 659 416 711 continent.
485 661 552 706 M.
593 660 741 723 Igitur
772 661 981 707 humanae
1016 660 1241 709 societatis
1266 677 1356 706 non
1391 672 1440 707 tu
1463 672 1687 707 oratorem
1724 658 1928 719 aliquem

162 723 361 785 autjure
387 724 658 779 consultum,
695 725 776 787 qui
797 724 1005 772 homines
1030 724 1247 788 dispersos
1269 723 1525 788 colligeret,
1565 723 1639 769 sed
1663 723 1805 784 ipsum
1827 720 1929 768 De·

163 805 244 840 um
269 801 471 834 autorem
497 800 645 848 putaS.
719 795 770 837 Β.
806 790 876 836 Ita
899 789 1104 852 profeci&
1123 791 1186 836 est
1212 807 1222 836 :
1258 805 1308 834 ac
1326 789 1456 850 juxta
1481 786 1716 837 Ciceronis
1747 787 1933 832 senten-

163 853 294 907 tiam,
320 851 452 899 Nihil
467 855 626 914 quidem
643 855 750 916 quod
766 858 811 899 in
841 858 966 901 terris
978 856 1086 918 fiat,
1115 858 1303 915 principi
1323 851 1391 898 illi
1412 853 1500 898 Deo
1521 856 1593 912 qui
1611 852 1714 908 hunc
1736 851 1929 896 mundum

163 924 297 979 argit,
313 921 512 978 acceptius
536 932 662 977 puto,
684 917 805 980 quum
827 933 955 969 cazarus
976 917 1492 982 hominumjuresbcic‘ztos,
1509 933 1602 977 quae
1624 919 1825 961 civitates
1854 925 1933 973 ap-

161 981 394 1044 pellantur.
442 981 619 1027 Harum
638 981 876 1030 civitatum
902 994 1047 1043 partes
1068 982 1273 1028 similiter
1295 982 1414 1027 inter
1426 979 1465 1025 se
1479 979 1657 1040 junclas
1676 977 1759 1024 effe
1777 979 1940 1023 volunt

166 1057 304 1106 itque
327 1046 491 1098 cuncta
512 1045 714 1108 corporis
737 1048 871 1093 nostri
897 1048 1102 1093 membra
1123 1047 1242 1093 inter
1263 1044 1305 1093 se
1347 1045 1419 1105 (1)
1446 1042 1640 1091 cohaere,
1681 1040 1938 1104 mutuisque
2002 1099 2004 1101 ‚

167 1111 368 1161 constare
389 1108 570 1165 officiis,
597 1116 635 1156 &
659 1110 707 1156 in
730 1126 975 1159 commune
995 1111 1245 1166 elaborare,
1279 1108 1482 1171 pericula
1503 1105 1810 1154 communiter
1833 1118 1940 1163 pro·

167 1175 358 1236 pellere,
385 1173 603 1221 utilitates
628 1175 901 1238 prospicere,
935 1175 1088 1238 eisque
1110 1172 1503 1221 communicandis
1523 1169 1733 1217 omnium
1757 1170 1875 1215 inter
1897 1165 1946 1217 sei

167 1237 534 1285 tenevolentiam
561 1237 811 1286 devincire.
877 1241 946 1287 M.
986 1238 1135 1302 Igitur
1153 1255 1243 1286 non
1266 1238 1508 1284 utilitatem
1531 1248 1597 1289 tu,
1618 1234 1691 1281 sed
1710 1234 1858 1296 legem
1882 1231 1944 1278 il-

167 1303 260 1349 lam
284 1302 489 1348 divinam
514 1301 732 1349 abinitio
754 1320 903 1351 rerum
929 1303 1061 1350 nobis
1083 1303 1260 1350 insitam
1284 1299 1588 1348 conveniendi
1610 1299 1655 1344 in
1682 1314 1821 1359 unum
1847 1311 1944 1342 coe·
2000 1347 2001 1351 Ἰ

169 1381 267 1413 tum
297 1367 444 1416 multo
481 1366 782 1425 augustiorem
810 1374 848 1415 &
872 1367 1147 1414 diviniorem
1170 1367 1345 1413 causam
1378 1365 1546 1415 statuis.
1613 1365 1671 1411 B.
1705 1363 1814 1409 Non
1839 1362 1948 1423 qui·

170 1432 278 1479 dem
302 1432 426 1480 illam
455 1444 502 1477 ut
524 1430 628 1491 justi
655 1438 696 1479 δι
720 1432 840 1495 aequi
863 1445 1073 1487 matrem,
1112 1443 1163 1477 ut
1180 1431 1369 1495 quidam
1392 1431 1654 1482 voluerunt,
1689 1427 1764 1474 sed
1788 1428 1943 1488 potius
2014 1450 2017 1454 ·

169 1494 406 1550 anciflam,
446 1502 482 1541 δι
507 1497 706 1543 civitatis
741 1499 856 1543 bene
890 1497 1144 1546 constitutae
1169 1496 1194 1546 ὲ
1226 1494 1486 1543 custodibus
1522 1508 1674 1540 unam.
1742 1493 1814 1542 M..
1845 1491 1943 1539 Hic
2001 1518 2004 1520 Δ

171 1577 295 1625 quoq
307 1576 359 1605 ue
382 1560 520 1606 facile
543 1561 626 1606 tibi
650 1560 874 1608 assentior.
1746 1560 1750 1563 ’
1820 1564 1831 1576 “

236 1625 350 1673 ΧΠ..
400 1630 452 1673 Β.
488 1625 589 1687 Jam
613 1626 738 1673 velut
760 1626 806 1672 in
826 1624 1094 1688 corporibus
1117 1623 1294 1677 nostris,
1318 1634 1369 1671 ut
1402 1638 1505 1685 quae
1528 1620 1646 1667 inter
1667 1620 1709 1667 se
1731 1636 1943 1682 pugnan-

154 1688 293 1745 tibus
316 1690 519 1736 constant
554 1689 811 1752 principiis,
836 1691 1006 1745 morbi,
1046 1690 1136 1736 hoc
1157 1690 1217 1735 est
1247 1687 1630 1751 perturbationeS,
1668 1691 1706 1732 &
1747 1684 1948 1733 intestini

170 1753 361 1814 quida-nt
392 1753 588 1799 existunt
627 1755 848 1803 turnultus
893 1755 1098 1801 similiter
1130 1754 1175 1800 in
1201 1753 1270 1800 his
1294 1751 1545 1812 majoribus
1567 1749 1854 1812 corporibus,
1897 1749 1947 1796 id

171 1818 235 1863 est
257 1816 539 1871 civitatibus,
578 1818 674 1864 fieri
709 1821 877 1865 necesse
896 1819 955 1865 est
981 1837 992 1865 ς
1028 1832 1077 1865 ut
1121 1834 1224 1880 quae
1248 1834 1302 1864 ex
1325 1816 1509 1862 divertis
1532 1817 1576 1863 ὅτ
1602 1814 1950 1876 quodammodo
2001 1838 2004 1842 ·

170 1882 487 1948 pugnantibus
531 1883 768 1930 hominum
792 1883 1056 1947 generibus,
1095 1880 1334 1929 ordinibus
1366 1878 1727 1934 conditionibus,
1755 1877 1948 1924 naturis·

173 1963 284 2010 que,
302 1958 500 2003 coeant;
535 1955 569 1993 &
599 1964 756 1994 eorum
781 1948 918 1995 etiam
943 1947 1183 1994 hominum
1207 1945 1288 2009 qui
1311 1960 1401 1991 non

497 2014 626 2059 Iidem
645 2017 784 2060 eadem
797 2014 954 2076 pffcnt
969 2014 1115 2059 horam
1135 2015 1291 2058 durare
1303 2008 1527 2072 probantes
1548 2023 1567 2052 .·

134 2073 137 2082 “
174 2074 303 2122 brevi
327 2075 449 2122 certe
487 2091 561 2122 eas
583 2077 779 2131 dissolvi.
815 2085 854 2124 δι
889 2077 1073 2125 interire
1099 2077 1268 2123 necess‘e
1290 2075 1367 2125 est.
1412 2072 1492 2118 nisi
1531 2070 1802 2117 adhibeatur
1821 2068 1949 2117 velut

175 2140 382 2188 medicus
405 2141 802 2202 perturbationum
825 2142 1018 2196 sedator,
1055 2142 1136 2204 qui
1162 2148 1526 2202 temperamento
1547 2135 1781 2198 aequabili,
1806 2139 1847 2181 δι
1885 2135 1949 2181 sa-

172 2204 317 2258 lubri,
356 2204 631 2252 infirmiores
652 2218 801 2269 partes
841 2206 1057 2255 fomentis
1091 2206 1347 2257 confirmet,
1387 2199 1692 2248 redundantes
1736 2198 1949 2247 humores
2021 2204 2030 2214 “

175 2269 450 2331 compescat,
474 2273 519 2318 ἃ
544 2269 607 2317 ita
629 2271 816 2334 lingulis
839 2271 1056 2318 membris
1078 2268 1299 2323 consulat,
1325 2279 1373 2314 ut
1395 2281 1545 2327 neque
1567 2276 1714 2327 partes
1737 2262 1974 2310 imbecils
2010 2269 2019 2273 ”

178 2334 316 2387 liores
341 2334 498 2396 inopia
515 2334 719 2384 alimenti
741 2336 985 2388 tabescant,
1004 2352 1153 2398 neque
1172 2333 1415 2380 validiores
1435 2332 1534 2394 plus
1553 2344 1688 2392 aeun
1705 2326 1951 2374 luxurient.
2024 2368 2027 2374 .

177 2406 250 2448 M.
289 2400 358 2447 Ita
381 2399 518 2460 plane
565 2401 735 2447 necess'e
773 2401 850 2447 est.
919 2406 977 2450 B.
1026 2399 1121 2462 Qi
1150 2399 1198 2446 in
1234 2412 1425 2459 corpore
1447 2393 1572 2440 civili
1597 2393 1685 2439 hoc
1708 2390 1956 2454 praestabit,

179 2478 275 2522 quo
297 2463 483 2515 nomine
505 2479 609 2510 eum
630 2464 967 2527 appellabimus
991 2467 1008 2512 ?
1059 2470 1126 2513 Α).
1164 2463 1238 2510 De
1261 2461 1447 2509 nomine
1470 2473 1560 2507 non
1583 2456 1676 2503 sum
1702 2454 1954 2506 admodum

179 2525 416 2573 sollicitus.
487 2529 779 2592 rounque
816 2529 940 2576 enim
972 2527 1218 2583 censeatur,
1261 2525 1410 2572 virum
1435 2520 1860 2586 praestantissimum,
1900 2536 1954 2566 ac
2034 2579 2036 2582 .

180 2591 321 2653 plane
342 2591 448 2647 Deo
472 2592 750 2640 simillimum
768 2610 873 2641 eum
888 2594 1048 2656 judico
1070 2611 1082 2640 ε
1107 2609 1199 2654 qua
1220 2591 1265 2638 in
1290 2607 1336 2637 re
1355 2586 1572 2652 sapientia
1591 2587 1812 2646 majorum
1838 2586 1960 2631 mul-

180 2667 278 2706 tum
303 2656 575 2719 prospexisse
606 2658 720 2704 mihi
742 2659 939 2713 videtur,
970 2658 1050 2721 qui
1082 2673 1177 2703 rem
1221 2672 1302 2718 per
1324 2654 1365 2700 se
1388 2651 1742 2715 pulcherrimam
1768 2648 1959 2695 nomine·
2034 2647 2037 2665 ⁴

182 2719 698 2782 etiamsplendidiffimo
721 2724 1007 2771 decorarunt.
1064 2723 1105 2768 R
1130 2723 1168 2769 E
1188 2722 1234 2767 G
1255 2721 1292 2766 E
1309 2720 1364 2768 M
1388 2716 1506 2764 enim
1529 2715 1695 2777 opinor
1715 2713 1960 2776 intelligis,
2002 2732 2032 2741 ·-

182 2784 313 2845 cujus
336 2785 548 2833 vocabuli
576 2803 627 2833 ea
645 2787 713 2834 vis
737 2790 814 2843 est,
841 2800 890 2834 ut
911 2804 1004 2834 rem
1028 2786 1214 2851 quidem
1236 2783 1380 2848 perse
1398 2778 1644 2829 maximam
1667 2784 1702 2825 &
1729 2778 1958 2825 excelien-

183 2848 411 2903 tiffimam,
436 2865 555 2912 pene
577 2852 750 2898 occulis
781 2852 1054 2899 cernendam
1079 2850 1274 2912 subjicit.
1346 2853 1402 2896 B.
1444 2843 1585 2893 Rene
1610 2843 1743 2890 sentis
1784 2862 1800 2899 3
1835 2859 1888 2889 ea
1910 2858 1958 2888 e-

183 2912 278 2965 nim
303 2929 415 2961 voce
439 2915 594 2962 Deum
613 2918 960 2980 compellamus.
999 2915 1197 2965 Nullum
1219 2913 1342 2961 enlm
1366 2909 1489 2956 aliud
1514 2909 1733 2955 habemus
1762 2905 1960 2969 angusti-
2012 2918 2035 2960 J

186 2992 237 3023 us
263 2978 543 3026 vocabulum
565 2996 659 3043 quo
683 2993 854 3028 naturae
875 2980 1002 3027 illius
1025 2979 1288 3027 excellentis
1315 2976 1598 3023 declaremus
1621 2972 1916 3035 praestantiam
1946 2987 1961 3018 τ
1989 3008 1992 3011 »
2028 3004 2037 3028 ,1

185 3055 336 3103 neque
354 3044 723 3099 convenientius,
742 3062 836 3108 quo
857 3057 1092 3108 paternam
1115 3060 1224 3106 erga
1248 3059 1329 3089 nos
1354 3055 1507 3086 curam
1530 3041 1575 3087 &
1602 3035 1795 3084 studium
1821 3033 1981 3098 signi-st
2029 3037 2037 3081 Ιἶ

186 3103 391 3161 ficemus.
463 3108 588 3170 Quid
622 3110 710 3155 alia
739 3109 976 3173 cfflligam,
1017 3125 1118 3171 quae
1150 3109 1205 3154 ad
1239 3122 1404 3155 munus
1437 3101 1579 3165 Regis
1614 3100 1962 3164 fignificandum

187 3169 501 3225 transierimus
527 3177 544 3218 ?
578 3172 731 3235 qualia
754 3175 854 3221 sunt
877 3176 1012 3221 Pate'r
1033 3173 1223 3227 AEneas,
1254 3173 1575 3234 Agamemnon
1589 3162 1828 3229 populorum
1850 3163 1962 3223 Pas·
2024 3175 2037 3206 '·

186 3247 255 3289 1ον
279 3253 294 3290 ;
318 3234 426 3283 hem
454 3237 573 3291 Dux,
598 3240 811 3302 Princeps,
835 3237 1142 3284 Gubernator?
1177 3235 1358 3295 Quibus
1381 3231 1596 3281 omnibus
1620 3247 1672 3275 ea
1694 3226 1964 3294 significatio
2019 3241 2037 3250 ·⁴

187 3299 367 3357 subest,
389 3312 437 3345 ut
459 3301 695 3348 ostendant
732 3300 884 3365 Reges
922 3318 1013 3348 non
1042 3300 1142 3355 fibi,
1182 3299 1254 3345 sed
1279 3297 1454 3362 populo
1483 3307 1657 3342 creatos
1692 3292 1792 3339 ess'e.
1859 3292 1961 3354 Jam

188 3363 316 3424 qued
340 3363 396 3408 de
421 3364 607 3412 nomine
627 3366 724 3412 satis
748 3365 869 3413 inter
890 3362 970 3413 nos
991 3363 1208 3412 convenit
1227 3383 1241 3419 ;
1262 3364 1510 3413 fi'vin'etur,
1534 3361 1590 3404 de
1609 3356 1760 3404 officio
1782 3356 1962 3402 diflera-
2030 3384 2037 3396 ·.

188 3444 317 3537 mog,
349 3426 509 3526 iigdem
542 3429 711 3492 quibus
736 3429 913 3496 ingreffi
950 3430 1099 3486 sumus
1121 3428 1366 3483 insistentes
1385 3423 1604 3496 vestigiis.
1668 3422 1754 3477 Μ·
1779 3419 1959 3485 Qibus

174 3503 255 3537 >tan
292 3508 407 3538 em..
807 3500 809 3502 ’
1527 3495 1530 3498 ’
1786 3501 1802 3506 ”
1840 3526 1846 3533 .

245 3626 259 3670 <
284 3621 302 3671 )
326 3623 373 3659 zd
388 3622 480 3664 edit.
498 3622 697 3665 coherere.

1797 3662 1953 3715 ΧΙῙῘῙ..
2024 3725 2036 3731 ,
