<?xml version="1.0" encoding="UTF-8"?>
<!DOCTYPE html PUBLIC "-//W3C//DTD XHTML 1.0 Transitional//EN"
    "http://www.w3.org/TR/xhtml1/DTD/xhtml1-transitional.dtd">
<html xmlns="http://www.w3.org/1999/xhtml" xml:lang="en" lang="en">
 <head>
  <title>
</title>
<meta http-equiv="Content-Type" content="text/html;charset=utf-8" />
  <meta name='ocr-system' content='tesseract 3.04.00' />
  <meta name='ocr-capabilities' content='ocr_page ocr_carea ocr_par ocr_line ocrx_word'/>
</head>
<body>
  <div class='ocr_page' id='page_1' title='image "./rerumscoticarumh01buch_0199.png"; bbox 0 0 2045 3857; ppageno 0'>
   <div class='ocr_carea' id='block_1_1' title="bbox 489 133 1839 212">
    <p class='ocr_par' dir='ltr' id='par_1_1' title="bbox 489 133 1839 212">
     <span class='ocr_line' id='line_1_1' title="bbox 489 133 1839 212; baseline -0.001 0"><span class='ocrx_word' id='word_1_1' title='bbox 489 133 839 212; x_wconf 42' lang='lat' dir='ltr'>‘Llssnn-</span> <span class='ocrx_word' id='word_1_2' title='bbox 923 139 1475 208; x_wconf 55' lang='lat' dir='ltr'>Ser&#39;rmrusss</span> <span class='ocrx_word' id='word_1_3' title='bbox 1720 138 1839 211; x_wconf 78' lang='lat'>181</span> 
     </span>
    </p>
   </div>
   <div class='ocr_carea' id='block_1_2' title="bbox 26 237 1887 3100">
    <p class='ocr_par' dir='ltr' id='par_1_2' title="bbox 26 237 1867 1089">
     <span class='ocr_line' id='line_1_2' title="bbox 80 237 1851 318; baseline -0.008 -13"><span class='ocrx_word' id='word_1_4' title='bbox 80 251 328 318; x_wconf 76' lang='lat' dir='ltr'><strong>superiores</strong></span> <span class='ocrx_word' id='word_1_5' title='bbox 348 243 561 294; x_wconf 80' lang='lat' dir='ltr'>evadunt.</span> <span class='ocrx_word' id='word_1_6' title='bbox 632 240 968 292; x_wconf 84' lang='lat' dir='ltr'>Milcolumbus</span> <span class='ocrx_word' id='word_1_7' title='bbox 1002 241 1085 289; x_wconf 84' lang='lat' dir='ltr'>ubi</span> <span class='ocrx_word' id='word_1_8' title='bbox 1114 241 1292 288; x_wconf 84' lang='lat' dir='ltr'><strong>cladem</strong></span> <span class='ocrx_word' id='word_1_9' title='bbox 1314 240 1497 288; x_wconf 86' lang='lat' dir='ltr'>suorum</span> <span class='ocrx_word' id='word_1_10' title='bbox 1519 237 1716 299; x_wconf 73' lang='lat' dir='ltr'><strong>rescivit,</strong></span> <span class='ocrx_word' id='word_1_11' title='bbox 1745 241 1851 307; x_wconf 84' lang='lat' dir='ltr'>sup-</span> 
     </span>
     <span class='ocr_line' id='line_1_3' title="bbox 86 305 1853 384; baseline -0.006 -17"><span class='ocrx_word' id='word_1_12' title='bbox 86 322 213 384; x_wconf 91' lang='lat' dir='ltr'>pleto</span> <span class='ocrx_word' id='word_1_13' title='bbox 233 310 430 362; x_wconf 84' lang='lat' dir='ltr'>exercitu</span> <span class='ocrx_word' id='word_1_14' title='bbox 452 309 598 357; x_wconf 89' lang='lat' dir='ltr'>veteri</span> <span class='ocrx_word' id='word_1_15' title='bbox 619 310 667 356; x_wconf 88' lang='lat' dir='ltr'>in</span> <span class='ocrx_word' id='word_1_16' title='bbox 691 306 952 356; x_wconf 85' lang='lat' dir='ltr'>Moraviam</span> <span class='ocrx_word' id='word_1_17' title='bbox 985 306 1135 353; x_wconf 84' lang='lat' dir='ltr'>duxit.</span> <span class='ocrx_word' id='word_1_18' title='bbox 1204 305 1281 351; x_wconf 92' lang='lat' dir='ltr'>Ad</span> <span class='ocrx_word' id='word_1_19' title='bbox 1303 305 1425 368; x_wconf 88' lang='lat' dir='ltr'>Spaei</span> <span class='ocrx_word' id='word_1_20' title='bbox 1459 305 1660 355; x_wconf 84' lang='lat' dir='ltr'>fluminis</span> <span class='ocrx_word' id='word_1_21' title='bbox 1689 306 1853 356; x_wconf 83' lang='lat' dir='ltr'>ostium</span> 
     </span>
     <span class='ocr_line' id='line_1_4' title="bbox 87 368 1859 439; baseline -0.005 -9"><span class='ocrx_word' id='word_1_22' title='bbox 87 375 391 433; x_wconf 88' lang='lat' dir='ltr'>Moravienses</span> <span class='ocrx_word' id='word_1_23' title='bbox 424 375 505 422; x_wconf 72' lang='lat' dir='ltr'>etsi</span> <span class='ocrx_word' id='word_1_24' title='bbox 527 373 670 439; x_wconf 84' lang='lat' dir='ltr'>Regis</span> <span class='ocrx_word' id='word_1_25' title='bbox 701 372 856 437; x_wconf 88' lang='lat' dir='ltr'>copias</span> <span class='ocrx_word' id='word_1_26' title='bbox 878 374 1047 428; x_wconf 70' lang='lat' dir='ltr'>auEiaS,</span> <span class='ocrx_word' id='word_1_27' title='bbox 1083 374 1131 436; x_wconf 67' lang='grc' dir='ltr'>ὃς</span> <span class='ocrx_word' id='word_1_28' title='bbox 1154 368 1252 417; x_wconf 88' lang='lat' dir='ltr'>suas</span> <span class='ocrx_word' id='word_1_29' title='bbox 1286 369 1311 416; x_wconf 82' lang='grc' dir='ltr'>ὲ</span> <span class='ocrx_word' id='word_1_30' title='bbox 1333 369 1561 432; x_wconf 86' lang='lat' dir='ltr'>superiore</span> <span class='ocrx_word' id='word_1_31' title='bbox 1584 372 1745 433; x_wconf 77' lang='lat' dir='ltr'>praelio·</span> <span class='ocrx_word' id='word_1_32' title='bbox 1764 370 1832 421; x_wconf 87' lang='lat' dir='ltr'>im</span> <span class='ocrx_word' id='word_1_33' title='bbox 1852 403 1859 414; x_wconf 90' lang='lat'><em>-</em></span> 
     </span>
     <span class='ocr_line' id='line_1_5' title="bbox 86 435 1854 503; baseline -0.006 -6"><span class='ocrx_word' id='word_1_34' title='bbox 86 447 277 497; x_wconf 86' lang='lat' dir='ltr'>minutas</span> <span class='ocrx_word' id='word_1_35' title='bbox 299 456 390 487; x_wconf 89' lang='lat' dir='ltr'>non</span> <span class='ocrx_word' id='word_1_36' title='bbox 413 439 699 503; x_wconf 83' lang='lat' dir='ltr'>ignorarent,</span> <span class='ocrx_word' id='word_1_37' title='bbox 727 451 879 486; x_wconf 88' lang='lat' dir='ltr'>tamen</span> <span class='ocrx_word' id='word_1_38' title='bbox 901 438 1007 485; x_wconf 91' lang='lat' dir='ltr'>loco</span> <span class='ocrx_word' id='word_1_39' title='bbox 1040 435 1162 495; x_wconf 87' lang='lat' dir='ltr'>freti,</span> <span class='ocrx_word' id='word_1_40' title='bbox 1190 441 1230 482; x_wconf 77' lang='grc' dir='ltr'>δε</span> <span class='ocrx_word' id='word_1_41' title='bbox 1254 448 1383 497; x_wconf 89' lang='lat' dir='ltr'>parta</span> <span class='ocrx_word' id='word_1_42' title='bbox 1406 450 1552 497; x_wconf 86' lang='lat' dir='ltr'>nuper</span> <span class='ocrx_word' id='word_1_43' title='bbox 1571 435 1763 485; x_wconf 64' lang='lat' dir='ltr'>victoria</span> <span class='ocrx_word' id='word_1_44' title='bbox 1784 437 1854 486; x_wconf 82' lang='lat' dir='ltr'>fe·</span> 
     </span>
     <span class='ocr_line' id='line_1_6' title="bbox 86 500 1860 568; baseline -0.002 -15"><span class='ocrx_word' id='word_1_45' title='bbox 86 525 225 562; x_wconf 57' lang='lat' dir='ltr'>foces,</span> <span class='ocrx_word' id='word_1_46' title='bbox 244 515 462 552; x_wconf 88' lang='lat' dir='ltr'>eventum</span> <span class='ocrx_word' id='word_1_47' title='bbox 493 506 733 568; x_wconf 59' lang='lat' dir='ltr'>expetitam</span> <span class='ocrx_word' id='word_1_48' title='bbox 762 502 1109 550; x_wconf 88' lang='lat' dir='ltr'>constituerunt.</span> <span class='ocrx_word' id='word_1_49' title='bbox 1177 500 1439 563; x_wconf 85' lang='lat' dir='ltr'>Pugnatum</span> <span class='ocrx_word' id='word_1_50' title='bbox 1459 500 1520 546; x_wconf 89' lang='lat' dir='ltr'>est</span> <span class='ocrx_word' id='word_1_51' title='bbox 1550 515 1719 564; x_wconf 85' lang='lat' dir='ltr'>magna</span> <span class='ocrx_word' id='word_1_52' title='bbox 1749 518 1860 552; x_wconf 89' lang='lat' dir='ltr'>cum</span> 
     </span>
     <span class='ocr_line' id='line_1_7' title="bbox 83 565 1857 639; baseline -0.007 -21"><span class='ocrx_word' id='word_1_53' title='bbox 83 569 346 639; x_wconf 75' lang='lat' dir='ltr'>pertinacia,</span> <span class='ocrx_word' id='word_1_54' title='bbox 372 586 456 616; x_wconf 90' lang='lat' dir='ltr'>nec</span> <span class='ocrx_word' id='word_1_55' title='bbox 475 569 652 617; x_wconf 89' lang='lat' dir='ltr'>minore</span> <span class='ocrx_word' id='word_1_56' title='bbox 670 569 813 616; x_wconf 80' lang='lat' dir='ltr'>caede.</span> <span class='ocrx_word' id='word_1_57' title='bbox 868 568 1038 630; x_wconf 87' lang='lat' dir='ltr'>Neque</span> <span class='ocrx_word' id='word_1_58' title='bbox 1060 565 1185 613; x_wconf 89' lang='lat' dir='ltr'>enim</span> <span class='ocrx_word' id='word_1_59' title='bbox 1203 565 1328 628; x_wconf 85' lang='lat' dir='ltr'>prius</span> <span class='ocrx_word' id='word_1_60' title='bbox 1347 565 1586 616; x_wconf 75' lang='lat' dir='ltr'>cesserunt,</span> <span class='ocrx_word' id='word_1_61' title='bbox 1609 580 1749 629; x_wconf 86' lang='lat' dir='ltr'>quam</span> <span class='ocrx_word' id='word_1_62' title='bbox 1772 568 1857 615; x_wconf 88' lang='lat' dir='ltr'>fes.</span> 
     </span>
     <span class='ocr_line' id='line_1_8' title="bbox 82 628 1860 699; baseline -0.003 -13"><span class='ocrx_word' id='word_1_63' title='bbox 82 640 135 687; x_wconf 73' lang='lat' dir='ltr'>iis</span> <span class='ocrx_word' id='word_1_64' title='bbox 157 634 317 699; x_wconf 89' lang='lat' dir='ltr'>Regiis</span> <span class='ocrx_word' id='word_1_65' title='bbox 340 635 471 682; x_wconf 89' lang='lat' dir='ltr'>miles</span> <span class='ocrx_word' id='word_1_66' title='bbox 507 634 534 682; x_wconf 81' lang='grc' dir='ltr'>ὲ</span> <span class='ocrx_word' id='word_1_67' title='bbox 566 632 770 681; x_wconf 72' lang='lat' dir='ltr'>subsidiis</span> <span class='ocrx_word' id='word_1_68' title='bbox 791 647 948 678; x_wconf 88' lang='lat' dir='ltr'>recens</span> <span class='ocrx_word' id='word_1_69' title='bbox 988 630 1202 689; x_wconf 77' lang='lat' dir='ltr'>succeffit.</span> <span class='ocrx_word' id='word_1_70' title='bbox 1270 629 1400 677; x_wconf 89' lang='lat' dir='ltr'>Tum</span> <span class='ocrx_word' id='word_1_71' title='bbox 1421 644 1534 677; x_wconf 86' lang='lat' dir='ltr'>vero</span> <span class='ocrx_word' id='word_1_72' title='bbox 1548 628 1772 678; x_wconf 82' lang='lat' dir='ltr'>inclinata</span> <span class='ocrx_word' id='word_1_73' title='bbox 1792 632 1860 680; x_wconf 90' lang='lat' dir='ltr'>se-</span> 
     </span>
     <span class='ocr_line' id='line_1_9' title="bbox 80 694 1858 762; baseline -0.003 -12"><span class='ocrx_word' id='word_1_74' title='bbox 80 702 175 751; x_wconf 83' lang='lat' dir='ltr'>mel</span> <span class='ocrx_word' id='word_1_75' title='bbox 195 701 309 756; x_wconf 89' lang='lat' dir='ltr'>acie,</span> <span class='ocrx_word' id='word_1_76' title='bbox 334 716 428 747; x_wconf 92' lang='lat' dir='ltr'>non</span> <span class='ocrx_word' id='word_1_77' title='bbox 450 697 648 762; x_wconf 87' lang='lat' dir='ltr'>amplius</span> <span class='ocrx_word' id='word_1_78' title='bbox 671 712 844 761; x_wconf 87' lang='lat' dir='ltr'>pugna,</span> <span class='ocrx_word' id='word_1_79' title='bbox 867 695 940 744; x_wconf 88' lang='lat' dir='ltr'>sed</span> <span class='ocrx_word' id='word_1_80' title='bbox 982 695 1128 744; x_wconf 86' lang='lat' dir='ltr'>caedes</span> <span class='ocrx_word' id='word_1_81' title='bbox 1149 694 1255 743; x_wconf 79' lang='lat' dir='ltr'>suit.</span> <span class='ocrx_word' id='word_1_82' title='bbox 1323 694 1460 742; x_wconf 85' lang='lat' dir='ltr'>Nulli</span> <span class='ocrx_word' id='word_1_83' title='bbox 1482 694 1624 751; x_wconf 87' lang='lat' dir='ltr'>aetati,</span> <span class='ocrx_word' id='word_1_84' title='bbox 1647 707 1727 743; x_wconf 85' lang='lat' dir='ltr'>aut</span> <span class='ocrx_word' id='word_1_85' title='bbox 1747 710 1858 746; x_wconf 88' lang='lat' dir='ltr'>con-</span> 
     </span>
     <span class='ocr_line' id='line_1_10' title="bbox 79 758 1862 826; baseline -0.002 -12"><span class='ocrx_word' id='word_1_86' title='bbox 79 765 250 815; x_wconf 80' lang='lat' dir='ltr'>ditioni</span> <span class='ocrx_word' id='word_1_87' title='bbox 272 765 401 813; x_wconf 87' lang='lat' dir='ltr'>furor</span> <span class='ocrx_word' id='word_1_88' title='bbox 416 762 630 811; x_wconf 86' lang='lat' dir='ltr'>militaris</span> <span class='ocrx_word' id='word_1_89' title='bbox 653 760 873 826; x_wconf 86' lang='lat' dir='ltr'>pepercit.</span> <span class='ocrx_word' id='word_1_90' title='bbox 942 761 1051 809; x_wconf 91' lang='lat' dir='ltr'>Hoc</span> <span class='ocrx_word' id='word_1_91' title='bbox 1073 758 1236 824; x_wconf 80' lang='lat' dir='ltr'>praelio</span> <span class='ocrx_word' id='word_1_92' title='bbox 1254 771 1431 806; x_wconf 88' lang='lat' dir='ltr'>veteres</span> <span class='ocrx_word' id='word_1_93' title='bbox 1452 758 1715 807; x_wconf 84' lang='lat' dir='ltr'>Moraviani</span> <span class='ocrx_word' id='word_1_94' title='bbox 1743 777 1862 825; x_wconf 85' lang='lat' dir='ltr'>pene</span> 
     </span>
     <span class='ocr_line' id='line_1_11' title="bbox 26 823 1863 889; baseline -0.002 -10"><span class='ocrx_word' id='word_1_95' title='bbox 26 853 27 858; x_wconf 47' lang='lat'>¹</span> <span class='ocrx_word' id='word_1_96' title='bbox 79 832 141 880; x_wconf 82' lang='lat' dir='ltr'>ad</span> <span class='ocrx_word' id='word_1_97' title='bbox 156 829 519 878; x_wconf 80' lang='lat' dir='ltr'>internecionem</span> <span class='ocrx_word' id='word_1_98' title='bbox 541 827 644 875; x_wconf 89' lang='lat' dir='ltr'>sunt</span> <span class='ocrx_word' id='word_1_99' title='bbox 672 825 877 882; x_wconf 67' lang='lat' dir='ltr'>redacti3</span> <span class='ocrx_word' id='word_1_100' title='bbox 909 842 1013 889; x_wconf 85' lang='lat' dir='ltr'>quae</span> <span class='ocrx_word' id='word_1_101' title='bbox 1039 840 1179 888; x_wconf 87' lang='lat' dir='ltr'>poena</span> <span class='ocrx_word' id='word_1_102' title='bbox 1201 838 1438 887; x_wconf 89' lang='lat' dir='ltr'>utcunque</span> <span class='ocrx_word' id='word_1_103' title='bbox 1463 823 1682 881; x_wconf 85' lang='lat' dir='ltr'>crudelis,</span> <span class='ocrx_word' id='word_1_104' title='bbox 1708 836 1863 876; x_wconf 85' lang='lat' dir='ltr'>tamen</span> 
     </span>
     <span class='ocr_line' id='line_1_12' title="bbox 81 888 1866 962; baseline 0 -21"><span class='ocrx_word' id='word_1_105' title='bbox 81 894 231 943; x_wconf 87' lang='lat' dir='ltr'>videri</span> <span class='ocrx_word' id='word_1_106' title='bbox 252 895 396 959; x_wconf 80' lang='lat' dir='ltr'>potest</span> <span class='ocrx_word' id='word_1_107' title='bbox 413 910 505 942; x_wconf 86' lang='lat' dir='ltr'>non</span> <span class='ocrx_word' id='word_1_108' title='bbox 523 890 873 941; x_wconf 84' lang='lat' dir='ltr'>immerentibus</span> <span class='ocrx_word' id='word_1_109' title='bbox 891 889 1098 939; x_wconf 70' lang='lat' dir='ltr'>accidisse</span> <span class='ocrx_word' id='word_1_110' title='bbox 1119 908 1131 937; x_wconf 91' lang='lat'>:</span> <span class='ocrx_word' id='word_1_111' title='bbox 1156 888 1732 962; x_wconf 29' lang='lat' dir='ltr'>gravitatemque-*ultionis</span> <span class='ocrx_word' id='word_1_112' title='bbox 1749 909 1866 957; x_wconf 86' lang='lat' dir='ltr'>gen-</span> 
     </span>
     <span class='ocr_line' id='line_1_13' title="bbox 83 954 1867 1024; baseline -0.002 -16"><span class='ocrx_word' id='word_1_113' title='bbox 83 961 142 1008; x_wconf 77' lang='lat' dir='ltr'>tis</span> <span class='ocrx_word' id='word_1_114' title='bbox 164 958 415 1024; x_wconf 80' lang='lat' dir='ltr'>perfidiosae</span> <span class='ocrx_word' id='word_1_115' title='bbox 437 957 648 1006; x_wconf 89' lang='lat' dir='ltr'>adversus</span> <span class='ocrx_word' id='word_1_116' title='bbox 672 956 786 1005; x_wconf 87' lang='lat' dir='ltr'>alios</span> <span class='ocrx_word' id='word_1_117' title='bbox 802 955 1066 1004; x_wconf 85' lang='lat' dir='ltr'>immanitas</span> <span class='ocrx_word' id='word_1_118' title='bbox 1088 954 1286 1003; x_wconf 83' lang='lat' dir='ltr'>excusat.</span> <span class='ocrx_word' id='word_1_119' title='bbox 1338 954 1471 1002; x_wconf 64' lang='lat' dir='ltr'>Novi</span> <span class='ocrx_word' id='word_1_120' title='bbox 1487 954 1643 1003; x_wconf 89' lang='lat' dir='ltr'>coloni</span> <span class='ocrx_word' id='word_1_121' title='bbox 1655 955 1706 1003; x_wconf 87' lang='lat' dir='ltr'>in</span> <span class='ocrx_word' id='word_1_122' title='bbox 1726 956 1867 1012; x_wconf 70' lang='lat' dir='ltr'>caeso-</span> 
     </span>
     <span class='ocr_line' id='line_1_14' title="bbox 84 1023 495 1089; baseline -0.01 -16"><span class='ocrx_word' id='word_1_123' title='bbox 84 1042 188 1074; x_wconf 83' lang='lat' dir='ltr'>rum</span> <span class='ocrx_word' id='word_1_124' title='bbox 210 1041 342 1089; x_wconf 88' lang='lat' dir='ltr'>agros</span> <span class='ocrx_word' id='word_1_125' title='bbox 360 1023 495 1071; x_wconf 83' lang='lat' dir='ltr'>miffi.</span> 
     </span>
    </p>

    <p class='ocr_par' dir='ltr' id='par_1_3' title="bbox 31 1083 1887 3100">
     <span class='ocr_line' id='line_1_15' title="bbox 150 1083 1867 1146; baseline -0.001 -8"><span class='ocrx_word' id='word_1_126' title='bbox 150 1091 328 1139; x_wconf 92' lang='lat' dir='ltr'><strong>XLIII.</strong></span> <span class='ocrx_word' id='word_1_127' title='bbox 353 1090 457 1136; x_wconf 92' lang='lat' dir='ltr'>Nec</span> <span class='ocrx_word' id='word_1_128' title='bbox 480 1087 773 1136; x_wconf 87' lang='lat' dir='ltr'>Sumerledus</span> <span class='ocrx_word' id='word_1_129' title='bbox 793 1086 915 1135; x_wconf 89' lang='lat' dir='ltr'>inter</span> <span class='ocrx_word' id='word_1_130' title='bbox 935 1098 1005 1135; x_wconf 86' lang='lat' dir='ltr'>tot</span> <span class='ocrx_word' id='word_1_131' title='bbox 1020 1086 1245 1135; x_wconf 88' lang='lat' dir='ltr'>tumultus</span> <span class='ocrx_word' id='word_1_132' title='bbox 1267 1084 1350 1131; x_wconf 87' lang='lat' dir='ltr'>fibi</span> <span class='ocrx_word' id='word_1_133' title='bbox 1370 1083 1698 1146; x_wconf 88' lang='lat' dir='ltr'>quiescendum</span> <span class='ocrx_word' id='word_1_134' title='bbox 1715 1087 1867 1138; x_wconf 81' lang='lat' dir='ltr'>duxit.</span> 
     </span>
     <span class='ocr_line' id='line_1_16' title="bbox 87 1148 1869 1216; baseline -0.004 -12"><span class='ocrx_word' id='word_1_135' title='bbox 87 1157 152 1210; x_wconf 88' lang='lat' dir='ltr'>Is,</span> <span class='ocrx_word' id='word_1_136' title='bbox 194 1159 266 1216; x_wconf 89' lang='lat' dir='ltr'>(ut</span> <span class='ocrx_word' id='word_1_137' title='bbox 283 1166 417 1201; x_wconf 87' lang='lat' dir='ltr'>antea</span> <span class='ocrx_word' id='word_1_138' title='bbox 437 1153 614 1200; x_wconf 62' lang='lat' dir='ltr'>dictum</span> <span class='ocrx_word' id='word_1_139' title='bbox 640 1154 722 1212; x_wconf 87' lang='lat' dir='ltr'>est)</span> <span class='ocrx_word' id='word_1_140' title='bbox 745 1168 854 1200; x_wconf 88' lang='lat' dir='ltr'>cum</span> <span class='ocrx_word' id='word_1_141' title='bbox 881 1152 931 1199; x_wconf 89' lang='lat' dir='ltr'>in</span> <span class='ocrx_word' id='word_1_142' title='bbox 950 1149 1227 1200; x_wconf 85' lang='lat' dir='ltr'>Hiberniam</span> <span class='ocrx_word' id='word_1_143' title='bbox 1249 1165 1308 1196; x_wconf 89' lang='lat' dir='ltr'>ex</span> <span class='ocrx_word' id='word_1_144' title='bbox 1327 1148 1505 1215; x_wconf 86' lang='lat' dir='ltr'>infelici</span> <span class='ocrx_word' id='word_1_145' title='bbox 1526 1150 1689 1214; x_wconf 87' lang='lat' dir='ltr'>praelio</span> <span class='ocrx_word' id='word_1_146' title='bbox 1709 1154 1869 1200; x_wconf 75' lang='lat' dir='ltr'>evasis-</span> 
     </span>
     <span class='ocr_line' id='line_1_17' title="bbox 87 1213 1870 1281; baseline 0.001 -15"><span class='ocrx_word' id='word_1_147' title='bbox 87 1219 168 1274; x_wconf 87' lang='lat' dir='ltr'>set,</span> <span class='ocrx_word' id='word_1_148' title='bbox 193 1219 251 1265; x_wconf 87' lang='lat' dir='ltr'>ab</span> <span class='ocrx_word' id='word_1_149' title='bbox 272 1234 421 1280; x_wconf 86' lang='lat' dir='ltr'>eoque</span> <span class='ocrx_word' id='word_1_150' title='bbox 443 1229 651 1281; x_wconf 83' lang='lat' dir='ltr'>tempore</span> <span class='ocrx_word' id='word_1_151' title='bbox 673 1215 925 1264; x_wconf 89' lang='lat' dir='ltr'>latrociniis</span> <span class='ocrx_word' id='word_1_152' title='bbox 949 1215 1113 1263; x_wconf 86' lang='lat' dir='ltr'>Scotiae</span> <span class='ocrx_word' id='word_1_153' title='bbox 1132 1215 1267 1262; x_wconf 88' lang='lat' dir='ltr'>litora</span> <span class='ocrx_word' id='word_1_154' title='bbox 1287 1213 1510 1262; x_wconf 80' lang='lat' dir='ltr'>habuisset</span> <span class='ocrx_word' id='word_1_155' title='bbox 1529 1214 1707 1273; x_wconf 82' lang='lat' dir='ltr'>infesta,</span> <span class='ocrx_word' id='word_1_156' title='bbox 1742 1230 1870 1268; x_wconf 84' lang='lat' dir='ltr'>ratus</span> 
     </span>
     <span class='ocr_line' id='line_1_18' title="bbox 88 1279 1870 1346; baseline 0 -15"><span class='ocrx_word' id='word_1_157' title='bbox 88 1283 208 1332; x_wconf 83' lang='lat' dir='ltr'>inter</span> <span class='ocrx_word' id='word_1_158' title='bbox 225 1295 296 1331; x_wconf 90' lang='lat' dir='ltr'>tot</span> <span class='ocrx_word' id='word_1_159' title='bbox 314 1283 463 1330; x_wconf 83' lang='lat' dir='ltr'>caedes</span> <span class='ocrx_word' id='word_1_160' title='bbox 473 1283 654 1345; x_wconf 21' lang='lat' dir='ltr'>*majore</span> <span class='ocrx_word' id='word_1_161' title='bbox 675 1293 803 1344; x_wconf 88' lang='lat' dir='ltr'>parte</span> <span class='ocrx_word' id='word_1_162' title='bbox 823 1280 1033 1328; x_wconf 87' lang='lat' dir='ltr'>militaris</span> <span class='ocrx_word' id='word_1_163' title='bbox 1057 1279 1201 1327; x_wconf 86' lang='lat' dir='ltr'>aetatis</span> <span class='ocrx_word' id='word_1_164' title='bbox 1220 1279 1505 1342; x_wconf 90' lang='lat' dir='ltr'>consumpta,</span> <span class='ocrx_word' id='word_1_165' title='bbox 1530 1293 1608 1329; x_wconf 87' lang='lat' dir='ltr'>aut</span> <span class='ocrx_word' id='word_1_166' title='bbox 1636 1297 1663 1328; x_wconf 91' lang='lat' dir='ltr'>e</span> <span class='ocrx_word' id='word_1_167' title='bbox 1685 1281 1870 1346; x_wconf 88' lang='lat' dir='ltr'>fugien-</span> 
     </span>
     <span class='ocr_line' id='line_1_19' title="bbox 90 1344 1870 1410; baseline 0.001 -14"><span class='ocrx_word' id='word_1_168' title='bbox 90 1348 213 1396; x_wconf 89' lang='lat' dir='ltr'>tibus</span> <span class='ocrx_word' id='word_1_169' title='bbox 236 1347 381 1398; x_wconf 88' lang='lat' dir='ltr'>aleam</span> <span class='ocrx_word' id='word_1_170' title='bbox 415 1346 725 1396; x_wconf 81' lang='lat' dir='ltr'>dimicationis</span> <span class='ocrx_word' id='word_1_171' title='bbox 748 1347 1016 1410; x_wconf 86' lang='lat' dir='ltr'>opulentam</span> <span class='ocrx_word' id='word_1_172' title='bbox 1035 1344 1258 1409; x_wconf 71' lang='lat' dir='ltr'>praedam,</span> <span class='ocrx_word' id='word_1_173' title='bbox 1297 1358 1376 1395; x_wconf 80' lang='lat' dir='ltr'>aut</span> <span class='ocrx_word' id='word_1_174' title='bbox 1410 1345 1434 1392; x_wconf 80' lang='grc' dir='ltr'>ὲ</span> <span class='ocrx_word' id='word_1_175' title='bbox 1459 1346 1870 1410; x_wconf 85' lang='lat' dir='ltr'>congredientibus</span> 
     </span>
     <span class='ocr_line' id='line_1_20' title="bbox 93 1408 1871 1474; baseline -0.003 -13"><span class='ocrx_word' id='word_1_176' title='bbox 93 1414 191 1462; x_wconf 90' lang='lat' dir='ltr'>fore</span> <span class='ocrx_word' id='word_1_177' title='bbox 209 1429 301 1461; x_wconf 88' lang='lat' dir='ltr'>non</span> <span class='ocrx_word' id='word_1_178' title='bbox 322 1413 559 1461; x_wconf 84' lang='lat' dir='ltr'>difficilem</span> <span class='ocrx_word' id='word_1_179' title='bbox 581 1411 822 1460; x_wconf 71' lang='lat' dir='ltr'>victoriam</span> <span class='ocrx_word' id='word_1_180' title='bbox 843 1427 1012 1474; x_wconf 87' lang='lat' dir='ltr'>magna</span> <span class='ocrx_word' id='word_1_181' title='bbox 1031 1409 1237 1472; x_wconf 87' lang='lat' dir='ltr'>undique</span> <span class='ocrx_word' id='word_1_182' title='bbox 1254 1408 1612 1459; x_wconf 89' lang='lat' dir='ltr'>facinorosorum</span> <span class='ocrx_word' id='word_1_183' title='bbox 1634 1428 1774 1459; x_wconf 86' lang='lat' dir='ltr'>manu</span> <span class='ocrx_word' id='word_1_184' title='bbox 1791 1429 1871 1461; x_wconf 90' lang='lat' dir='ltr'>co.</span> 
     </span>
     <span class='ocr_line' id='line_1_21' title="bbox 91 1474 1871 1540; baseline 0.001 -14"><span class='ocrx_word' id='word_1_185' title='bbox 91 1480 207 1534; x_wconf 66' lang='lat' dir='ltr'>atla,</span> <span class='ocrx_word' id='word_1_186' title='bbox 223 1477 473 1526; x_wconf 82' lang='lat' dir='ltr'>aestuarium</span> <span class='ocrx_word' id='word_1_187' title='bbox 484 1478 661 1525; x_wconf 88' lang='lat' dir='ltr'>Glottae</span> <span class='ocrx_word' id='word_1_188' title='bbox 675 1475 822 1524; x_wconf 87' lang='lat' dir='ltr'>amnis</span> <span class='ocrx_word' id='word_1_189' title='bbox 836 1475 1029 1523; x_wconf 88' lang='lat' dir='ltr'>navibus</span> <span class='ocrx_word' id='word_1_190' title='bbox 1042 1474 1262 1539; x_wconf 86' lang='lat' dir='ltr'>ingressus</span> <span class='ocrx_word' id='word_1_191' title='bbox 1283 1474 1529 1536; x_wconf 85' lang='lat' dir='ltr'>(1)finistra</span> <span class='ocrx_word' id='word_1_192' title='bbox 1541 1476 1642 1540; x_wconf 83' lang='lat' dir='ltr'>ripa</span> <span class='ocrx_word' id='word_1_193' title='bbox 1653 1476 1871 1527; x_wconf 79' lang='lat' dir='ltr'>exscensi-</span> 
     </span>
     <span class='ocr_line' id='line_1_22' title="bbox 89 1538 1870 1606; baseline 0.001 -16"><span class='ocrx_word' id='word_1_194' title='bbox 89 1557 229 1593; x_wconf 87' lang='lat' dir='ltr'>onem</span> <span class='ocrx_word' id='word_1_195' title='bbox 251 1543 381 1599; x_wconf 74' lang='lat' dir='ltr'>fecit,</span> <span class='ocrx_word' id='word_1_196' title='bbox 395 1559 449 1590; x_wconf 90' lang='lat' dir='ltr'>ac</span> <span class='ocrx_word' id='word_1_197' title='bbox 471 1542 738 1590; x_wconf 88' lang='lat' dir='ltr'>blandiente</span> <span class='ocrx_word' id='word_1_198' title='bbox 756 1542 815 1589; x_wconf 88' lang='lat' dir='ltr'>ab</span> <span class='ocrx_word' id='word_1_199' title='bbox 832 1541 970 1588; x_wconf 89' lang='lat' dir='ltr'>initio</span> <span class='ocrx_word' id='word_1_200' title='bbox 992 1540 1194 1595; x_wconf 85' lang='lat' dir='ltr'>fortuna,</span> <span class='ocrx_word' id='word_1_201' title='bbox 1211 1538 1461 1587; x_wconf 87' lang='lat' dir='ltr'>Renfroam</span> <span class='ocrx_word' id='word_1_202' title='bbox 1482 1539 1623 1603; x_wconf 87' lang='lat' dir='ltr'>usque</span> <span class='ocrx_word' id='word_1_203' title='bbox 1643 1556 1870 1606; x_wconf 87' lang='lat' dir='ltr'>penetrat.</span> 
     </span>
     <span class='ocr_line' id='line_1_23' title="bbox 92 1602 1874 1672; baseline 0.001 -18"><span class='ocrx_word' id='word_1_204' title='bbox 92 1608 167 1655; x_wconf 89' lang='lat' dir='ltr'>Ibi</span> <span class='ocrx_word' id='word_1_205' title='bbox 189 1609 301 1656; x_wconf 87' lang='lat' dir='ltr'>dum</span> <span class='ocrx_word' id='word_1_206' title='bbox 323 1609 520 1656; x_wconf 87' lang='lat' dir='ltr'>multum</span> <span class='ocrx_word' id='word_1_207' title='bbox 543 1608 729 1671; x_wconf 64' lang='lat' dir='ltr'>praedae,</span> <span class='ocrx_word' id='word_1_208' title='bbox 753 1622 915 1670; x_wconf 89' lang='lat' dir='ltr'>parum</span> <span class='ocrx_word' id='word_1_209' title='bbox 936 1605 1248 1653; x_wconf 87' lang='lat' dir='ltr'>incolumitati</span> <span class='ocrx_word' id='word_1_210' title='bbox 1268 1604 1450 1652; x_wconf 88' lang='lat' dir='ltr'>suorum</span> <span class='ocrx_word' id='word_1_211' title='bbox 1471 1602 1675 1653; x_wconf 85' lang='lat' dir='ltr'>intentus</span> <span class='ocrx_word' id='word_1_212' title='bbox 1698 1608 1810 1672; x_wconf 82' lang='lat' dir='ltr'>agit,</span> <span class='ocrx_word' id='word_1_213' title='bbox 1847 1628 1874 1656; x_wconf 79' lang='lat' dir='ltr'>a</span> 
     </span>
     <span class='ocr_line' id='line_1_24' title="bbox 93 1669 1874 1736; baseline 0.001 -17"><span class='ocrx_word' id='word_1_214' title='bbox 93 1674 243 1720; x_wconf 80' lang='lat' dir='ltr'>multo</span> <span class='ocrx_word' id='word_1_215' title='bbox 254 1673 551 1736; x_wconf 44' lang='lat' dir='ltr'>,paucioribus</span> <span class='ocrx_word' id='word_1_216' title='bbox 570 1672 908 1720; x_wconf 90' lang='lat' dir='ltr'>circumventus</span> <span class='ocrx_word' id='word_1_217' title='bbox 931 1670 1031 1718; x_wconf 86' lang='lat' dir='ltr'>suos</span> <span class='ocrx_word' id='word_1_218' title='bbox 1052 1686 1199 1734; x_wconf 83' lang='lat' dir='ltr'>prope</span> <span class='ocrx_word' id='word_1_219' title='bbox 1216 1686 1376 1718; x_wconf 90' lang='lat' dir='ltr'>omnes</span> <span class='ocrx_word' id='word_1_220' title='bbox 1399 1669 1564 1718; x_wconf 74' lang='lat' dir='ltr'>amisit.</span> <span class='ocrx_word' id='word_1_221' title='bbox 1619 1672 1720 1734; x_wconf 90' lang='lat' dir='ltr'>Ipse</span> <span class='ocrx_word' id='word_1_222' title='bbox 1741 1673 1874 1722; x_wconf 78' lang='lat' dir='ltr'>vivus</span> 
     </span>
     <span class='ocr_line' id='line_1_25' title="bbox 93 1735 1873 1802; baseline 0.001 -17"><span class='ocrx_word' id='word_1_223' title='bbox 93 1737 152 1786; x_wconf 88' lang='lat' dir='ltr'>ad</span> <span class='ocrx_word' id='word_1_224' title='bbox 173 1755 377 1801; x_wconf 85' lang='lat' dir='ltr'>poenam,</span> <span class='ocrx_word' id='word_1_225' title='bbox 397 1741 448 1789; x_wconf 68' lang='grc' dir='ltr'>ὃς</span> <span class='ocrx_word' id='word_1_226' title='bbox 468 1737 723 1785; x_wconf 89' lang='lat' dir='ltr'>ludibrium</span> <span class='ocrx_word' id='word_1_227' title='bbox 743 1736 940 1785; x_wconf 89' lang='lat' dir='ltr'>servatus</span> <span class='ocrx_word' id='word_1_228' title='bbox 963 1737 1022 1784; x_wconf 91' lang='lat' dir='ltr'>ad</span> <span class='ocrx_word' id='word_1_229' title='bbox 1043 1737 1223 1802; x_wconf 87' lang='lat' dir='ltr'>Regem</span> <span class='ocrx_word' id='word_1_230' title='bbox 1246 1735 1532 1798; x_wconf 86' lang='lat' dir='ltr'>perducitur.</span> <span class='ocrx_word' id='word_1_231' title='bbox 1569 1738 1668 1784; x_wconf 88' lang='lat' dir='ltr'>Alii</span> <span class='ocrx_word' id='word_1_232' title='bbox 1691 1755 1798 1786; x_wconf 85' lang='lat' dir='ltr'>eum</span> <span class='ocrx_word' id='word_1_233' title='bbox 1816 1757 1873 1786; x_wconf 76' lang='lat' dir='ltr'>u-</span> 
     </span>
     <span class='ocr_line' id='line_1_26' title="bbox 36 1799 1873 1868; baseline 0.001 -18"><span class='ocrx_word' id='word_1_234' title='bbox 36 1824 37 1827; x_wconf 45' lang='lat'><em>*</em></span> <span class='ocrx_word' id='word_1_235' title='bbox 93 1816 154 1850; x_wconf 75' lang='lat' dir='ltr'>na</span> <span class='ocrx_word' id='word_1_236' title='bbox 171 1819 277 1850; x_wconf 91' lang='lat' dir='ltr'>cum</span> <span class='ocrx_word' id='word_1_237' title='bbox 300 1803 396 1850; x_wconf 86' lang='lat' dir='ltr'>filio</span> <span class='ocrx_word' id='word_1_238' title='bbox 417 1802 464 1851; x_wconf 91' lang='lat' dir='ltr'>in</span> <span class='ocrx_word' id='word_1_239' title='bbox 486 1802 648 1866; x_wconf 78' lang='lat' dir='ltr'>praelio</span> <span class='ocrx_word' id='word_1_240' title='bbox 673 1803 882 1850; x_wconf 75' lang='lat' dir='ltr'>cecidiss&#39;e</span> <span class='ocrx_word' id='word_1_241' title='bbox 904 1800 1120 1849; x_wconf 78' lang='lat' dir='ltr'>scribunt.</span> <span class='ocrx_word' id='word_1_242' title='bbox 1190 1802 1310 1848; x_wconf 83' lang='lat' dir='ltr'>Haec</span> <span class='ocrx_word' id='word_1_243' title='bbox 1332 1799 1513 1847; x_wconf 87' lang='lat' dir='ltr'>circiter</span> <span class='ocrx_word' id='word_1_244' title='bbox 1535 1819 1708 1849; x_wconf 85' lang='lat' dir='ltr'>annum</span> <span class='ocrx_word' id='word_1_245' title='bbox 1737 1821 1753 1852; x_wconf 87' lang='lat'>1</span> <span class='ocrx_word' id='word_1_246' title='bbox 1769 1806 1822 1852; x_wconf 84' lang='lat'>16</span> <span class='ocrx_word' id='word_1_247' title='bbox 1829 1823 1873 1868; x_wconf 72' lang='lat'>3.</span> 
     </span>
     <span class='ocr_line' id='line_1_27' title="bbox 38 1865 1875 1931; baseline 0.001 -16"><span class='ocrx_word' id='word_1_248' title='bbox 38 1906 41 1908; x_wconf 19' lang='grc' dir='ltr'><strong>Α</strong></span> <span class='ocrx_word' id='word_1_249' title='bbox 93 1869 216 1931; x_wconf 85' lang='lat' dir='ltr'>gesta</span> <span class='ocrx_word' id='word_1_250' title='bbox 232 1868 348 1915; x_wconf 89' lang='lat' dir='ltr'>sunt.</span> <span class='ocrx_word' id='word_1_251' title='bbox 397 1869 566 1915; x_wconf 92' lang='lat' dir='ltr'>Pacato</span> <span class='ocrx_word' id='word_1_252' title='bbox 585 1867 757 1931; x_wconf 89' lang='lat' dir='ltr'>ubique</span> <span class='ocrx_word' id='word_1_253' title='bbox 775 1884 802 1914; x_wconf 88' lang='lat' dir='ltr'>a</span> <span class='ocrx_word' id='word_1_254' title='bbox 817 1866 1094 1915; x_wconf 85' lang='lat' dir='ltr'>tumultibus</span> <span class='ocrx_word' id='word_1_255' title='bbox 1116 1865 1296 1914; x_wconf 89' lang='lat' dir='ltr'>bellicis</span> <span class='ocrx_word' id='word_1_256' title='bbox 1314 1882 1476 1929; x_wconf 85' lang='lat' dir='ltr'>regno,</span> <span class='ocrx_word' id='word_1_257' title='bbox 1501 1879 1754 1916; x_wconf 82' lang='lat' dir='ltr'>conventus</span> <span class='ocrx_word' id='word_1_258' title='bbox 1772 1886 1875 1917; x_wconf 88' lang='lat' dir='ltr'>om-</span> 
     </span>
     <span class='ocr_line' id='line_1_28' title="bbox 96 1930 1875 1996; baseline 0 -14"><span class='ocrx_word' id='word_1_259' title='bbox 96 1932 225 1982; x_wconf 81' lang='lat' dir='ltr'>nium</span> <span class='ocrx_word' id='word_1_260' title='bbox 247 1931 461 1984; x_wconf 86' lang='lat' dir='ltr'>ordinum</span> <span class='ocrx_word' id='word_1_261' title='bbox 479 1932 696 1981; x_wconf 67' lang='lat' dir='ltr'>indictus.</span> <span class='ocrx_word' id='word_1_262' title='bbox 747 1933 822 1980; x_wconf 90' lang='lat' dir='ltr'>Ibi</span> <span class='ocrx_word' id='word_1_263' title='bbox 838 1934 946 1980; x_wconf 71' lang='lat' dir='ltr'>cum</span> <span class='ocrx_word' id='word_1_264' title='bbox 972 1930 1063 1978; x_wconf 85' lang='lat' dir='ltr'>alia</span> <span class='ocrx_word' id='word_1_265' title='bbox 1083 1931 1230 1978; x_wconf 85' lang='lat' dir='ltr'>multa</span> <span class='ocrx_word' id='word_1_266' title='bbox 1258 1931 1316 1977; x_wconf 88' lang='lat' dir='ltr'>ad</span> <span class='ocrx_word' id='word_1_267' title='bbox 1351 1932 1512 1977; x_wconf 84' lang='lat' dir='ltr'>statum</span> <span class='ocrx_word' id='word_1_268' title='bbox 1541 1932 1674 1996; x_wconf 83' lang='lat' dir='ltr'>regni</span> <span class='ocrx_word' id='word_1_269' title='bbox 1709 1937 1875 1982; x_wconf 80' lang='lat' dir='ltr'>confir-</span> 
     </span>
     <span class='ocr_line' id='line_1_29' title="bbox 98 1987 1876 2062; baseline 0.002 -18"><span class='ocrx_word' id='word_1_270' title='bbox 98 1997 322 2044; x_wconf 85' lang='lat' dir='ltr'>mandum</span> <span class='ocrx_word' id='word_1_271' title='bbox 345 1999 714 2053; x_wconf 87' lang='lat' dir='ltr'>decernerentur,</span> <span class='ocrx_word' id='word_1_272' title='bbox 728 1996 967 2045; x_wconf 88' lang='lat' dir='ltr'>communi</span> <span class='ocrx_word' id='word_1_273' title='bbox 989 1996 1207 2043; x_wconf 86' lang='lat' dir='ltr'>consensu</span> <span class='ocrx_word' id='word_1_274' title='bbox 1227 1996 1395 2059; x_wconf 87' lang='lat' dir='ltr'>aRege</span> <span class='ocrx_word' id='word_1_275' title='bbox 1416 1987 1605 2060; x_wconf 73' lang='lat' dir='ltr'>publice</span> <span class='ocrx_word' id='word_1_276' title='bbox 1623 1999 1876 2062; x_wconf 83' lang='lat' dir='ltr'>petierunt,</span> 
     </span>
     <span class='ocr_line' id='line_1_30' title="bbox 99 2060 1876 2126; baseline 0.003 -18"><span class='ocrx_word' id='word_1_277' title='bbox 99 2073 170 2116; x_wconf 88' lang='lat' dir='ltr'>ut,</span> <span class='ocrx_word' id='word_1_278' title='bbox 193 2061 413 2125; x_wconf 86' lang='lat' dir='ltr'>quoniam</span> <span class='ocrx_word' id='word_1_279' title='bbox 429 2061 526 2123; x_wconf 87' lang='lat' dir='ltr'>jam</span> <span class='ocrx_word' id='word_1_280' title='bbox 544 2063 726 2125; x_wconf 89' lang='lat' dir='ltr'>pridem</span> <span class='ocrx_word' id='word_1_281' title='bbox 749 2060 1045 2110; x_wconf 87' lang='lat' dir='ltr'>matrimonio</span> <span class='ocrx_word' id='word_1_282' title='bbox 1065 2061 1173 2109; x_wconf 79' lang='lat' dir='ltr'>ess‘et</span> <span class='ocrx_word' id='word_1_283' title='bbox 1192 2075 1415 2115; x_wconf 76' lang='lat' dir='ltr'>maturUS,</span> <span class='ocrx_word' id='word_1_284' title='bbox 1452 2061 1627 2125; x_wconf 82' lang='lat' dir='ltr'>quippe</span> <span class='ocrx_word' id='word_1_285' title='bbox 1650 2064 1732 2126; x_wconf 87' lang='lat' dir='ltr'>qui</span> <span class='ocrx_word' id='word_1_286' title='bbox 1754 2066 1876 2113; x_wconf 80' lang='lat' dir='ltr'>vice-</span> 
     </span>
     <span class='ocr_line' id='line_1_31' title="bbox 96 2125 1877 2189; baseline 0.003 -17"><span class='ocrx_word' id='word_1_287' title='bbox 96 2125 260 2173; x_wconf 80' lang='lat' dir='ltr'>fimum</span> <span class='ocrx_word' id='word_1_288' title='bbox 284 2126 530 2174; x_wconf 84' lang='lat' dir='ltr'>secundum</span> <span class='ocrx_word' id='word_1_289' title='bbox 550 2127 660 2174; x_wconf 86' lang='lat' dir='ltr'>vitae</span> <span class='ocrx_word' id='word_1_290' title='bbox 674 2141 852 2175; x_wconf 74' lang='lat' dir='ltr'>annum</span> <span class='ocrx_word' id='word_1_291' title='bbox 875 2127 1133 2182; x_wconf 84' lang='lat' dir='ltr'>excederet,</span> <span class='ocrx_word' id='word_1_292' title='bbox 1158 2127 1215 2174; x_wconf 91' lang='lat' dir='ltr'>de</span> <span class='ocrx_word' id='word_1_293' title='bbox 1237 2125 1412 2189; x_wconf 87' lang='lat' dir='ltr'>nuptiis</span> <span class='ocrx_word' id='word_1_294' title='bbox 1435 2127 1674 2189; x_wconf 85' lang='lat' dir='ltr'>cogitaret,</span> <span class='ocrx_word' id='word_1_295' title='bbox 1697 2135 1738 2177; x_wconf 72' lang='grc' dir='ltr'>δε</span> <span class='ocrx_word' id='word_1_296' title='bbox 1759 2130 1877 2178; x_wconf 85' lang='lat' dir='ltr'>libe-</span> 
     </span>
     <span class='ocr_line' id='line_1_32' title="bbox 98 2188 1879 2256; baseline 0.003 -19"><span class='ocrx_word' id='word_1_297' title='bbox 98 2188 160 2237; x_wconf 84' lang='lat' dir='ltr'>ris</span> <span class='ocrx_word' id='word_1_298' title='bbox 182 2191 391 2238; x_wconf 71' lang='lat' dir='ltr'>creandis</span> <span class='ocrx_word' id='word_1_299' title='bbox 412 2206 600 2255; x_wconf 85' lang='lat' dir='ltr'>operam</span> <span class='ocrx_word' id='word_1_300' title='bbox 621 2192 765 2241; x_wconf 87' lang='lat' dir='ltr'>daret.</span> <span class='ocrx_word' id='word_1_301' title='bbox 834 2192 891 2239; x_wconf 94' lang='lat' dir='ltr'>Id</span> <span class='ocrx_word' id='word_1_302' title='bbox 907 2207 1014 2238; x_wconf 88' lang='lat' dir='ltr'>eum</span> <span class='ocrx_word' id='word_1_303' title='bbox 1037 2197 1079 2238; x_wconf 86' lang='lat'>&amp;</span> <span class='ocrx_word' id='word_1_304' title='bbox 1101 2189 1287 2255; x_wconf 87' lang='lat' dir='ltr'>publice</span> <span class='ocrx_word' id='word_1_305' title='bbox 1304 2207 1466 2254; x_wconf 84' lang='lat' dir='ltr'>regno,</span> <span class='ocrx_word' id='word_1_306' title='bbox 1487 2199 1528 2238; x_wconf 86' lang='lat'>&amp;</span> <span class='ocrx_word' id='word_1_307' title='bbox 1553 2192 1769 2256; x_wconf 86' lang='lat' dir='ltr'>privatim</span> <span class='ocrx_word' id='word_1_308' title='bbox 1790 2195 1879 2243; x_wconf 82' lang='lat' dir='ltr'>suae</span> 
     </span>
     <span class='ocr_line' id='line_1_33' title="bbox 99 2253 1880 2322; baseline 0.003 -20"><span class='ocrx_word' id='word_1_309' title='bbox 99 2254 288 2302; x_wconf 80' lang='lat' dir='ltr'>familiae</span> <span class='ocrx_word' id='word_1_310' title='bbox 322 2257 489 2304; x_wconf 87' lang='lat' dir='ltr'>debere</span> <span class='ocrx_word' id='word_1_311' title='bbox 509 2273 521 2307; x_wconf 89' lang='lat'>·.</span> <span class='ocrx_word' id='word_1_312' title='bbox 575 2273 726 2322; x_wconf 88' lang='lat' dir='ltr'>neque</span> <span class='ocrx_word' id='word_1_313' title='bbox 762 2253 994 2321; x_wconf 86' lang='lat' dir='ltr'>praesentis</span> <span class='ocrx_word' id='word_1_314' title='bbox 1027 2256 1168 2303; x_wconf 90' lang='lat' dir='ltr'>modo</span> <span class='ocrx_word' id='word_1_315' title='bbox 1189 2256 1430 2318; x_wconf 86' lang='lat' dir='ltr'>temporis,</span> <span class='ocrx_word' id='word_1_316' title='bbox 1467 2256 1539 2303; x_wconf 88' lang='lat' dir='ltr'>sed</span> <span class='ocrx_word' id='word_1_317' title='bbox 1573 2257 1718 2306; x_wconf 89' lang='lat' dir='ltr'>futuri</span> <span class='ocrx_word' id='word_1_318' title='bbox 1739 2259 1880 2308; x_wconf 88' lang='lat' dir='ltr'>etiam</span> 
     </span>
     <span class='ocr_line' id='line_1_34' title="bbox 99 2319 1883 2386; baseline 0.003 -18"><span class='ocrx_word' id='word_1_319' title='bbox 99 2319 424 2384; x_wconf 82' lang='lat' dir='ltr'>tranquillitati</span> <span class='ocrx_word' id='word_1_320' title='bbox 444 2321 490 2368; x_wconf 90' lang='lat' dir='ltr'>ei</span> <span class='ocrx_word' id='word_1_321' title='bbox 511 2321 668 2373; x_wconf 86' lang='lat' dir='ltr'>animo</span> <span class='ocrx_word' id='word_1_322' title='bbox 686 2321 1054 2386; x_wconf 87' lang='lat' dir='ltr'>prospiciendum</span> <span class='ocrx_word' id='word_1_323' title='bbox 1078 2322 1180 2368; x_wconf 83' lang='lat' dir='ltr'>effe.</span> <span class='ocrx_word' id='word_1_324' title='bbox 1237 2320 1314 2368; x_wconf 88' lang='lat' dir='ltr'>Ad</span> <span class='ocrx_word' id='word_1_325' title='bbox 1333 2320 1432 2369; x_wconf 82' lang='lat' dir='ltr'>haec</span> <span class='ocrx_word' id='word_1_326' title='bbox 1454 2321 1536 2368; x_wconf 89' lang='lat' dir='ltr'>ille</span> <span class='ocrx_word' id='word_1_327' title='bbox 1556 2322 1808 2386; x_wconf 87' lang='lat' dir='ltr'>respondit,</span> <span class='ocrx_word' id='word_1_328' title='bbox 1837 2327 1883 2374; x_wconf 83' lang='lat' dir='ltr'>s&#39;e</span> 
     </span>
     <span class='ocr_line' id='line_1_35' title="bbox 100 2385 1883 2452; baseline 0.004 -20"><span class='ocrx_word' id='word_1_329' title='bbox 100 2385 159 2433; x_wconf 86' lang='lat' dir='ltr'>ab</span> <span class='ocrx_word' id='word_1_330' title='bbox 181 2401 236 2433; x_wconf 91' lang='lat' dir='ltr'>eo</span> <span class='ocrx_word' id='word_1_331' title='bbox 257 2386 395 2448; x_wconf 87' lang='lat' dir='ltr'>usque</span> <span class='ocrx_word' id='word_1_332' title='bbox 416 2400 641 2450; x_wconf 89' lang='lat' dir='ltr'>tempore,</span> <span class='ocrx_word' id='word_1_333' title='bbox 661 2404 755 2451; x_wconf 89' lang='lat' dir='ltr'>quo</span> <span class='ocrx_word' id='word_1_334' title='bbox 776 2386 885 2434; x_wconf 87' lang='lat' dir='ltr'>vitae</span> <span class='ocrx_word' id='word_1_335' title='bbox 906 2386 992 2434; x_wconf 84' lang='lat' dir='ltr'>suae</span> <span class='ocrx_word' id='word_1_336' title='bbox 1015 2385 1239 2433; x_wconf 89' lang='lat' dir='ltr'>rationem</span> <span class='ocrx_word' id='word_1_337' title='bbox 1259 2385 1394 2439; x_wconf 86' lang='lat' dir='ltr'>inire,</span> <span class='ocrx_word' id='word_1_338' title='bbox 1419 2389 1468 2434; x_wconf 76' lang='grc' dir='ltr'>δε</span> <span class='ocrx_word' id='word_1_339' title='bbox 1491 2387 1672 2436; x_wconf 88' lang='lat' dir='ltr'>cursum</span> <span class='ocrx_word' id='word_1_340' title='bbox 1688 2389 1786 2452; x_wconf 82' lang='lat' dir='ltr'>ejus</span> <span class='ocrx_word' id='word_1_341' title='bbox 1808 2392 1883 2439; x_wconf 90' lang='lat' dir='ltr'>di-</span> 
     </span>
     <span class='ocr_line' id='line_1_36' title="bbox 98 2449 1882 2516; baseline 0.003 -18"><span class='ocrx_word' id='word_1_342' title='bbox 98 2449 255 2516; x_wconf 87' lang='lat' dir='ltr'>rigere</span> <span class='ocrx_word' id='word_1_343' title='bbox 273 2451 491 2514; x_wconf 81' lang='lat' dir='ltr'>potuerit,</span> <span class='ocrx_word' id='word_1_344' title='bbox 510 2451 842 2500; x_wconf 84' lang='lat' dir='ltr'>continentiam</span> <span class='ocrx_word' id='word_1_345' title='bbox 862 2450 920 2498; x_wconf 89' lang='lat' dir='ltr'>ab</span> <span class='ocrx_word' id='word_1_346' title='bbox 942 2449 1257 2513; x_wconf 83' lang='lat' dir='ltr'>hujuscemodi</span> <span class='ocrx_word' id='word_1_347' title='bbox 1275 2450 1607 2513; x_wconf 85' lang='lat' dir='ltr'>cupiditatibus</span> <span class='ocrx_word' id='word_1_348' title='bbox 1628 2453 1736 2502; x_wconf 91' lang='lat' dir='ltr'>Deo</span> <span class='ocrx_word' id='word_1_349' title='bbox 1755 2454 1882 2504; x_wconf 80' lang='lat' dir='ltr'>sanc-</span> 
     </span>
     <span class='ocr_line' id='line_1_37' title="bbox 31 2515 1882 2581; baseline 0.004 -19"><span class='ocrx_word' id='word_1_350' title='bbox 31 2532 33 2534; x_wconf 84' lang='lat'>·</span> <span class='ocrx_word' id='word_1_351' title='bbox 100 2526 148 2562; x_wconf 90' lang='lat' dir='ltr'>te</span> <span class='ocrx_word' id='word_1_352' title='bbox 168 2515 428 2580; x_wconf 69' lang='lat' dir='ltr'>promisisse.</span> <span class='ocrx_word' id='word_1_353' title='bbox 497 2516 642 2579; x_wconf 85' lang='lat' dir='ltr'>Qod</span> <span class='ocrx_word' id='word_1_354' title='bbox 660 2516 791 2564; x_wconf 89' lang='lat' dir='ltr'>suum</span> <span class='ocrx_word' id='word_1_355' title='bbox 811 2529 971 2563; x_wconf 89' lang='lat' dir='ltr'>votum</span> <span class='ocrx_word' id='word_1_356' title='bbox 994 2516 1037 2563; x_wconf 87' lang='lat' dir='ltr'>se</span> <span class='ocrx_word' id='word_1_357' title='bbox 1057 2515 1315 2564; x_wconf 72' lang='lat' dir='ltr'>existimare</span> <span class='ocrx_word' id='word_1_358' title='bbox 1329 2515 1380 2562; x_wconf 85' lang='lat' dir='ltr'>&#39;ei</span> <span class='ocrx_word' id='word_1_359' title='bbox 1400 2532 1493 2564; x_wconf 88' lang='lat' dir='ltr'>non</span> <span class='ocrx_word' id='word_1_360' title='bbox 1515 2515 1751 2581; x_wconf 86' lang='lat' dir='ltr'>ingratum</span> <span class='ocrx_word' id='word_1_361' title='bbox 1773 2521 1882 2570; x_wconf 86' lang='lat' dir='ltr'>fuis-</span> 
     </span>
     <span class='ocr_line' id='line_1_38' title="bbox 101 2579 1884 2645; baseline 0.004 -16"><span class='ocrx_word' id='word_1_362' title='bbox 101 2579 163 2635; x_wconf 79' lang='lat' dir='ltr'>se,</span> <span class='ocrx_word' id='word_1_363' title='bbox 187 2581 270 2644; x_wconf 90' lang='lat' dir='ltr'>qui</span> <span class='ocrx_word' id='word_1_364' title='bbox 287 2580 327 2628; x_wconf 86' lang='lat'>&amp;</span> <span class='ocrx_word' id='word_1_365' title='bbox 343 2580 463 2628; x_wconf 81' lang='lat' dir='ltr'>vires</span> <span class='ocrx_word' id='word_1_366' title='bbox 479 2581 539 2628; x_wconf 84' lang='lat' dir='ltr'>ad</span> <span class='ocrx_word' id='word_1_367' title='bbox 553 2581 604 2631; x_wconf 87' lang='lat' dir='ltr'>id</span> <span class='ocrx_word' id='word_1_368' title='bbox 625 2582 929 2645; x_wconf 85' lang='lat' dir='ltr'>praestandum</span> <span class='ocrx_word' id='word_1_369' title='bbox 948 2581 1154 2637; x_wconf 89' lang='lat' dir='ltr'>dedisset,</span> <span class='ocrx_word' id='word_1_370' title='bbox 1177 2584 1229 2632; x_wconf 66' lang='grc' dir='ltr'>ὃς</span> <span class='ocrx_word' id='word_1_371' title='bbox 1248 2581 1452 2628; x_wconf 82' lang='lat' dir='ltr'>haeredes</span> <span class='ocrx_word' id='word_1_372' title='bbox 1472 2581 1884 2636; x_wconf 85' lang='lat' dir='ltr'>adsuccedendum</span> 
     </span>
     <span class='ocr_line' id='line_1_39' title="bbox 106 2645 1885 2713; baseline 0.002 -22"><span class='ocrx_word' id='word_1_373' title='bbox 106 2645 391 2707; x_wconf 64' lang='lat' dir='ltr'>praeparasset</span> <span class='ocrx_word' id='word_1_374' title='bbox 419 2663 432 2693; x_wconf 74' lang='grc' dir='ltr'>ε</span> <span class='ocrx_word' id='word_1_375' title='bbox 482 2659 532 2693; x_wconf 91' lang='lat' dir='ltr'>ut</span> <span class='ocrx_word' id='word_1_376' title='bbox 553 2663 639 2694; x_wconf 88' lang='lat' dir='ltr'>nec</span> <span class='ocrx_word' id='word_1_377' title='bbox 659 2646 925 2694; x_wconf 86' lang='lat' dir='ltr'>infirmitate</span> <span class='ocrx_word' id='word_1_378' title='bbox 955 2645 1117 2702; x_wconf 88' lang='lat' dir='ltr'>animi,</span> <span class='ocrx_word' id='word_1_379' title='bbox 1137 2662 1223 2694; x_wconf 88' lang='lat' dir='ltr'>nec</span> <span class='ocrx_word' id='word_1_380' title='bbox 1244 2646 1499 2693; x_wconf 74' lang='lat' dir='ltr'>necestitate</span> <span class='ocrx_word' id='word_1_381' title='bbox 1520 2647 1676 2711; x_wconf 89' lang='lat' dir='ltr'>aliqua</span> <span class='ocrx_word' id='word_1_382' title='bbox 1696 2651 1885 2713; x_wconf 83' lang='lat' dir='ltr'>publica</span> 
     </span>
     <span class='ocr_line' id='line_1_40' title="bbox 105 2709 1884 2775; baseline 0.006 -21"><span class='ocrx_word' id='word_1_383' title='bbox 105 2725 133 2754; x_wconf 89' lang='lat' dir='ltr'>e</span> <span class='ocrx_word' id='word_1_384' title='bbox 149 2709 380 2773; x_wconf 69' lang='lat' dir='ltr'>proposito</span> <span class='ocrx_word' id='word_1_385' title='bbox 399 2709 588 2759; x_wconf 86' lang='lat' dir='ltr'>vivendi</span> <span class='ocrx_word' id='word_1_386' title='bbox 603 2712 737 2759; x_wconf 82' lang='lat' dir='ltr'>cursu</span> <span class='ocrx_word' id='word_1_387' title='bbox 758 2711 999 2759; x_wconf 64' lang='lat' dir='ltr'>deflefitere</span> <span class='ocrx_word' id='word_1_388' title='bbox 1018 2718 1278 2775; x_wconf 82' lang='lat' dir='ltr'>cogeretur.</span> <span class='ocrx_word' id='word_1_389' title='bbox 1346 2710 1542 2758; x_wconf 78' lang='lat' dir='ltr'>Dimisso</span> <span class='ocrx_word' id='word_1_390' title='bbox 1569 2714 1760 2762; x_wconf 76' lang='lat' dir='ltr'>consilio</span> <span class='ocrx_word' id='word_1_391' title='bbox 1775 2733 1884 2765; x_wconf 88' lang='lat' dir='ltr'>cum</span> 
     </span>
     <span class='ocr_line' id='line_1_41' title="bbox 105 2771 1883 2838; baseline 0.006 -19"><span class='ocrx_word' id='word_1_392' title='bbox 105 2771 216 2820; x_wconf 79' lang='lat' dir='ltr'>foris</span> <span class='ocrx_word' id='word_1_393' title='bbox 241 2789 330 2836; x_wconf 82' lang='lat' dir='ltr'>pax</span> <span class='ocrx_word' id='word_1_394' title='bbox 350 2775 474 2830; x_wconf 82' lang='lat' dir='ltr'>effet,</span> <span class='ocrx_word' id='word_1_395' title='bbox 495 2776 555 2824; x_wconf 87' lang='lat' dir='ltr'>ad</span> <span class='ocrx_word' id='word_1_396' title='bbox 588 2791 706 2823; x_wconf 84' lang='lat' dir='ltr'>artes</span> <span class='ocrx_word' id='word_1_397' title='bbox 728 2778 890 2832; x_wconf 86' lang='lat' dir='ltr'>avitas,</span> <span class='ocrx_word' id='word_1_398' title='bbox 926 2776 1338 2838; x_wconf 60' lang='lat' dir='ltr'>nempe‘sacrarum</span> <span class='ocrx_word' id='word_1_399' title='bbox 1359 2776 1534 2823; x_wconf 69' lang='lat' dir='ltr'>&#39;aedium</span> <span class='ocrx_word' id='word_1_400' title='bbox 1555 2779 1883 2838; x_wconf 40' lang='lat' dir='ltr'>extructionem</span> 
     </span>
     <span class='ocr_line' id='line_1_42' title="bbox 105 2835 1885 2910; baseline 0.005 -25"><span class='ocrx_word' id='word_1_401' title='bbox 105 2841 148 2885; x_wconf 70' lang='grc' dir='ltr'>δι</span> <span class='ocrx_word' id='word_1_402' title='bbox 169 2835 217 2884; x_wconf 86' lang='lat' dir='ltr'>in</span> <span class='ocrx_word' id='word_1_403' title='bbox 238 2840 485 2886; x_wconf 82' lang='lat' dir='ltr'>monachos</span> <span class='ocrx_word' id='word_1_404' title='bbox 507 2841 776 2903; x_wconf 82' lang='lat' dir='ltr'>largitiones</span> <span class='ocrx_word' id='word_1_405' title='bbox 805 2840 892 2889; x_wconf 88' lang='lat' dir='ltr'>sese</span> <span class='ocrx_word' id='word_1_406' title='bbox 912 2840 1156 2889; x_wconf 85' lang='lat' dir='ltr'>convertit.</span> <span class='ocrx_word' id='word_1_407' title='bbox 1225 2842 1334 2904; x_wconf 85' lang='lat' dir='ltr'>Qa</span> <span class='ocrx_word' id='word_1_408' title='bbox 1366 2840 1414 2886; x_wconf 86' lang='lat' dir='ltr'>in</span> <span class='ocrx_word' id='word_1_409' title='bbox 1439 2857 1503 2895; x_wconf 87' lang='lat' dir='ltr'>re,</span> <span class='ocrx_word' id='word_1_410' title='bbox 1529 2842 1559 2888; x_wconf 81' lang='lat' dir='ltr'><strong>fi</strong></span> <span class='ocrx_word' id='word_1_411' title='bbox 1584 2841 1678 2890; x_wconf 89' lang='lat' dir='ltr'>vita</span> <span class='ocrx_word' id='word_1_412' title='bbox 1699 2845 1885 2910; x_wconf 85' lang='lat' dir='ltr'>longior</span> 
     </span>
     <span class='ocr_line' id='line_1_43' title="bbox 106 2899 1886 2980; baseline 0.007 -34"><span class='ocrx_word' id='word_1_413' title='bbox 106 2899 336 2958; x_wconf 78' lang='lat' dir='ltr'>eisuiffet,</span> <span class='ocrx_word' id='word_1_414' title='bbox 369 2904 563 2968; x_wconf 80' lang='lat' dir='ltr'>majores</span> <span class='ocrx_word' id='word_1_415' title='bbox 580 2905 821 2953; x_wconf 76' lang='lat' dir='ltr'>videbatur</span> <span class='ocrx_word' id='word_1_416' title='bbox 844 2907 984 2980; x_wconf 80' lang='lat' dir='ltr'>longe</span> <span class='ocrx_word' id='word_1_417' title='bbox 1004 2905 1312 2970; x_wconf 84' lang='lat' dir='ltr'>superaturus.</span> <span class='ocrx_word' id='word_1_418' title='bbox 1379 2905 1516 2952; x_wconf 88' lang='lat' dir='ltr'>Obiit</span> <span class='ocrx_word' id='word_1_419' title='bbox 1536 2906 1660 2954; x_wconf 87' lang='lat' dir='ltr'>enim</span> <span class='ocrx_word' id='word_1_420' title='bbox 1687 2924 1886 2959; x_wconf 85' lang='lat' dir='ltr'>mortem</span> 
     </span>
     <span class='ocr_line' id='line_1_44' title="bbox 109 2968 1887 3035; baseline 0.008 -24"><span class='ocrx_word' id='word_1_421' title='bbox 109 2980 204 3012; x_wconf 87' lang='lat' dir='ltr'>non</span> <span class='ocrx_word' id='word_1_422' title='bbox 224 2968 371 3018; x_wconf 85' lang='lat' dir='ltr'>multo</span> <span class='ocrx_word' id='word_1_423' title='bbox 389 2970 520 3031; x_wconf 79' lang='lat' dir='ltr'>post:</span> <span class='ocrx_word' id='word_1_424' title='bbox 557 2986 722 3034; x_wconf 89' lang='lat' dir='ltr'>nempe</span> <span class='ocrx_word' id='word_1_425' title='bbox 740 2970 909 3035; x_wconf 88' lang='lat' dir='ltr'>quinto</span> <span class='ocrx_word' id='word_1_426' title='bbox 929 2972 1034 3018; x_wconf 80' lang='lat' dir='ltr'>idus</span> <span class='ocrx_word' id='word_1_427' title='bbox 1053 2970 1354 3024; x_wconf 85' lang='lat' dir='ltr'>Decembres,</span> <span class='ocrx_word' id='word_1_428' title='bbox 1379 2986 1500 3016; x_wconf 87' lang='lat' dir='ltr'>anno</span> <span class='ocrx_word' id='word_1_429' title='bbox 1521 2987 1548 3017; x_wconf 90' lang='lat' dir='ltr'>a</span> <span class='ocrx_word' id='word_1_430' title='bbox 1577 2972 1759 3022; x_wconf 88' lang='lat' dir='ltr'>Christo</span> <span class='ocrx_word' id='word_1_431' title='bbox 1777 2989 1887 3025; x_wconf 86' lang='lat' dir='ltr'>nato</span> 
     </span>
     <span class='ocr_line' id='line_1_45' title="bbox 114 3029 1664 3100; baseline 0.006 -24"><span class='ocrx_word' id='word_1_432' title='bbox 114 3043 135 3076; x_wconf 83' lang='lat'>1</span> <span class='ocrx_word' id='word_1_433' title='bbox 149 3030 252 3094; x_wconf 77' lang='lat'>165‘.</span> <span class='ocrx_word' id='word_1_434' title='bbox 272 3029 381 3079; x_wconf 81' lang='lat' dir='ltr'>vitae</span> <span class='ocrx_word' id='word_1_435' title='bbox 401 3032 614 3091; x_wconf 70' lang='lat' dir='ltr'>vicesimo</span> <span class='ocrx_word' id='word_1_436' title='bbox 634 3035 819 3100; x_wconf 84' lang='lat' dir='ltr'>quinto,</span> <span class='ocrx_word' id='word_1_437' title='bbox 851 3035 985 3100; x_wconf 88' lang='lat' dir='ltr'>regni</span> <span class='ocrx_word' id='word_1_438' title='bbox 1004 3035 1145 3100; x_wconf 89' lang='lat' dir='ltr'>paulo</span> <span class='ocrx_word' id='word_1_439' title='bbox 1162 3034 1296 3100; x_wconf 86' lang='lat' dir='ltr'>supra</span> <span class='ocrx_word' id='word_1_440' title='bbox 1314 3035 1664 3087; x_wconf 79' lang='lat' dir='ltr'>duodecimum.</span> 
     </span>
    </p>
   </div>
   <div class='ocr_carea' id='block_1_3' title="bbox 107 3180 1901 3450">
    <p class='ocr_par' dir='ltr' id='par_1_4' title="bbox 107 3180 1901 3450">
     <span class='ocr_line' id='line_1_46' title="bbox 172 3180 1891 3262; baseline 0.009 -31"><span class='ocrx_word' id='word_1_441' title='bbox 172 3180 350 3232; x_wconf 85' lang='lat' dir='ltr'><strong>XLIV.</strong></span> <span class='ocrx_word' id='word_1_442' title='bbox 385 3186 416 3232; x_wconf 89' lang='lat' dir='ltr'>S</span> <span class='ocrx_word' id='word_1_443' title='bbox 429 3184 531 3236; x_wconf 87' lang='lat' dir='ltr'>UC</span> <span class='ocrx_word' id='word_1_444' title='bbox 544 3189 636 3237; x_wconf 87' lang='lat' dir='ltr'>CE</span> <span class='ocrx_word' id='word_1_445' title='bbox 649 3191 678 3238; x_wconf 88' lang='lat' dir='ltr'>S</span> <span class='ocrx_word' id='word_1_446' title='bbox 695 3191 760 3238; x_wconf 91' lang='lat' dir='ltr'>SI</span> <span class='ocrx_word' id='word_1_447' title='bbox 773 3190 823 3240; x_wconf 87' lang='lat' dir='ltr'>T</span> <span class='ocrx_word' id='word_1_448' title='bbox 839 3190 1170 3238; x_wconf 87' lang='lat' dir='ltr'>.Milcolumbo</span> <span class='ocrx_word' id='word_1_449' title='bbox 1191 3187 1332 3238; x_wconf 80' lang='lat' dir='ltr'>frater</span> <span class='ocrx_word' id='word_1_450' title='bbox 1350 3191 1447 3254; x_wconf 78' lang='lat' dir='ltr'>ejus</span> <span class='ocrx_word' id='word_1_451' title='bbox 1477 3191 1763 3252; x_wconf 78' lang='lat' dir='ltr'>GulielmuS,</span> <span class='ocrx_word' id='word_1_452' title='bbox 1805 3198 1891 3262; x_wconf 86' lang='lat' dir='ltr'>qui</span> 
     </span>
     <span class='ocr_line' id='line_1_47' title="bbox 107 3246 1889 3320; baseline 0.007 -24"><span class='ocrx_word' id='word_1_453' title='bbox 107 3246 455 3310; x_wconf 88' lang='lat' dir='ltr'>decimoquinto</span> <span class='ocrx_word' id='word_1_454' title='bbox 477 3251 553 3298; x_wconf 89' lang='lat' dir='ltr'>die</span> <span class='ocrx_word' id='word_1_455' title='bbox 578 3257 674 3316; x_wconf 87' lang='lat' dir='ltr'>post</span> <span class='ocrx_word' id='word_1_456' title='bbox 695 3254 896 3318; x_wconf 87' lang='lat' dir='ltr'>proximi</span> <span class='ocrx_word' id='word_1_457' title='bbox 918 3254 1062 3319; x_wconf 85' lang='lat' dir='ltr'>Regis</span> <span class='ocrx_word' id='word_1_458' title='bbox 1084 3268 1281 3302; x_wconf 85' lang='lat' dir='ltr'>mortem</span> <span class='ocrx_word' id='word_1_459' title='bbox 1307 3273 1500 3320; x_wconf 83' lang='lat' dir='ltr'>regnum</span> <span class='ocrx_word' id='word_1_460' title='bbox 1524 3257 1645 3307; x_wconf 79' lang='lat' dir='ltr'>iniit.</span> <span class='ocrx_word' id='word_1_461' title='bbox 1714 3261 1760 3307; x_wconf 91' lang='lat' dir='ltr'>Is</span> <span class='ocrx_word' id='word_1_462' title='bbox 1782 3264 1889 3309; x_wconf 88' lang='lat' dir='ltr'>nul-</span> 
     </span>
     <span class='ocr_line' id='line_1_48' title="bbox 109 3313 1901 3387; baseline 0.008 -28"><span class='ocrx_word' id='word_1_463' title='bbox 109 3313 209 3369; x_wconf 62' lang='lat' dir='ltr'>lum</span> <span class='ocrx_word' id='word_1_464' title='bbox 243 3313 337 3385; x_wconf 82' lang='lat' dir='ltr'>fere</span> <span class='ocrx_word' id='word_1_465' title='bbox 369 3323 454 3360; x_wconf 86' lang='lat' dir='ltr'>nec</span> <span class='ocrx_word' id='word_1_466' title='bbox 474 3315 731 3378; x_wconf 85' lang='lat' dir='ltr'>publicum,</span> <span class='ocrx_word' id='word_1_467' title='bbox 765 3331 852 3369; x_wconf 87' lang='lat' dir='ltr'>nec</span> <span class='ocrx_word' id='word_1_468' title='bbox 886 3320 1122 3383; x_wconf 79' lang='lat' dir='ltr'>privatum</span> <span class='ocrx_word' id='word_1_469' title='bbox 1143 3321 1401 3384; x_wconf 83' lang='lat' dir='ltr'>negotium,</span> <span class='ocrx_word' id='word_1_470' title='bbox 1431 3322 1559 3385; x_wconf 90' lang='lat' dir='ltr'>quod</span> <span class='ocrx_word' id='word_1_471' title='bbox 1589 3323 1774 3387; x_wconf 78' lang='lat' dir='ltr'>majoris</span> <span class='ocrx_word' id='word_1_472' title='bbox 1803 3328 1901 3376; x_wconf 78' lang='lat' dir='ltr'>effe</span> 
     </span>
     <span class='ocr_line' id='line_1_49' title="bbox 107 3384 1891 3450; baseline 0.008 -26"><span class='ocrx_word' id='word_1_473' title='bbox 107 3391 335 3431; x_wconf 76' lang='lat' dir='ltr'>momenti</span> <span class='ocrx_word' id='word_1_474' title='bbox 357 3385 625 3441; x_wconf 71' lang='lat' dir='ltr'>¹videretur,</span> <span class='ocrx_word' id='word_1_475' title='bbox 649 3384 776 3446; x_wconf 89' lang='lat' dir='ltr'>prius</span> <span class='ocrx_word' id='word_1_476' title='bbox 813 3385 987 3450; x_wconf 86' lang='lat' dir='ltr'>attigit,</span> <span class='ocrx_word' id='word_1_477' title='bbox 1020 3401 1162 3449; x_wconf 87' lang='lat' dir='ltr'>quam</span> <span class='ocrx_word' id='word_1_478' title='bbox 1184 3386 1574 3435; x_wconf 48' lang='lat' dir='ltr'>northumbriam</span> <span class='ocrx_word' id='word_1_479' title='bbox 1596 3390 1655 3436; x_wconf 84' lang='lat' dir='ltr'>ab</span> <span class='ocrx_word' id='word_1_480' title='bbox 1676 3390 1891 3438; x_wconf 89' lang='lat' dir='ltr'>Henrico</span> 
     </span>
    </p>
   </div>
   <div class='ocr_carea' id='block_1_4' title="bbox 109 3505 1894 3672">
    <p class='ocr_par' dir='ltr' id='par_1_5' title="bbox 109 3505 1894 3672">
     <span class='ocr_line' id='line_1_50' title="bbox 160 3505 1894 3564; baseline 0.006 -17"><span class='ocrx_word' id='word_1_481' title='bbox 160 3505 223 3560; x_wconf 87' lang='lat'>(1)</span> <span class='ocrx_word' id='word_1_482' title='bbox 251 3507 339 3546; x_wconf 91' lang='lat' dir='ltr'>The</span> <span class='ocrx_word' id='word_1_483' title='bbox 358 3507 570 3549; x_wconf 84' lang='lat' dir='ltr'>South-fide</span> <span class='ocrx_word' id='word_1_484' title='bbox 597 3511 644 3550; x_wconf 89' lang='lat' dir='ltr'>of</span> <span class='ocrx_word' id='word_1_485' title='bbox 668 3513 819 3564; x_wconf 82' lang='lat' dir='ltr'>Clyde&#39;s</span> <span class='ocrx_word' id='word_1_486' title='bbox 848 3515 938 3553; x_wconf 86' lang='lat' dir='ltr'>firth</span> <span class='ocrx_word' id='word_1_487' title='bbox 955 3530 965 3553; x_wconf 67' lang='grc' dir='ltr'><strong>ε</strong></span> <span class='ocrx_word' id='word_1_488' title='bbox 1023 3516 1109 3563; x_wconf 82' lang='lat' dir='ltr'>fide,</span> <span class='ocrx_word' id='word_1_489' title='bbox 1123 3516 1198 3553; x_wconf 85' lang='lat' dir='ltr'>viz.</span> <span class='ocrx_word' id='word_1_490' title='bbox 1213 3515 1510 3554; x_wconf 72' lang='lat' dir='ltr'>Renfrew-ssiire</span> <span class='ocrx_word' id='word_1_491' title='bbox 1529 3519 1599 3555; x_wconf 84' lang='lat' dir='ltr'>and</span> <span class='ocrx_word' id='word_1_492' title='bbox 1615 3518 1714 3558; x_wconf 82' lang='lat' dir='ltr'>some</span> <span class='ocrx_word' id='word_1_493' title='bbox 1729 3520 1777 3559; x_wconf 90' lang='lat' dir='ltr'>of</span> <span class='ocrx_word' id='word_1_494' title='bbox 1783 3522 1894 3559; x_wconf 81' lang='lat' dir='ltr'>Cun-</span> 
     </span>
     <span class='ocr_line' id='line_1_51' title="bbox 109 3558 1892 3621; baseline 0.008 -24"><span class='ocrx_word' id='word_1_495' title='bbox 109 3558 168 3605; x_wconf 70' lang='lat' dir='ltr'>rqr</span> <span class='ocrx_word' id='word_1_496' title='bbox 186 3559 374 3611; x_wconf 83' lang='lat' dir='ltr'>suppofing</span> <span class='ocrx_word' id='word_1_497' title='bbox 405 3561 486 3599; x_wconf 87' lang='lat' dir='ltr'>that</span> <span class='ocrx_word' id='word_1_498' title='bbox 515 3565 634 3614; x_wconf 85' lang='lat' dir='ltr'>Clyde</span> <span class='ocrx_word' id='word_1_499' title='bbox 663 3566 694 3604; x_wconf 91' lang='lat' dir='ltr'>is</span> <span class='ocrx_word' id='word_1_500' title='bbox 711 3581 733 3606; x_wconf 84' lang='lat' dir='ltr'>a</span> <span class='ocrx_word' id='word_1_501' title='bbox 750 3580 840 3606; x_wconf 84' lang='lat' dir='ltr'>man</span> <span class='ocrx_word' id='word_1_502' title='bbox 859 3569 969 3619; x_wconf 82' lang='lat' dir='ltr'>going</span> <span class='ocrx_word' id='word_1_503' title='bbox 1023 3571 1208 3618; x_wconf 78' lang='lat' dir='ltr'>ningham</span> <span class='ocrx_word' id='word_1_504' title='bbox 1227 3570 1257 3607; x_wconf 84' lang='lat' dir='ltr'>is</span> <span class='ocrx_word' id='word_1_505' title='bbox 1275 3583 1324 3606; x_wconf 89' lang='lat' dir='ltr'>on</span> <span class='ocrx_word' id='word_1_506' title='bbox 1345 3570 1409 3608; x_wconf 83' lang='lat' dir='ltr'>the</span> <span class='ocrx_word' id='word_1_507' title='bbox 1430 3572 1513 3618; x_wconf 80' lang='lat' dir='ltr'>left,</span> <span class='ocrx_word' id='word_1_508' title='bbox 1537 3573 1607 3610; x_wconf 63' lang='lat' dir='ltr'>aad</span> <span class='ocrx_word' id='word_1_509' title='bbox 1632 3573 1695 3611; x_wconf 84' lang='lat' dir='ltr'>the</span> <span class='ocrx_word' id='word_1_510' title='bbox 1713 3574 1892 3621; x_wconf 80' lang='lat' dir='ltr'>Lennox,</span> 
     </span>
     <span class='ocr_line' id='line_1_52' title="bbox 112 3613 1771 3672; baseline 0.01 -23"><span class='ocrx_word' id='word_1_511' title='bbox 112 3614 220 3659; x_wconf 71' lang='lat' dir='ltr'>down</span> <span class='ocrx_word' id='word_1_512' title='bbox 232 3613 330 3655; x_wconf 83' lang='lat' dir='ltr'>from</span> <span class='ocrx_word' id='word_1_513' title='bbox 345 3615 517 3666; x_wconf 83' lang='lat' dir='ltr'>Glasgow</span> <span class='ocrx_word' id='word_1_514' title='bbox 529 3626 568 3657; x_wconf 85' lang='lat' dir='ltr'>to</span> <span class='ocrx_word' id='word_1_515' title='bbox 581 3617 647 3658; x_wconf 86' lang='lat' dir='ltr'>the</span> <span class='ocrx_word' id='word_1_516' title='bbox 660 3618 731 3666; x_wconf 76' lang='lat' dir='ltr'>sea,</span> <span class='ocrx_word' id='word_1_517' title='bbox 746 3620 812 3660; x_wconf 84' lang='lat' dir='ltr'>the</span> <span class='ocrx_word' id='word_1_518' title='bbox 827 3622 849 3661; x_wconf 92' lang='lat' dir='ltr'><strong>S</strong></span> <span class='ocrx_word' id='word_1_519' title='bbox 859 3622 967 3661; x_wconf 64' lang='lat' dir='ltr'>auth·</span> <span class='ocrx_word' id='word_1_520' title='bbox 1024 3627 1094 3661; x_wconf 61' lang='lat' dir='ltr'>tec.</span> <span class='ocrx_word' id='word_1_521' title='bbox 1117 3636 1165 3661; x_wconf 87' lang='lat' dir='ltr'>on</span> <span class='ocrx_word' id='word_1_522' title='bbox 1183 3623 1248 3661; x_wconf 87' lang='lat' dir='ltr'>the</span> <span class='ocrx_word' id='word_1_523' title='bbox 1268 3623 1381 3672; x_wconf 84' lang='lat' dir='ltr'>right.</span> <span class='ocrx_word' id='word_1_524' title='bbox 1767 3620 1771 3625; x_wconf 45' lang='lat'><strong>¹</strong></span> 
     </span>
    </p>
   </div>
   <div class='ocr_carea' id='block_1_5' title="bbox 1731 3716 1892 3782">
    <p class='ocr_par' dir='ltr' id='par_1_6' title="bbox 1731 3716 1892 3782">
     <span class='ocr_line' id='line_1_53' title="bbox 1731 3716 1892 3782; baseline 0.012 -19"><span class='ocrx_word' id='word_1_525' title='bbox 1731 3716 1892 3782; x_wconf 86' lang='lat' dir='ltr'>Anglo</span> 
     </span>
    </p>
   </div>
  </div>
 </body>
</html>
