1992 3801
122 145 255 215 240
455 132 819 212 RER'UM
911 128 1603 203 Sco'rrcanuM

119 239 192 280 'am
216 232 456 279 intrarunt.
523 231 735 279 Alterum
759 230 954 278 ducebat
976 229 1278 286 MonfortiuS,
1298 231 1489 281 alterum
1503 232 1758 283 Richardus
1781 235 1896 288 Tale*

118 297 270 344 botuS.
339 295 460 359 Cum
479 296 739 343 Monfortio
760 296 1015 358 congrefl'us
1053 294 1124 357 (1)
1149 295 1421 345 Laurentius
1450 298 1703 347 Prestonius
1725 301 1898 350 exerci-

117 372 214 407 tum
239 360 356 409 duce
377 359 489 407 caeso
512 360 710 424 graviter
732 357 935 406 concidit
958 377 970 405 ε
1011 357 1105 421 ipse
1127 358 1266 421 paulo
1287 361 1386 423 post
1420 361 1446 408 ὲ
1467 364 1655 411 vulnere
1677 364 1895 415 deceffit:

116 423 256 471 amisii
278 424 409 471 ducis
430 425 544 472 iram
566 423 693 470 miles
716 422 968 483 inhumana
987 422 1273 486 captivorum
1295 425 1421 472 caede
1455 426 1646 475 satiavit.
1714 428 1896 478 Talbo-

117 502 188 535 tus
213 505 239 536 a
259 488 328 551 (2)
355 488 599 536 Gulielmo
634 486 789 534 Ketho
819 487 972 534 deleto
994 487 1199 535 exercitu
1221 499 1380 551 captus
1401 505 1413 534 z
1437 489 1741 541 nihilominus
1762 494 1900 542 dura-

113 553 184 602 vit
201 552 376 600 obssdio
401 551 646 602 Dumbari.
715 550 839 599 Mari
862 551 919 599 ab
941 552 1109 616 Anglis
1147 551 1392 599 intercluso
1427 568 1766 616 commeatuum
1795 576 1899 621 poe-

111 618 244 664 nuria
266 626 381 680 pene
399 617 586 664 obsessos
610 615 771 663 afflixit
795 635 806 662 ε
844 632 896 662 ac
917 618 1080 679 procul
1101 615 1245 663 dubio
1263 617 1420 664 dedita
1455 617 1603 667 fuiffet
1626 637 1723 676 arx,
1757 623 1806 669 ni
1829 625 1897 669 A-

111 684 328 730 lexander
350 681 599 729 Ramisaeus
622 680 786 727 audaci
807 680 1012 744 incoepto
1034 681 1082 728 in
1115 690 1319 744 tempore
1339 681 1624 732 subveniss‘et.
1692 687 1737 733 Is
1761 690 1893 736 nocte

115 750 185 809 (3)
207 746 474 808 intempesta
496 748 568 808 (4)
595 745 652 792 ad
674 761 823 792 arcem
846 745 1066 808 deceptis,
1090 745 1172 808 qui
1193 745 1240 792 in
1259 746 1330 811 (ς)
1351 746 1614 796 triremibus
1637 749 1898 798 Genuenfi-

111 828 190 858 um
210 811 488 858 maritimum
503 810 619 857 latus
637 809 951 865 observabant,
966 826 1127 857 navem
1144 810 1278 872 <6)ad
1292 826 1441 858 arcem
1456 813 1706 875 applicuit:
1728 821 1764 860 δι·
1783 829 1898 877 qua-

110 875 323 938 draginta
344 875 526 921 selefitos
549 873 686 928 viros,
710 873 1079 936 commeatusque
1102 889 1316 936 magnam
1337 875 1433 921 vim
1455 876 1677 937 exposuit.
1746 879 1895 926 Dein-

111 941 168 986 de
187 937 382 1002 praefidii
397 950 533 1001 *parte
558 937 615 982 ad
637 935 734 984 suos
758 937 972 998 adjuncta
993 936 1170 984 silentio
1194 936 1339 984 nostis
1361 953 1466 984 cum
1489 938 1670 1003 ingenti
1695 945 1899 992 tumultu

104 1004 158 1052 ‘in
181 1003 346 1066 vigiles
371 1002 629 1065 Anglorum
667 1000 831 1047 irruit:
878 1016 930 1047 ac
959 1017 1127 1063 magna
1155 1000 1281 1047 caede
1299 1000 1539 1048 hominum
1572 1002 1687 1050 nihil
1722 1005 1893 1061 minus,

108 1067 249 1131 quam
267 1065 556 1130 eruptionem
579 1064 606 1111 ὲ
628 1082 771 1128 prope
792 1065 922 1124 vistis
944 1064 1205 1112 timentium
1224 1064 1357 1121 faeta,
1377 1065 1588 1128 proxima
1602 1070 1734 1116 nocte
1764 1073 1896 1133 aeque

107 1133 315 1179 occultus
338 1143 476 1194 atque
496 1143 682 1176 venerat
703 1128 906 1176 disceffit.
985 1130 1125 1177 Sexto
1143 1129 1331 1176 demum
1354 1131 1503 1178 mense
1522 1132 1702 1195 Anglos
1726 1133 1894 1198 fatiga-

107 1210 195 1251 tos,
239 1213 290 1243 ac
313 1195 471 1242 fmstra
506 1192 663 1240 omnia
681 1207 893 1257 expertos
928 1206 1169 1242 revocante
1207 1193 1265 1240 ad
1300 1194 1473 1241 bellum
1499 1196 1734 1244 Gallicum
1762 1199 1892 1264 Rege

105 1261 335 1308 Dumbari
364 1258 540 1306 obsidio
565 1258 709 1306 soluta
726 1259 801 1305 est.
853 1259 1058 1306 Andreas
1082 1257 1321 1305 Moravius
1344 1258 1490 1320 patria
1518 1275 1662 1322 prope
1683 1265 1888 1324 peregri-

105 1342 167 1372 no
189 1325 335 1372 milite
356 1321 549 1371 liberata
570 1323 771 1386 primum
799 1323 1064 1377 Sterlinum‚
1088 1322 1256 1369 deinde
1277 1322 1615 1387 Edimburgum
1648 1322 1893 1388 oppugna„

103 1407 151 1436 re
170 1391 227 1437 est
244 1389 488 1453 aggressus,
504 1389 579 1434 sed
600 1387 812 1450 utrinque
833 1404 878 1434 re
900 1387 1070 1434 infecia
1091 1386 1281 1433 disceffit
1301 1405 1311 1434 :
1345 1400 1505 1450 pacata
1523 1402 1674 1436 tamen
1697 1391 1889 1439 Lothia-

102 1471 178 1509 na,
200 1458 247 1504 &c
271 1455 319 1502 in
344 1454 481 1500 fidem
505 1454 646 1515 Regis
670 1465 867 1515 recepta.
924 1453 1106 1498 Interea
1127 1451 1281 1497 animo
1304 1452 1494 1514 paulum
1515 1451 1542 1498 ὲ
1560 1452 1794 1501 laboribus
1817 1473 1889 1503 re·

102 1521 273 1574 laxato,
298 1519 410 1566 dum
434 1518 508 1564 sua
530 1516 866 1564 transmontana
887 1516 1060 1579 praedia
1080 1515 1301 1562 intervifit
1322 1516 1484 1564 morbo
1506 1518 1632 1580 gravi
1657 1534 1892 1582 correptus

101 1583 282 1630 deceflit
307 1602 317 1630 2
353 1595 489 1644 atq-ue
512 1582 569 1627 ad
591 1580 933 1628 Rosmarchiam
957 1580 1162 1642 sepultus
1182 1580 1407 1627 summum
1428 1582 1547 1644 apud
1566 1598 1725 1630 omnes
1746 1584 1892 1633 bonos

102 1647 374 1694 desiderium
395 1646 459 1692 sui
483 1644 684 1708 reliquit.
753 1647 929 1690 Tantas
953 1645 1076 1691 enim
1098 1663 1166 1691 res
1191 1643 1378 1691 biennio
1401 1642 1456 1691 ac
1475 1645 1687 1702 semestri,
1722 1648 1891 1711 quibus

100 1713 148 1758 iu
172 1712 432 1775 magistratu
452 1710 555 1766 fuit,
579 1708 722 1773 gessit,
744 1722 793 1756 ut
814 1709 1064 1757 suffefturae
1082 1708 1324 1770 cujussibet
1346 1711 1504 1773 magni
1526 1710 1655 1757 ducis
1680 1713 1802 1760 aetati
1820 1714 1892 1760 vi-

100 1777 332 1824 derentur.
1764 1782 1766 1785 ’

164 1841 343 1888 XXVI.
411 1839 513 1886 Post
530 1854 637 1886 eum
660 1839 866 1885 Stuartus
888 1838 1058 1886 Prorex
1080 1836 1184 1893 fuit,
1211 1837 1350 1901 usque
1372 1838 1430 1886 ad
1449 1837 1643 1886 Davidis
1678 1843 1703 1887 e
1729 1842 1890 1891 Gallia

101 1906 318 1952 reditum.
362 1903 640 1950 Adolescens
663 1902 813 1949 adhuc
838 1902 995 1949 multis
1016 1903 1188 1966 praeliis
1206 1902 1383 1950 levibus
1406 1917 1462 1950 eo
1484 1920 1604 1950 anno
1626 1903 1721 1966 ejus
1741 1905 1892 1967 auspi-

101 1969 182 2017 ciis
202 1986 282 2034 per
305 1968 598 2016 Gulielmum
631 1967 918 2032 Duglaffium
945 1969 1077 2030 gestis
1104 1966 1248 2014 victor
1270 1968 1420 2022 evasit,
1453 1984 1538 2014 nec
1558 1969 1653 2016 fine
1682 1970 1887 2019 maximo

100 2033 326 2098 Duglaffii
348 2032 624 2086 discrimine,
649 2037 697 2080 ὅτ
721 2031 891 2078 crebris
913 2030 1196 2078 vulneribus.
1271 2032 1397 2078 Nam
1421 2033 1601 2096 Anglos
1621 2035 1647 2080 ἐ
1670 2034 1891 2083 Teviotia

99 2098 278 2162 eupulit
302 2113 314 2146 ι
348 2103 388 2144 &
408 2097 456 2142 in
479 2096 660 2144 Lidalia
688 2095 1062 2159 Heremitagium
1086 2095 1239 2159 caepit,
1266 2095 1532 2159 magnisque
1554 2099 1887 2146 commeatibus

100 2165 157 2212 de
179 2163 301 2210 hoste
324 2163 381 2210 ad
397 2160 680 2208 Mulroffiam
702 2161 845 2224 captis
869 2159 1189 2208 communivit·
1260 2161 1381 2207 Cum
1407 2160 1614 2207 Berclaio
1632 2163 1747 2209 adeo
1765 2179 1884 2219 acre,

100 2243 153 2275 ac
175 2227 383 2290 pertinax
405 2239 636 2273 certamen
671 2225 794 2281 iniit,
833 2238 881 2271 ut
903 2225 981 2271 vix
1018 2224 1112 2288 ipse
1152 2241 1256 2272 cum
1282 2223 1427 2272 tribus
1460 2225 1724 2282 comitibus,
1746 2227 1890 2290 idque

99 2292 325 2339 beneficio
347 2291 491 2340 noftis
508 2289 711 2338 evaserit.
757 2289 942 2337 Ioannis
967 2288 1152 2336 Sterlini
1167 2288 1321 2352 copias
1341 2306 1605 2353 quanquam
1624 2294 1753 2355 gravi
1772 2302 1891 2355 pr‘ae-

99 2355 164 2403 lio
178 2355 425 2410 devicisset,
445 2368 597 2403 tamen
615 2355 674 2403 ab
691 2356 854 2402 eodem
870 2354 997 2400 brevi
1014 2354 1111 2418 post
1130 2369 1274 2417 prope
1292 2352 1630 2406 circumventus
1653 2354 1755 2402 fuit.
1793 2358 1888 2404 Ve-

100 2437 203 2468 rum
225 2437 280 2467 ex
298 2419 538 2485 inopinato
559 2419 760 2466 tumultu
783 2419 825 2466 se
845 2418 1071 2483 colligens
1092 2419 1190 2481 post
1207 2417 1473 2467 acerrimam
1499 2419 1702 2483 pugnam
1731 2420 1891 2467 Sterli-

100 2502 210 2532 num
232 2484 406 2532 vistum
430 2483 608 2547 fugavit
631 2502 643 2531 :
677 2483 869 2548 triginta
897 2482 1120 2531 comitum
1147 2482 1244 2542 ejus
1264 2482 1499 2530 interemit
1530 2501 1541 2529 ε
1582 2483 1887 2548 quadraginta

98 2550 231 2596 vivos
249 2549 399 2612 caepit.
469 2548 711 2596 Gulielmo
732 2547 1036 2603 Abernefflio,
1062 2546 1089 2593 a
1109 2563 1204 2609 quo
1226 2546 1473 2610 quinquies
1493 2563 1585 2618 uno
1607 2547 1682 2594 die
1704 2547 1890 2613 fugatus

101 2614 266 2669 suerat,
284 2613 350 2660 ita
368 2613 545 2667 institit,
572 2624 621 2658 ut
643 2626 746 2661 ante
769 2615 951 2660 noctem
972 2611 1094 2659 caefis
1111 2610 1325 2658 omnibus
1349 2612 1444 2674 ejus
1467 2610 1713 2659 comitibus
1739 2613 1888 2676 ipsum

100 2678 252 2726 secum
275 2677 510 2741 captivum
533 2675 792 2724 abduxerit.
846 2678 951 2725 Nec
969 2676 1148 2723 minore
1166 2670 1385 2722 felicitate
1404 2674 1702 2723 Laurentium
1726 2679 1889 2725 Vaufi-

100 2759 180 2791 um
197 2742 435 2792 hominem
457 2743 682 2789 strenuum
705 2740 892 2789 devicit.
941 2741 1157 2787 Tandem
1171 2739 1230 2786 ad
1250 2739 1481 2788 Davidem
1503 2741 1682 2804 Regem
1702 2741 1749 2789 in
1771 2742 1889 2789 Gal-

67 2822 69 2824 ’
100 2806 210 2853 liam
233 2807 366 2860 abiit,
390 2819 442 2855 ut
460 2823 569 2866 eum
588 2805 648 2853 de
669 2807 781 2854 statu
800 2821 953 2854 rerum
975 2805 1204 2852 edoceret.
1279 2840 1285 2849 ,

164 2873 376 2919 XXVII.
412 2871 631 2919 Proximo
658 2888 796 2925 anno,
820 2870 903 2934 qui
936 2868 1026 2916 fuit
1054 2885 1189 2934 1339,
1217 2869 1423 2916 Stuartus
1453 2865 1650 2916 fortunae
1672 2877 1793 2916 ratus
1816 2869 1893 2917 in·
1926 2885 1931 2890 ·

101 2934 308 2982 standum
333 2938 492 2983 coasso
513 2935 715 2983 exercitu
733 2937 951 2983 Perthum
974 2949 1242 2999 oppugnare
1272 2931 1542 2997 aggreditur
1560 2933 1889 2996 quadrifariam

102 2998 256 3046 divisis
278 2999 452 3047 viribus
483 3019 494 3047 ε
540 2999 615 3048 sed
639 2999 806 3063 Anglis
841 2998 1004 3046 acriter
1026 2997 1254 3061 oppidum
1291 2996 1644 3065 defendentibus
1680 3013 1770 3061 non
1795 2998 1889 3046 fine

23 3063 29 3069 ’
100 3061 370 3112 vulneribus
386 3064 577 3124 rejectus
598 3062 704 3111 fuit.
724 3064 889 3111 Tertio
911 3064 1100 3110 demum
1120 3059 1368 3108 obsidionis
1392 3060 1543 3108 mense
1562 3077 1707 3124 prope
1729 3061 1889 3125 despe-

101 3125 308 3174 rantibus
331 3126 389 3174 de
423 3127 616 3175 success‘u
637 3127 900 3192 Duglassius
929 3125 1188 3190 supervenit
1216 3124 1421 3189 quinque
1455 3124 1662 3189 piraticis
1695 3125 1888 3173 navibus

103 3189 359 3246 conduffis,
377 3207 482 3255 quae
500 3191 753 3248 machinaS,
775 3204 915 3256 atque
935 3189 1114 3254 aliquid
1136 3188 1340 3238 militum
1362 3189 1666 3237 adduxerunt.
1731 3186 1891 3254 Expo-

156 3290 222 3370 (¹)
250 3320 361 3359 Laird
380 3320 426 3359 of
438 3321 654 3371 Prestonka
670 3331 773 3360 town
806 3321 847 3361 in
865 3322 969 3362 East-
1077 3319 1142 3370 (4)
1170 3315 1274 3356 Near
1292 3319 1404 3357 about
1421 3319 1488 3358 the
1506 3319 1628 3358 castle.

105 3374 289 3420 Lothian,
308 3374 529 3424 predecessor
545 3382 584 3411 to
598 3375 851 3422 Craigminer.
1078 3375 1144 3425 (5)
1172 3372 1260 3410 The
1278 3374 1408 3422 people
1434 3373 1633 3410 of-Genoa
1649 3371 1690 3410 in
1711 3373 1810 3422 Italy
1825 3371 1886 3410 us-

163 3427 225 3476 (ει)
253 3426 438 3465 William
457 3427 538 3466 lord
552 3426 691 3473 Keith,
705 3427 881 3468 iheriffof
894 3429 970 3468 Lo·
1024 3429 1069 3465 ed
1088 3437 1127 3466 to
1146 3426 1243 3463 serve
1261 3425 1301 3463 in
1318 3424 1447 3474 gallies
1461 3425 1518 3464 for
1534 3424 1880 3475 wages-whosoever
1941 3470 1944 3471 ⁷

105 3479 227 3518 thim.
763 3500 767 3507 ·
1026 3479 1218 3529 employed
1233 3477 1355 3517 them.

157 3531 172 3578 ζ
185 3532 222 3582 3)
255 3534 289 3571 A
310 3532 414 3578 little
432 3533 557 3576 before
574 3531 777 3584 midnjght.
1079 3532 1143 3585 (6)
1170 3531 1280 3573 elose
1302 3539 1342 3572 to
1359 3529 1426 3572 the
1444 3531 1569 3574 castle..

1804 3633 1883 3681 sita
