2065 3796
212 142 352 245 158*
517 161 877 228 RERUM
981 145 1671 230 Seorsum-<vm

199 260 264 312 'ne
285 260 390 308 freti
410 261 459 308 in
483 260 649 307 collem
671 260 919 308 subierunt.
981 257 1108 308 Dani
1127 258 1189 306 ad'
1204 275 1346 306 unum
1363 259 1478 308 caefi.
1547 262 1654 310 Illic
1671 262 1828 318 etiam,
1853 276 1904 314 ut
1923 269 1983 315 ad

208 325 476 375 Balbridum
496 339 637 384 vento
671 342 833 388 arenas
847 323 1075 370 excitante
1105 325 1194 370 offa
1226 323 1494 388 plaerunque
1525 330 1755 375 nudantur
1789 331 1980 392 majora,

207 406 345 456 quam
369 407 454 455 pro
475 390 640 437 statura
660 389 901 435 hominum
923 387 1056 449 hujus
1077 387 1239 434 aetatis.
2043 395 2052 400 '

274 456 357 502 LI.
388 455 493 502 Nec
526 455 616 500 hac
648 452 904 499 calamitate
928 453 1080 499 Sueno
1100 451 1268 499 fractus
1292 453 1527 501 Canutum
1551 454 1696 502 filium
1720 472 1827 504 cum
1858 474 1981 506 novo

209 521 389 568 delefw
409 520 459 567 in
484 517 685 566 Scotiam
709 516 868 564 mittit.
946 516 1174 564 Adversus
1195 517 1319 564 hunc
1341 518 1555 581 expofitis
1578 517 1805 568 militibus
1822 521 1869 568 in
1893 524 1987 570 Bu-

209 584 374 632 chania
394 584 570 647 praedas
593 593 806 646 agentem
829 580 1167 629 Milcolumbus
1185 582 1393 639 nondum
1411 599 1468 630 ex
1489 582 1794 646 superioribus
1816 587 1988 648 praeliis
2059 596 2063 604 ”

207 652 391 698 suorum
412 647 585 694 viribus
604 645 783 694 refectis
805 662 911 693 cum
935 645 1138 693 exercitu
1158 646 1286 694 venit
1309 664 1321 694 ε
1357 663 1410 694 ac
1431 648 1639 694 nondum
1658 648 1769 695 aleae
1787 649 1985 698 fortunae

203 732 301 763 rem
322 709 611 761 committere
632 710 781 766 ausus,
813 711 1044 774 optimum
1068 711 1220 758 statuit
1250 711 1421 760 hostem
1443 710 1748 777 populatione
1763 715 1982 776 prohibe-

206 797 274 835 re,
299 794 351 826 ac
373 776 550 824 levibus
572 775 897 823 certaminibus
918 774 1130 840 fatigare,
1155 774 1333 839 sperans
1357 775 1455 823 fore
1479 791 1530 824 ut
1551 776 1680 823 brevi
1701 777 1750 824 in
1773 778 1922 827 alieno
1937 798 1987 828 a-

209 861 294 909 gro
315 841 523 890 cladibus
544 840 663 888 belli.
678 840 865 896 vastato,
888 855 940 886 ac
956 841 1053 902 jam
1076 857 1194 904 pene
1217 841 1392 887 deserto
1419 857 1573 888 rerum
1595 847 1805 889 omnium
1827 843 1988 908 inopia

206 908 455 957 laboraret.
517 905 574 952 Id
595 904 836 951 confilium
861 921 968 951 cum
990 922 1074 967 per
1091 904 1269 968 aliquot
1290 905 1388 952 dies
1416 904 1566 952 fuiss‘et
1592 905 1786 962 secutus,
1813 909 1985 966 evenit,

203 985 258 1021 ut
276 973 398 1019 hoste
420 969 612 1034 cognito
630 968 755 1015 Scoti
772 968 861 1015 suis
881 969 1057 1015 viribus
1075 968 1227 1016 minus
1246 968 1523 1022 diffiderent,
1543 981 1681 1030 atque
1699 981 1891 1034 uterque
1909 990 1987 1020 ex-

202 1036 371 1085 ercitus
389 1051 534 1099 prope
556 1033 654 1096 pari
675 1032 834 1095 inopia
855 1030 1154 1095 premeretur.
1205 1032 1356 1096 Igitur
1379 1031 1594 1079 omnibus
1615 1032 1798 1097 signum
1814 1052 1984 1100 pugnae

194 1101 423 1150 ‘ferociter
444 1097 775 1163 flagitantibus,
819 1114 871 1144 ac
894 1098 942 1144 ni
963 1098 1164 1153 daretur,
1187 1114 1282 1161 prae
1312 1096 1355 1143 se
1377 1095 1626 1144 ferentibus
1657 1099 1989 1161 imperatorum

203 1167 374 1229 injuss‘u
410 1174 713 1227 pugnaturos,
750 1160 1089 1209 Milcolumbus
1124 1161 1223 1208 suos
1249 1161 1300 1207 in
1322 1160 1467 1209 aciem
1497 1162 1667 1209 educit.
1739 1165 1988 1214 Commiffa

203 1247 366 1296 pugna
392 1229 485 1284 ira,
519 1234 559 1275 ἅτ
582 1226 896 1288 desperatione
931 1227 1095 1275 ultima
1123 1237 1216 1273 tam
1239 1226 1533 1290 pertinaciter
1554 1229 1615 1274 est
1639 1238 1880 1285 certatum,
1932 1244 1983 1279 ut

196 1301 372 1345 >neutra
389 1311 492 1357 pars
514 1293 620 1339 laeta
641 1291 908 1339 discederet.
951 1294 1011 1339 Et
1033 1308 1297 1355 quanquam
1315 1290 1523 1338 victoriae
1543 1308 1711 1338 nomen
1733 1294 1856 1354 apud
1876 1296 1986 1341 Sco-

205 1375 277 1410 tos
295 1361 418 1413 esset,
443 1371 595 1405 tamen
620 1373 787 1420 magna
804 1356 1059 1404 nobilitatis
1082 1368 1209 1418 parte
1227 1355 1354 1409 caesa,
1375 1354 1528 1402 caeteri
1547 1355 1613 1403 ita
1628 1355 1862 1404 laboribus
1881 1358 1989 1405 fati-

207 1425 322 1490 gati,
344 1429 384 1471 Sc
403 1422 568 1470 animis
590 1421 722 1468 fracli
738 1421 788 1468 in
811 1423 949 1469 castra
970 1421 1222 1474 redierunt,
1249 1431 1299 1467 ut
1320 1419 1467 1466 Danis
1488 1419 1683 1467 liberam
1703 1420 1743 1467 se
1761 1421 1988 1485 recipien-

207 1489 258 1537 di
281 1489 548 1552 potestatem
572 1486 755 1533 nemine
774 1485 1071 1550 persequente
1093 1485 1412 1548 permitterent
1444 1502 1455 1530 z
1505 1484 1721 1548 postridie
1743 1502 1848 1533 cum
1873 1488 1989 1534 utri-

207 1571 299 1618 que
321 1554 422 1600 suos
445 1551 741 1607 recenserent,
775 1564 947 1598 tantam
983 1551 1125 1597 cladis
1164 1549 1534 1613 magnitudinem
1558 1563 1896 1613 compererunt,
1938 1564 1988 1600 ut
2046 1602 2050 1605 ,

205 1617 457 1667 sacerdotes
479 1616 604 1680 pacis
633 1617 905 1679 interpretes
935 1615 1116 1678 utrique
1139 1613 1337 1662 libenter
1358 1613 1585 1661 audirent.
1654 1617 1718 1662 Ea
1741 1615 1788 1662 in
1811 1617 1890 1663 has
1914 1617 1981 1663 le-

204 1701 286 1748 ges
308 1677 429 1730 fassa
447 1685 523 1737 est,
542 1695 590 1728 ut
609 1680 733 1728 Dani
752 1680 980 1734 Moravia,
1003 1679 1327 1742 Buchaniaque
1347 1678 1514 1726 reliEtis
1532 1679 1814 1727 discederent
1836 1699 1846 1726 :
1872 1698 1987 1730 neu·
2055 1695 2058 1701 ’

205 1763 277 1796 ter
297 1748 495 1812 populus
518 1745 848 1801 Milcolumbo,
884 1751 924 1791 &
950 1746 1160 1791 Suenone
1181 1743 1443 1790 viventibus
1467 1745 1661 1791 alterum
1696 1745 1818 1792 bello
1845 1745 1984 1793 laces-

207 1813 321 1862 seret
343 1831 353 1859 :
390 1825 469 1858 aut
488 1810 670 1858 alterius
690 1810 892 1857 hostibus
911 1809 1122 1856 adversus
1141 1810 1333 1856 alterum
1353 1807 1578 1855 auxilium
1602 1807 1743 1856 ferret
1764 1827 1776 1857 2
1809 1827 1918 1874 ager
1939 1811 1987 1858 in
2045 1842 2050 1853 .

208 1895 304 1943 quo
325 1889 583 1940 pugnatum
603 1876 680 1930 est,
700 1875 747 1921 in
771 1875 1047 1938 sepulturam
1068 1886 1354 1920 mortuorum
1371 1872 1718 1920 consecraretur.
1775 1874 1921 1921 Danis
1943 1875 1987 1921 se

204 1942 531 2007 recipientibus
561 1940 897 1987 Milcolumbus
919 1939 967 1986 in
989 1938 1150 2002 praelio
1173 1935 1504 1984 caesoscuravit
1524 1936 1824 1999 sepeliendos.
1884 1940 1985 1986 Post

154 2033 159 2043 ·
208 2010 309 2055 haec
340 2007 518 2053 indicto
539 2006 595 2052 ad
622 2008 817 2052 Sconam
839 2016 1087 2059 conventu,
1123 2016 1173 2049 ut
1207 2003 1323 2049 bene
1346 2000 1518 2048 meritis
1541 2003 1599 2049 de
1621 2003 1768 2064 patria
1789 2003 1985 2066 gratiam

205 2073 410 2128 referret,
431 2087 589 2118 omnes
613 2086 745 2133 agros
769 2069 942 2133 Regios
965 2068 1029 2114 eis
1051 2068 1217 2114 divifit.
1286 2066 1524 2114 Nobilitas
1546 2066 1707 2112 contra
1728 2067 1852 2131 Regi
1875 2084 1986 2114 con—

206 2137 344 2192 cessit‚
370 2151 419 2184 ut
441 2137 547 2182 cum
568 2151 729 2182 eorum
751 2133 917 2198 aliquis
939 2144 1208 2187 moreretur,
1239 2130 1374 2178 liberi
1401 2131 1460 2177 ad
1492 2130 1758 2177 vicesimum
1781 2131 1983 2194 primum

209 2202 352 2249 aetatis
374 2218 546 2247 annum
568 2200 615 2246 in
656 2200 726 2261 (1)
770 2199 912 2245 tutela
939 2197 1090 2262 Regia
1110 2197 1248 2244 essent
1274 2215 1283 2242 :
1318 2198 1513 2258 Rexque
1536 2208 1783 2258 proventus
1806 2213 1982 2253 omnes,

205 2280 512 2330 praeterquam
534 2264 662 2328 quod
683 2265 729 2311 in
752 2262 1072 2311 educationem
1091 2261 1341 2308 liberorum
1361 2260 1720 2323 impenderetur,
1740 2261 1985 2324 acciperet.

206 2333 432 2379 Praeterea
447 2344 498 2377 ut
515 2330 743 2394 puberum
756 2328 1130 2379 collocandorum
1147 2327 1339 2387 potestas
1358 2341 1498 2388 penes
1512 2340 1618 2371 eum
1635 2325 1758 2381 esset,
1779 2327 1834 2372 ad
1854 2343 1983 2373 eum-

207 2413 298 2460 que
316 2397 398 2443 dos
419 2395 604 2442 rediret.
649 2395 791 2441 Hunc
813 2409 988 2440 morem
1012 2392 1069 2439 ab
1094 2391 1279 2453 Anglis,
1302 2393 1351 2439 &
1374 2388 1522 2436 Danis
1551 2388 1706 2451 potius
1728 2404 1984 2453 acca-:ptum

207 2462 346 2508 credo
378 2478 389 2507 t
418 2460 546 2522 quod
567 2459 614 2506 in
635 2471 732 2506 tota
754 2457 944 2521 Anglia,
969 2460 1019 2507 δι
1036 2467 1163 2520 parte
1182 2452 1453 2501 Normaniae
1470 2452 1620 2499 adhuc
1639 2454 1907 2516 perseveret.

271 2526 377 2573 LII.
411 2524 595 2573 Deinde
617 2526 720 2571 Rex
736 2523 885 2569 versus
908 2523 966 2569 ad
987 2521 1261 2567 detrimenta
1284 2517 1394 2566 belli
1423 2518 1693 2580 reparanda,
1714 2519 1859 2565 multa
1880 2519 1982 2567 loca

207 2591 331 2638 sacra
352 2589 409 2636 ab
428 2587 629 2635 hostibus
651 2588 801 2635 eversa
821 2587 1015 2634 restituit
1039 2604 1049 2632 :
1096 2584 1307 2647 arcesque
1328 2599 1410 2645 per
1431 2583 1594 2629 omnia
1610 2583 1784 2646 oppida
1803 2597 1881 2630 aut
1916 2586 1986 2630 la-⁴

205 2655 453 2703 befaCtatas
486 2653 764 2708 instauravit,
788 2666 865 2698 aut
887 2667 1027 2699 novas
1050 2648 1273 2696 condidit.
1341 2648 1470 2694 Tum
1493 2663 1687 2711 regnum
1708 2663 1734 2693 a
1750 2647 1791 2694 se
1814 2665 1981 2712 magna
2052 2648 2055 2650 ’

207 2719 379 2766 virtute
402 2718 692 2783 pacificatum
715 2717 916 2781 legibus,
937 2723 977 2764 δι
996 2713 1210 2762 institutis
1234 2729 1392 2760 ornare
1410 2712 1637 2776 aggressus
1659 2715 1729 2774 (2)
1751 2728 1871 2759 nova
1888 2729 1984 2758 ma-

211 2785 477 2848 gistratuum
497 2784 687 2830 nomina
708 2782 844 2829 credo
866 2798 892 2828 a
908 2781 1070 2827 vicinis
1093 2790 1294 2840 accaepta
1311 2776 1457 2849 magis
1480 2776 1538 2822 ad
1570 2792 1735 2823 vanam
1768 2777 1984 2824 ambitio-
2036 2773 2037 2776 '

209 2865 333 2904 nem,
355 2865 494 2911 quam
519 2849 576 2895 ad
599 2848 745 2894 ullum
765 2847 893 2894 usum
913 2845 1122 2892 instituit.
1154 2844 1280 2890 Nam
1299 2839 1603 2904 supenoribus
1628 2840 1800 2887 saeculis
1818 2855 1984 2903 praeter
2038 2840 2063 2903 ᾗ

175 2918 178 2924 “
208 2914 420 2968 Thanos,
439 2914 528 2959 hoc
539 2913 599 2959 est
612 2912 849 2976 praefe&os
862 2911 1125 2974 regionum,
1141 2909 1231 2954 five
1248 2907 1318 2971 (3)
1337 2903 1621 2957 nomarchas,
1645 2909 1684 2950 &
1703 2906 1772 2968 (4)
1792 2907 1982 2968 quaesto·
2023 2946 2030 2956 ,
2049 2918 2059 2932 ⁴

203 2988 306 3025 ⁴rem
335 2993 487 3024 rerum
517 2977 783 3041 capitalium
807 2977 989 3022 nullum
1027 2972 1215 3020 honoris
1237 2986 1406 3018 nomen
1433 2968 1626 3032 equestri
1655 2971 1814 3016 ordine
1848 2970 1984 3018 altius
2042 2975 2053 3015 ’;

207 3042 355 3089 fuerat
375 3060 387 3089 ε
420 3043 545 3105 quod
565 3042 688 3105 apud
709 3042 869 3088 Danos
892 3038 1116 3086 observari
1137 3036 1288 3083 adhuc
1310 3033 1464 3081 audio.
1517 3034 1660 3080 Nunc
1677 3035 1787 3081 verb
1806 3049 1890 3080 nec
1914 3035 1984 3081 ul·
2029 3080 2031 3083 ,
2052 3076 2055 3081 ,

182 3105 184 3107 ’
204 3107 278 3153 'lus
300 3106 348 3152 in
371 3106 500 3154 novis
522 3107 749 3153 honorum
772 3104 1036 3153 nominibus
1056 3104 1116 3150 est
1135 3101 1298 3147 modus
1319 3117 1330 3146 z
1363 3114 1512 3161 neque
1530 3109 1698 3161 praeter
1717 3097 1900 3145 inanem
1922 3098 1984 3145 ti·
2039 3140 2059 3148 ,,

204 3172 356 3219 'tulum
379 3171 499 3217 ullus
521 3170 764 3218 nominum
790 3170 907 3217 usus.
951 3170 1023 3215 Ac
1040 3164 1378 3226 Milcolumbus
1398 3161 1587 3225 quidem
1611 3162 1743 3208 bellis
1764 3163 1981 3225 perfunc-
2049 3167 2056 3176 '

207 3248 279 3281 tus
299 3230 476 3297 aliquot
497 3251 642 3282 annos
671 3251 839 3298 magna
860 3250 963 3280 cum
987 3232 1135 3296 gloria
1154 3227 1363 3293 regnavit
1387 3246 1399 3274 :
1436 3227 1510 3273 sed
1540 3226 1589 3272 in
1615 3225 1760 3273 aeta'tis
1791 3226 1984 3274 decursu
2040 3222 2055 3256 Ὗ

206 3298 311 3347 vitae
334 3299 575 3362 superioris
597 3298 884 3362 splendorem
908 3296 1099 3344 avaritia
1115 3292 1323 3342 foedavit.
1356 3291 1413 3339 Id
1435 3287 1479 3338 ei
1500 3290 1664 3338 vitium
1683 3291 1850 3354 partim
1874 3305 1982 3339 cum
2006 3302 2009 3306 ’
2040 3345 2048 3358 .-

257 3429 323 3482 (ι)
352 3430 507 3475 Tutela,
524 3435 648 3478 tutory
669 3442 679 3465 z
709 3429 748 3465 It
775 3426 807 3464 is
835 3435 902 3476 put
919 3427 976 3465 for
993 3425 1063 3463 the
1117 3423 1238 3470 clerk,
1258 3423 1455 3468 constable,
1484 3418 1686 3459 mareschal
1707 3434 1719 3469 3
1758 3419 1832 3459 also
1850 3419 1915 3458 the
1929 3418 2058 3458 ti··''“'

203 3486 302 3520 usar-d
321 3483 367 3522 of
382 3483 468 3521 such
489 3483 708 3529 minors,·as
726 3480 817 3517 hold
841 3480 941 3517 their
960 3481 1063 3517 lands
1117 3479 1187 3516 tles
1206 3477 1251 3514 of
1272 3477 1360 3522 carl,
1382 3476 1511 3520 baron,
1529 3473 1685 3523 knight,
1704 3477 1773 3512 &c.

200 3537 240 3573 in
256 3539 372 3574 ward.
628 3550 633 3556 N
1171 3530 1238 3581 (3)
1257 3527 1425 3572 SheriffQ.

254 3589 318 3637 (2)
348 3593 402 3627 As
418 3589 646 3635 chanoessor,
678 3586 889 3632 >thesaurer,
910 3585 1062 3622 secreta·
1170 3583 1236 3633 (4)
1273 3583 1345 3633 My
1363 3580 1597 3632 lordjustice.

200 3656 254 3690 ry,
291 3642 562 3690 chamberlain,
593 3640 882 3690 clerk·1·egiste:·,
910 3638 1062 3689 justice-
1832 3683 1875 3733 se
1910 3681 1922 3693 θ
2010 3667 2021 3688 ,N

1851 3700 1854 3702 v
1878 3695 1981 3738 [1202.
2023 3708 2024 3711 ’
