2065 3796
192 148 323 221 1¹70
499 133 557 200 R
592 155 635 207 n
663 155 775 200 au
809 157 858 200 M
949 135 1055 200 Se
1087 155 1204 198 σιτ
1239 154 1332 200 rc
1367 156 1477 202 AfR
1510 155 1638 201 um

195 230 391 293 vidian-i‚
429 236 469 280 &
495 234 793 282 ..AEbudenses
831 232 983 280 vicina
1012 232 1168 296 omnia
1195 249 1287 279 non
1320 234 1411 281 fine
1432 234 1575 294 ⁴caede
1609 231 1962 296 populabantur.

197 297 259 342 Et
294 296 478 359 Moravi
511 295 616 345 cuin
647 298 883 351 Romanis,
909 303 949 344 δε
978 296 1283 352 -Cathanefiis,
1318 297 1507 360 aliisque
1544 297 1816 361 propinquis
1848 298 1966 346 facta

196 360 534 422 conjuratione,
573 361 796 423 adjunctis
846 359 986 407 etiam
1029 360 1346 407 insulanorum
1383 362 1603 425 proximis
1639 362 1810 423 majore
1843 364 1970 415 ,mole

199 422 376 481 bellum
395 424 594 473 ciebant.
660 424 888 471 Adversus
914 423 1269 472 Gallovidianos
1283 425 1500 472 Valterus
1518 425 1776 475 Banchonis
1795 442 1852 473 ex
1866 427 1900 472 F
1903 427 1970 473 le-

195 483 349 535 ancho
371 488 467 537 filio
485 506 625 552 nepos
641 488 917 548 jamdudum
940 506 966 535 a
991 490 1060 550 (1)
1086 490 1216 552 Rege
1237 488 1286 535 in
1307 488 1504 553 gratiam
1529 502 1754 552 receptuS,
1780 490 1830 537 in
1863 490 1969 538 reli-

194 567 314 614 quos
336 553 527 600 rebelles
551 553 815 600 Macdu-ffus
837 554 897 617 est
919 553 1088 609 missus,
1113 553 1224 600 dum
1246 554 1350 600 Rex
1369 564 1556 617 cogeret
1575 553 1730 617 copias
1749 556 1971 616 majores.
2019 576 2028 584 2

200 615 418 673 Valterus
430 617 549 664 caeso
572 617 795 664 tumult-us
829 618 963 673 duce,
993 617 1059 665 ita
1080 630 1291 666 caeteram
1322 617 1668 665 multitudinem
1698 618 1970 682 compreffit,

140 718 143 720 a
201 692 251 726 ut
273 682 376 729 Rex
398 698 503 729 eum
524 682 749 729 reversum
771 681 832 728 ob
853 689 950 729 rem
973 683 1279 746 benegestam
1300 683 1532 729 Stuartum
1555 681 1694 729 totius
1718 682 1883 729 Scotiae
1904 684 1971 732 fe-

197 744 311 792 cerit
336 763 346 790 :
384 747 509 808 quasi
527 746 650 793 dicas
669 761 984 794 oeconomum.
1053 747 1146 794 Hic
1165 745 1447 810 magistratus
1473 746 1626 793 census
1645 763 1804 793 omnes
1822 748 1967 810 Regi-

194 823 248 854 os
276 809 463 873 colligit
492 829 504 857 ε
540 810 902 871 jurisdictionem
933 811 1070 858 etiam
1101 811 1286 874 qualem
1316 824 1632 866 conventuum
1647 811 1851 873 praefefti
1884 813 1964 858 ha-

199 870 328 927 bent,
349 890 400 920 ac
418 875 593 936 prorsus
614 875 686 935 (z)
707 872 834 920 idem
852 876 912 921 est
942 892 1046 923 cum
1063 892 1151 929 eo,
1176 891 1311 936 quern
1332 875 1503 936 priores
1523 876 1743 921 Thanum
1768 878 1970 938 appella·

198 935 327 984 baut.
395 940 549 1001 Atque
588 953 711 984 nunc
740 937 944 996 sermone
975 938 1180 1001 Anglico
1210 936 1410 999 patrium
1444 937 1696 998 superante,
1728 940 1970 1000 regionum

200 1000 235 1046 Ἰ
251 1000 361 1048 bani
380 1001 621 1064 plaerisque
648 1001 697 1048 in
719 1000 832 1049 locis
857 1002 1026 1049 Stuarti
1042 1013 1265 1049 vocantur
1285 1021 1295 1049 :
1322 1007 1362 1049 δε
1384 1001 1466 1064 qui
1484 1001 1575 1048 illis
1594 1014 1689 1048 erat
1707 1002 1967 1056 Abthanus‚

199 1079 322 1111 nunc
346 1068 552 1113 Stuartus
576 1065 741 1112 Scotiae
772 1065 1048 1114 nominatur.
1117 1065 1277 1113 Paucis
1311 1065 1360 1111 in
1394 1064 1507 1112 locis
1542 1077 1670 1112 vetus
1695 1066 1853 1113 Thani
1887 1084 1969 1115 no*

199 1145 307 1175 men
325 1130 475 1177 adhuc
498 1142 668 1178 manet.
738 1130 815 1176 Ab
836 1131 1137 1180 hoc‘Valtero
1164 1130 1299 1192 caepit
1319 1128 1502 1177 initium
1532 1132 1815 1179 Stua-rtorum
1838 1131 1969 1180 fami*

200 1193 279 1257 lia,
305 1210 408 1256 quae
438 1195 536 1257 jam
560 1193 641 1241 diu
665 1195 786 1258 apud
810 1196 969 1242 Scotos
992 1211 1140 1243 rerum
1160 1194 1352 1258 potitur.
1945 1221 1951 1225 -

263 1260 377 1306 XX.
409 1259 673 1307 Macdu‘ffus
712 1259 761 1306 in
799 1259 988 1322 regione
1009 1261 1182 1307 diversa
1203 1276 1308 1306 cum
1339 1259 1397 1306 ad
1424 1258 1609 1306 Marriae
1633 1260 1742 1308 fines
1768 1262 1970 1318 venisset,

200 1322 446 1371 Marrianis
464 1324 724 1386 pecuniam,
738 1341 795 1372 ne
815 1325 924 1371 fines
946 1340 1102 1372 eorum
1123 1323 1454 1387 ingrederetur,
1467 1323 1793 1387 pollicentibus
1817 1328 1975 1375 multi-

202 1387 410 1435 tudinem
421 1387 792 1436 hostiumveritus
809 1405 904 1435 rem
924 1389 1208 1437 simulatione
1223 1388 1529 1436 transactionis
1544 1388 1887 1438 conditionibus
1903 1392 1971 1439 fe-

148 1491 158 1499 .
202 1450 358 1500 tendis
375 1451 621 1517 suspendit,
646 1454 793 1501 donec
812 1455 914 1502 Rex
935 1453 1027 1517 ipse
1051 1452 1299 1514 majoribus
1317 1469 1421 1500 cum
1446 1452 1590 1516 copiis
1609 1453 1812 1502 advenit.
1850 1457 1973 1505 Cum

204 1514 264 1561 ad
298 1516 640 1566 Monimuscum
663 1518 817 1565 vicum
852 1517 1105 1580 conjunctis
1127 1516 1275 1564 castris
1298 1516 1446 1565 fuiffet
1463 1530 1670 1573 ventum,
1695 1520 1798 1565 Rex
1819 1520 1975 1569 audita

203 1579 500 1630 multitudine
514 1582 707 1630 hostium
725 1582 963 1637 sollicitus,
982 1584 1051 1646 (3)
1070 1582 1265 1629 Andreae
1279 1583 1517 1645 Apostolo,
1534 1599 1673 1645 quem
1687 1584 1813 1630 velut
1834 1585 1973 1633 deum

205 1647 445 1694 tutelarem
470 1648 595 1695 Scoti
616 1648 847 1704 colebant,
881 1647 1056 1703 vicum,
1091 1647 1138 1694 in
1161 1662 1254 1710 quo
1290 1647 1506 1694 tendebat
1530 1649 1599 1710 (4)
1625 1648 1667 1695 se
1695 1648 1970 1698 donaturum

205 1710 396 1765 vovit‚fi
420 1712 563 1760 vietor
582 1729 639 1759 ex
663 1729 715 1759 ca
738 1711 1029 1776 expeditione
1053 1723 1367 1773 reverteretur.
1418 1714 1488 1776 (5)
1516 1712 1675 1759 Paucis
1697 1711 1804 1760 inde
1827 1714 1975 1762 castris
2020 1721 2022 1726 '

203 1787 393 1822 ventum
416 1777 474 1824 ad
508 1778 710 1838 Spaeam,
727 1778 932 1824 omnium
957 1776 1121 1823 Scotiae
1142 1776 1383 1823 fluminum
1407 1777 1745 1838 rapidiffimum.
1817 1779 1973 1828 Hosti-

207 1855 284 1885 um
307 1839 375 1886 ibi
393 1853 571 1889 tantum
589 1858 841 1889 numerum¹
862 1854 1086 1904 quantum
1103 1857 1161 1892 ex
1182 1839 1274 1887 illis
1296 1840 1562 1905 regionibus
1586 1840 1692 1904 cogi
1712 1843 1829 1903 posse
1854 1860 1972 1889 nun-

206 1916 346 1965 quam
380 1905 652 1961 credidisset,
675 1906 723 1954 in
754 1906 968 1963 ulteriore
1001 1906 1102 1970 ripa
1130 1905 1188 1952 ad
1223 1905 1454 1951 transitum
1491 1905 1828 1967 prohibendum
1864 1908 1975 1955 stare

202 1967 508 2031 conspicatus,
529 1970 742 2036 signifero
760 1973 999 2018 cunctante
1021 1971 1191 2018 flumen
1213 1969 1394 2033 ingredi
1417 1970 1593 2033 signum
1619 1970 1658 2015 ei
1681 1971 1883 2017 ablatum
1907 1973 1976 2018 A·

206 2031 428 2082 lexandro
450 2036 644 2084 Carroni
678 2035 826 2098 equiti
852 2048 972 2082 notae
1008 2033 1292 2082 fortitudinis
1315 2033 1442 2081 dedit
1467 2052 1478 2080 ε
1514 2032 1787 2097 posterisque
1821 2036 1915 2097 ejus
1937 2037 1976 2084 is

208 2095 356 2154 honos
379 2099 579 2155 habitus,
597 2113 647 2148 ut
663 2101 866 2164 Regium
889 2100 937 2147 in
960 2100 1082 2148 bello
1101 2097 1323 2146 vexillum
1349 2098 1533 2145 ferrent.
1602 2098 1655 2145 Ei
1675 2115 1759 2161 pro
1775 2100 1979 2148 Carrone
2027 2120 2029 2122 ·

199 2163 362 2223 “postea
400 2181 658 2229 cognomen
688 2164 965 2229 Scrimigero
1002 2164 1198 2228 positum
1217 2181 1228 2209 :
1263 2163 1388 2226 quod
1422 2162 1684 2226 magistrum
1724 2166 1980 2212 tractando·
2035 2220 2037 2225 Ι

208 2240 313 2273 rum
333 2244 562 2277 armorum
586 2229 780 2277 multum
809 2229 893 2276 fibi
912 2245 970 2276 ex
998 2245 1054 2277 eo
1083 2228 1229 2275 studio
1252 2239 1539 2292 arrogantem
1564 2226 1657 2289 ipse
1680 2242 1786 2274 vera
1807 2230 1976 2277 virtute

210 2287 370 2348 fretus,
391 2294 587 2357 artisque
604 2294 642 2355 ej
653 2311 700 2340 us
723 2294 904 2356 penitus
927 2293 1169 2357 imperitus
1186 2291 1371 2338 viciffet.
1398 2293 1573 2355 Regem
1592 2292 1688 2352 jam
1712 2292 1881 2357 flumen
1904 2293 1975 2340 in·
2037 2325 2045 2337 .,

163 2381 179 2399 -,
198 2356 495 2416 --gredientem
522 2361 591 2421 (6)
621 2357 1072 2407 infulatisacerdotes
1093 2357 1195 2404 sunt
1215 2357 1379 2404 morati
1396 2373 1406 2402 ε
1423 2356 1503 2419 qui
1521 2372 1576 2402 eo
1598 2356 1892 2417 permittente
1912 2358 1972 2421 acl
2035 2371 2065 2423 ῥ’

210 2418 382 2467 hostem
395 2423 597 2485 ³profecti
619 2423 789 2469 bellum
813 2423 927 2469 citra
941 2421 1206 2486 sanguinem
1230 2419 1457 2467 finierunt.
1477 2419 1745 2468 Nobiliores
1764 2421 1858 2468 vi-ta
1875 2428 1977 2470 tan?
2006 2440 2016 2443 ·

214 2493 312 2531 tum
346 2485 588 2550 impetrata
619 2486 661 2534 se
682 2487 973 2534 dediderunt.
1039 2489 1229 2540 Eorum,
1253 2484 1333 2548 qui
1369 2483 1567 2544 maxime
1600 2483 1813 2547 inquieti,
1840 2491 1880 2534 δε
1913 2488 1976 2534 se-

212 2547 443 2597 ditionum
466 2564 643 2598 autores
659 2549 792 2598 fuiffe
819 2550 1043 2615 comperti
1076 2551 1193 2606 sunt,
1215 2547 1350 2597 bonis
1372 2548 1556 2604 multati
1576 2561 1811 2613 perpetuae
1834 2552 1976 2598 custo·
2035 2587 2038 2591 .

212 2611 304 2658 diae
326 2614 659 2678 mancipantur.
1583 2672 1587 2674 ῃ

277 2677 407 2726 ΧΧΙ.
439 2681 555 2728 Pace
574 2678 719 2736 domi,
743 2675 938 2743 forisque
960 2678 1138 2744 magnis
1171 2676 1404 2726 laboribus
1426 2689 1572 2741 parta,
1590 2678 1652 2727 ad
1684 2694 1831 2726 mores
1854 2680 1971 2742 pub3
2033 2683 2051 2687 ”

211 2738 325 2789 licos
346 2744 654 2792 emendandos
666 2745 914 2792 conversus
934 2744 1029 2808 ipse
1051 2751 1090 2795 δι
1113 2743 1371 2791 sanetiffime
1393 2743 1592 2798 vivebat,
1618 2749 1658 2790 δε
1682 2743 1795 2790 alios
1817 2761 1971 2791 exem·
1990 2768 1992 2770 ·
2027 2782 2029 2785 .

210 2804 292 2865 plo
324 2808 382 2855 ad
414 2807 698 2867 modestiam,
721 2813 763 2858 ’δε
793 2809 1057 2872 aequitatem
1086 2808 1384 2872 provocabat.
1452 2807 1692 2855 Creditum
1715 2808 1775 2854 est
1796 2825 1901 2856 eum
1925 2810 1998 2877 inf

265 2939 332 2990 (J)
356 2940 430 2978 His
449 2941 684 2989 grandfather
708 2939 864 2978 Bancho
880 2940 952 2978 had
979 2953 1069 2979 con·
1125 2950 1210 2975 cum
1226 2936 1307 2983 ino,
1321 2939 1391 2975 and
1405 2936 1470 2974 the
1487 2934 1581 2983 like,
1596 2950 1633 2973 as
1648 2937 1852 2975 badLatin.
1894 2931 2025 2976 'l'lre‘t

213 2989 330 3040 spired
351 2993 444 3030 with
465 2993 678 3032 Mackbeth
692 3002 736 3032 to
762 2993 836 3032 kill
853 2994 1071 3032 Malcoim's
1125 2990 1323 3041 expression
1342 2989 1390 3027 he
1409 2989 1608 3027 maintains
1623 3003 1664 3027 or
1682 2992 1745 3030 the
1763 2992 1977 3028 construiti·
2019 3005 2037 3030 ί

215 3042 340 3082 father
355 3044 450 3094 king
465 3046 638 3093 Duncan,
651 3047 706 3084 see
719 3060 797 3097 cap.
813 3047 850 3084 8.
867 3047 1069 3096 thereafter
1120 3057 1171 3082 on
1201 3043 1232 3081 is
1262 3042 1328 3096 tbe
1357 3043 1514 3092 same-iri
1536 3043 1635 3080 idem
1654 3056 1740 3093 cum
1770 3043 1852 3089 illo,
1883 3057 1919 3081 as
1939 3045 1981 3081 in⁴

213 3095 325 3134 when
355 3097 507 3136 Bancho
527 3097 599 3137 was
618 3098 682 3137 cut
698 3100 758 3137 off
771 3101 816 3148 by
834 3096 1068 3144 Mackbet'h,
1122 3094 1216 3134 unus
1232 3108 1317 3132 cum
1329 3095 1410 3142 illo,
1428 3096 1560 3134 similis
1572 3109 1658 3133 cum
1676 3096 1757 3142 ino,
1777 3109 1896 3146 aeque,
1915 3110 1976 3146 pa«

213 3152 295 3199 capss
308 3161 370 3188 rot
383 3151 590 3190 Fleanchus
607 3152 679 3190 fied
690 3152 771 3190 into
782 3153 925 3199 Wales,
943 3150 1075 3189 where‘
1121 3151 1224 3195 riter,
1237 3149 1342 3199 juxta
1361 3161 1446 3186 cum
1465 3149 1536 3187 illo
1550 3163 1561 3197 3
1583 3148 1622 3185 in
1641 3149 1811 3196 Plautus,
1831 3150 1976 3195 Sallust,
2006 3155 2011 3157 ’
2029 3156 2031 3158 ’
2049 3180 2053 3183 .

214 3201 265 3239 he
290 3202 401 3252 begot
418 3203 506 3240 «this
521 3205 683 3252 waher,
709 3205 920 3254 progenitor
933 3205 987 3243 -of
1007 3205 1073 3243 the
1127 3202 1260 3241 Caesar.
1315 3203 1446 3239 Hence
1465 3201 1539 3240 also
1569 3214 1688 3238 unum
1717 3201 1887 3251 idemque
1921 3216 1979 3240 are
2017 3206 2031 3238 ’ἐ

218 3255 394 3294 stewarts
405 3269 503 3306 upon
514 3256 720 3306 theprince
729 3258 1074 3306 ofWale‘s'daugh-
1127 3256 1230 3294 osten
1261 3254 1468 3305 conjoined,
1487 3267 1523 3293 as
1554 3254 1602 3292 of
1623 3254 1687 3292 the
1706 3254 1804 3293 same
1823 3253 1882 3292 use
1909 3256 1979 3297 and
2015 3284 2026 3292 .,

212 3316 294 3346 ter:
313 3308 400 3348 who
418 3309 568 3358 coming
586 3318 624 3347 to
639 3323 717 3358 age,
733 3313 904 3348 returned
919 3312 1075 3348 to-Scot-
1129 3307 1389 3362 signification.
1992 3329 1994 3331 >
2016 3348 2022 3356 ,

212 3361 314 3409 land,
344 3365 413 3401 and
442 3374 517 3400 was
544 3364 750 3400 reconciled
781 3371 821 3400 to
847 3363 942 3413 king
966 3364 1076 3401 Mal-
1170 3359 1334 3411 ⁴(3)·To
1349 3358 1527 3398 thekirk
1543 3359 1588 3398 of
1602 3360 1657 3399 St.
1679 3359 1892 3409 Andtew's,
1911 3358 2029 3408 ands,

209 3414 326 3453 colm-
523 3413 526 3419 ’
788 3444 794 3448 .
1124 3412 1422 3463 bissiop·thereof.
1463 3409 1468 3419 ¹
1649 3414 1654 3419 '
1962 3412 1982 3418 ”
2022 3415 2027 3421 ’

267 3468 331 3519 (2)
355 3467 592 3515 Perizonius,
613 3467 661 3506 rin
690 3467 751 3506 his
781 3468 876 3519 13th
905 3476 992 3506 note
1009 3467 1083 3506 ·=on'
1145 3482 1148 3486 ⁴
1178 3466 1238 3517 (4)
1267 3465 1357 3507 Scil.
1377 3467 1502 3515 castra,
1521 3465 1645 3504 where
1657 3465 1711 3505 ‘he
1730 3467 1943 3518 encamped.

214 3521 355 3558 Sanctii
387 3522 562 3559 Minerva
585 3521 658 3559 lib.
677 3532 717 3569 4.
735 3532 814 3570 cap.
835 3522 872 3558 6.
904 3521 1070 3566 censures
1088 3528 1090 3531 “
1168 3518 1239 3569 (5)
1268 3521 1305 3555 A
1319 3519 1397 3561 ‚few
1414 3521 1498 3568 days
1517 3519 1724 3569 marching.
1899 3530 1902 3538 ¹
1966 3570 1970 3573 ι

214 3573 406 3625 Scioppius
432 3576 502 3614 and
520 3574 646 3615 others
672 3574 731 3614 for
747 3574 943 3633 exploding
970 3575 1070 3616 idem
1179 3571 1239 3624 (6)
1258 3571 1370 3612 With
1389 3571 1490 3613 their
1505 3571 1633 3612 mitres
1646 3583 1699 3612 on
1715 3572 1818 3614 their
1835 3570 1960 3612 heaas.
1976 3575 1989 3588 ”

1901 3659 1984 3715 hae
