2149 3852
677 141 1010 208 Lrasit
1104 139 1528 224 Primus.
1947 154 1999 229 7

207 248 264 298 'in
286 261 376 296 uno
396 238 643 291 Britanniae
665 239 852 288 nomine
872 257 978 288 cum
1013 251 1105 286 tam
1129 241 1254 288 durae
1277 236 1525 288 severitatis
1547 241 1607 288 est
1628 244 1827 300 exaaor,
1850 242 1899 292 in
1922 256 1994 292 tot

206 313 312 361 aliis
336 307 417 356 fibi
451 320 624 357 tantam
660 306 839 352 affumit
869 305 1119 353 licentiam.
1191 307 1333 353 Nunc
1367 319 1527 353 contra
1557 320 1756 356 veterem
1780 309 1992 357 omnium

211 373 430 443 gentium·
454 371 830 419 consuetudinem
859 389 942 434 pro
971 387 1111 424 novo,
1142 371 1232 417 obs
1234 387 1354 426 “ur-o,
1379 376 1419 418 δε
1450 371 1625 418 incerto
1644 374 1868 421 vocabulo
1895 387 1993 422 tam.

210 439 504 503 pertinaciter
520 436 682 484 nititur
707 455 717 483 :
753 435 970 482 nimirum
996 453 1052 482 ne
1077 436 1254 499 regium
1277 436 1394 483 illud
1417 453 1584 483 nomen
1606 437 1776 491 Luddi‚
1809 439 1833 485 ὲ
1858 439 1991 486 Cim-

211 506 395 551 brorum
416 501 623 566 prosapia
644 502 849 553 ἀιιὲὶυῐῐι,
877 506 917 546 &
940 500 1066 546 velut
1089 502 1340 563 palladium
1362 500 1411 547 in
1432 502 1553 548 hunc
1588 501 1726 564 usque
1749 502 1871 551 diem
1902 505 1990 551 ser-

208 581 367 616 vatum
389 585 438 614 1n
459 566 743 613 oblivionem
767 564 958 613 veniret.
1031 565 1146 612 Idne
1168 566 1310 622 fieret,
1336 567 1526 613 Luddus
1547 566 1756 613 adversus
1781 568 1990 616 multitu·
2059 604 2062 607 -

209 634 330 680 dinis
366 632 644 686 consensum,
671 628 892 693 temporis
922 631 1208 686 vetustatem,
1242 645 1380 694 atque
1415 631 1531 679 adeo
1567 630 1723 695 ipsam:
1749 632 1992 682 veritatem

205 698 290 745 fibi
312 712 540 744 certamen
561 694 768 743 instituit.

273 764 357 809 XI.
378 764 451 809 Est
467 761 567 808 &in
585 761 813 808 vocabulo
835 761 869 808 B
883 762 925 808 R
938 734 1074 817 ITA
1087 761 1133 807 N
1149 761 1232 825 NI
1247 762 1290 808 A
1309 761 1388 808 illa
1406 762 1556 809 adhuc
1574 760 1844 818 observatio,
1863 763 1989 825 quod

206 827 332 889 apud
352 840 530 874 exteros
553 825 789 889 scriptores
824 826 874 873 id
906 826 1062 873 insulae
1086 825 1225 873 totius
1248 828 1308 873 est
1332 844 1514 874 nomen.
1585 828 1814 874 Brittones
1836 840 1992 876 autem

207 897 250 938 &
273 892 416 966 Angli
437 891 518 954 qui
560 908 628 938 res
649 889 929 938 Britannicas
953 890 1104 938 literas
1128 892 1404 940 mandarunt
1426 909 1547 939 nunc
1569 909 1674 938 cum
1691 892 1859 939 'exteris
1877 909 1990 941 con-

205 956 407 1004 sentiunt
431 976 442 1004 z
480 973 602 1003 nunc
625 968 804 1003 tantum
830 955 1073 1003 Britanniae
1097 957 1284 1003 nomine
1305 957 1488 1003 censent
1509 973 1609 1004 eam
1631 956 1789 1004 insulae
1812 969 1991 1020 partem
2063 996 2065 1003 ,

202 1038 310 1084 quae
335 1021 570 1084 provincia
593 1023 803 1068 Romana
824 1021 911 1068 fuit
936 1039 947 1067 :
980 1021 1122 1084 idque
1144 1021 1287 1078 varie,
1313 1038 1450 1085 prout
1473 1022 1585 1069 belli
1606 1035 1796 1069 eventus
1819 1022 1990 1071 limites

205 1086 403 1133 mutavit
423 1105 433 1132 :
459 1086 644 1134 interim
663 1086 786 1133 enim
810 1085 1022 1142 Adriani,
1048 1086 1231 1133 interim
1258 1088 1413 1134 Severi
1442 1089 1614 1134 vallum
1634 1088 1771 1134 finem
1792 1086 1992 1150 imperio

205 1150 461 1197 faciebant:
482 1151 683 1212 reliquos
701 1151 780 1213 qui
797 1163 923 1197 extra
944 1152 1115 1196 vallum
1134 1164 1279 1207 erant,
1295 1169 1418 1200 nunc
1432 1153 1671 1208 Barbaros,
1685 1169 1806 1199 nunc
1819 1153 1989 1201 Trans-

205 1214 406 1262 marinos
428 1216 740 1277 appellabant.
810 1215 933 1262 Beda
965 1215 1072 1261 libri
1094 1216 1234 1278 primi
1254 1217 1388 1264 initio
1412 1218 1469 1264 fic
1491 1217 1645 1264 scribit
1682 1238 1693 1264 ;
1760 1226 1794 1246 “
1826 1219 1992 1280 Itaque

204 1292 413 1342 petentes
437 1279 720 1327 Britanniam
755 1279 870 1326 Pieri
894 1279 1100 1344 habitare
1135 1298 1216 1344 per
1252 1282 1624 1345 septentrionales
1660 1281 1816 1330 insulae
1835 1297 1987 1346 partes

206 1346 499 1406 coeperunt.'’
565 1346 692 1391 Nam
726 1345 922 1392 austrina
945 1345 1174 1393 Brittones
1198 1360 1554 1408 occupaverant.
1623 1347 1755 1393 Idem
1779 1364 1880 1410 cap.
1910 1365 1986 1413 34.

208 1417 244 1438 ‘⁴
275 1410 479 1456 Aidanus
497 1421 577 1456 rex
596 1411 841 1457 Scotorum
861 1408 944 1473 qui
962 1409 1247 1458 Britanniam
1266 1412 1526 1458 habitant.''
1547 1410 1734 1459 et-libro
1749 1431 1792 1476 4.
1816 1429 1916 1476 cap.
1938 1433 1986 1478 4.

205 1474 320 1520 dum
340 1475 540 1521 reditum
564 1475 783 1522 Colmani
810 1492 867 1522 ex
882 1475 1055 1539 Anglia
1077 1476 1126 1522 in
1160 1476 1362 1523 Scotiam
1386 1476 1559 1533 scribit,
1589 1476 1670 1532 ait,
1727 1485 1760 1506 “
1807 1481 1990 1527 Interea

205 1545 243 1567 “
277 1540 547 1594 Colmanus‚
585 1540 669 1602 qui
691 1541 748 1587 de
768 1542 925 1587 Scotia
944 1554 1057 1595 erat,
1093 1541 1358 1603 relinquens
1381 1542 1719 1589 Britanniam.''
1771 1539 1831 1590 Et
1851 1542 1985 1600 alibi,

206 1611 242 1632 “
274 1602 457 1663 Exinde
478 1617 720 1667 coeperunt
746 1622 827 1668 per
849 1607 1001 1669 plures
1033 1605 1130 1652 dies
1154 1606 1212 1653 de
1237 1609 1480 1653 Scotorum
1517 1607 1710 1670 regione
1743 1609 1901 1656 venire
1935 1610 1988 1659 in

206 1675 243 1697 “
276 1666 611 1716 Britanniam.''
645 1672 782 1723 Item,
809 1679 844 1700 “
865 1671 1055 1718 Occisus
1074 1673 1134 1718 est
1149 1671 1535 1731 Oswaldusjuxta
1552 1689 1755 1727 murum,
1776 1691 1870 1736 quo
1888 1676 1986 1722 Ro.

207 1741 243 1761 ‘⁶
277 1734 404 1799 mani
427 1734 486 1780 ob
507 1735 728 1782 arcendos
740 1736 1042 1795 Barbarorum
1064 1737 1265 1800 impetus
1284 1749 1428 1784 totam
1447 1755 1472 1784 a
1494 1737 1609 1784 mari
1631 1738 1771 1801 usque
1789 1741 1846 1787 ad
1861 1757 1988 1788 mare

207 1805 243 1826 “
275 1799 608 1861 praecinxerant
632 1800 968 1848 Britanniam.''
1029 1798 1206 1848 Eadem
1228 1803 1452 1865 loquendi
1474 1801 1621 1849 forma
1643 1804 1702 1848 est
1724 1807 1849 1867 apud
1870 1823 1984 1854 eun-

203 1860 330 1918 dem,
354 1865 436 1910 lib.
461 1882 502 1911 z.
529 1880 631 1928 cap.
652 1883 699 1930 9.
727 1867 862 1913 Hanc
879 1866 1161 1929 peculiarem
1185 1864 1413 1915 Britannis
1431 1868 1654 1930 loquendi
1676 1868 1872 1916 formam
1890 1889 1984 1920 non

202 1927 387 1975 videtur
419 1929 641 1993 ignoraffe
665 1931 968 1989 Claudianus,
1004 1949 1112 1979 cum
1142 1932 1300 1979 scribit
1319 1933 1554 1997 legionem
1577 1934 1852 1990 Romanam,
1878 1954 1986 1999 quae

204 1992 344 2038 Scoto
367 1994 445 2041 dat
468 1995 610 2041 fraena
632 1995 766 2051 truci,
794 2005 1064 2059 praetentam
1085 1997 1215 2045 fuisse
1238 1997 1486 2053 Britanni5‚
1511 1997 1599 2045 hoc
1622 2000 1700 2053 est,
1725 2002 1984 2063 oppositam

206 2055 372 2128 Sentis,
400 2072 451 2105 ut
473 2076 632 2107 eorum
648 2062 849 2108 furorem
872 2061 897 2108 ὲ
920 2060 1153 2109 Britannis
1174 2063 1470 2126 propelleret,
1494 2063 1542 2110 in
1564 2078 1769 2112 extrema
1789 2067 1984 2130 quidem

205 2119 445 2169 Britannia
465 2141 518 2170 ac
542 2126 708 2172 Scotiae
732 2126 897 2174 limite.
968 2127 1342 2190 Frequentiffime
1372 2129 1461 2176 hoc
1479 2145 1646 2193 genere
1668 2128 1887 2178 sermonis
1929 2151 1984 2180 u—

203 2197 366 2251 tuntur
404 2187 672 2236 Gulielmus
704 2192 1136 2247 Malmesburiensis,
1161 2198 1202 2240 δε
1226 2193 1469 2241 Galfridus
1504 2195 1866 2243 Monumetenfis
1889 2214 1984 2245 non

202 2249 384 2322 obscuri
406 2252 525 2300 inter
547 2254 915 2303 Britannicarum
938 2274 1089 2304 rerum
1112 2257 1367 2320 scriptores,
1390 2259 1512 2322 apud
1535 2275 1650 2320 quos
1674 2260 1810 2307 facile
1833 2261 1982 2310 cuivis

203 2328 293 2361 erit
328 2316 692 2382 animadvertere
720 2320 971 2368 Britanniae
998 2322 1228 2368 vocabulo
1262 2323 1508 2377 nominari,
1532 2324 1658 2385 quod
1680 2321 1804 2371 intra
1825 2328 1912 2374 Sev
1933 2329 1984 2375 ri

202 2381 379 2427 vallum
401 2395 580 2431 tantum
602 2384 879 2448 continetur.
948 2385 1004 2433 Id
1033 2387 1158 2448 apud
1177 2404 1256 2449 eos
1275 2388 1354 2435 etsi
1375 2389 1489 2434 adeo
1511 2387 1804 2451 perspicuum
1827 2393 1904 2448 est,
1931 2406 1984 2441 ut

200 2444 438 2493 neminem
459 2449 597 2496 latere
618 2450 777 2513 possit:
800 2464 950 2498 tamen
973 2468 1166 2516 magnos
1189 2454 1309 2515 apud
1334 2453 1479 2500 aetatis
1496 2455 1720 2516 proximae
1740 2445 1982 2521 scriptores

199 2510 385 2573 peperit
404 2530 595 2571 errores,
635 2515 718 2577 qui
761 2516 1031 2572 Aluredum,
1069 2523 1110 2564 Sc
1147 2519 1323 2566 Athelst
1343 2535 1482 2573 ²num,
1508 2518 1710 2582 aliosque
1734 2524 1980 2570 nonnullos

202 2575 438 2639 Saxonum
458 2592 588 2643 reges
623 2580 764 2628 totius
784 2581 944 2628 insulae
965 2582 1218 2644 aliquando
1243 2583 1415 2645 potitos
1433 2583 1651 2646 scriptum
1675 2585 1980 2649 reliquerunt,

175 2662 180 2664 -
202 2653 310 2687 cum
331 2654 482 2690 tamen
499 2645 655 2692 Severi
676 2647 852 2693 vallum
877 2664 1116 2709 nunquam
1135 2648 1508 2695 transcenderint.
1578 2645 1701 2695 Nam
1725 2666 1831 2697 cum
1851 2653 1979 2716 lege-

198 2712 303 2767 rent
319 2721 395 2753 eos
417 2707 556 2756 totius
576 2710 826 2758 Britanniae
845 2711 1032 2758 tenuifl'e
1048 2712 1319 2776 imperium,
1340 2727 1483 2761 totam
1502 2713 1696 2761 insulam
1713 2715 1772 2763 ab
1791 2717 1857 2764 eis
1872 2718 1981 2782 pos-

197 2767 350 2816 fessam
372 2773 707 2823 existimabant.
1992 2780 1995 2783 ¹

210 2888 218 2891 Ἴ
263 2835 374 2907 XII.
400 2839 504 2885 Nec
525 2839 748 2889 diffimilis
768 2840 955 2888 interim
979 2841 1238 2890 observatio
1254 2843 1331 2900 est,
1357 2842 1405 2890 in
1429 2844 1593 2891 horum
1616 2845 1859 2894 nominum
1879 2847 1978 2905 usu,

201 2898 466 2974 Britannus,
487 2909 527 2951 Sc
543 2905 706 2953 Britto.
761 2907 953 2954 Veteres
973 2906 1098 2954 enim
1113 2925 1272 2956 omnes
1309 2909 1470 2955 Graeci
1489 2917 1529 2957 ὃς
1548 2911 1702 2957 Latini
1736 2911 1977 2975 scriptores

201 2975 348 3038 totam
369 2968 562 3017 insulam
589 2967 892 3027 Britanniam,
917 2971 1090 3020 incolas
1114 2986 1265 3020 autem
1302 2974 1398 3035 ejus
1421 2991 1579 3021 ornnes
1604 2976 1694 3022 fine
1714 2976 1981 3026 discrimine

199 3028 442 3102 Britannos
460 3035 705 3089 vocabant.
774 3036 954 3084 Primus
977 3039 1103 3100 quod
1125 3038 1264 3085 sciam
1286 3041 1603 3087 Romanorum
1638 3041 1866 3089 Brittones
1895 3061 1978 3091 no-

199 3097 398 3143 minavit
420 3099 646 3148 Martialis
669 3101 718 3148 in
746 3101 831 3148 illo
852 3103 998 3149 versu.
1050 3110 1085 3132 “
1139 3105 1293 3167 Qam
1326 3117 1502 3152 veteres
1525 3105 1734 3152 bracchae
1754 3108 1980 3156 Brittonis

197 3162 467 3227 pauperis.''
521 3165 750 3213 Brittones
774 3166 868 3214 fere
886 3168 1055 3232 vulgus
1077 3169 1282 3231 appellat
1302 3171 1553 3233 peninsu1ae
1577 3171 1776 3218 Gallicae
1797 3172 1980 3221 habita-

197 3228 357 3296 toresz'
387 3240 654 3292 quanquam
688 3234 730 3279 ἅτ
759 3231 902 3294 ipsam
925 3232 1229 3288 Britanniam,
1271 3239 1311 3281 &
1333 3233 1509 3282 incolas
1528 3234 1770 3283 Britannos
1794 3237 1980 3302 Greg04

195 3295 292 3361 rius
313 3284 592 3341 Turonensis
606 3295 783 3359 semper
801 3310 954 3344 vocet.
1022 3296 1224 3344 Romani
1255 3297 1352 3346 suos
1387 3300 1694 3364 provinciales
1726 3303 1983 3359 con-stanter

196 3352 442 3402 Britannos
460 3356 650 3406 dicunt:
675 3377 940 3425 quanquam
961 3360 1047 3426 ipfi
1066 3361 1373 3424 provinciales
1395 3365 1481 3412 sese
1503 3365 1734 3412 Brittones
1756 3368 1984 3429 appellari

196 3419 446 3478 gaudeant.
498 3422 749 3488 Utriusque
761 3429 879 3474 vero
903 3426 1101 3474 nominis
1126 3443 1220 3474 una
1238 3428 1384 3485 radix,
1406 3435 1447 3478 δε
1468 3431 1602 3494 origo
1623 3432 1702 3485 est,
1727 3431 1978 3479 Britannia.

128 3505 135 3510 ·
196 3481 258 3528 Et
279 3483 392 3530 ficut
410 3497 640 3549 utrunqut²
655 3506 822 3537 nomen
841 3492 897 3537 ab
917 3508 1013 3539 uno
1025 3492 1151 3539 fonte
1170 3508 1428 3556 promanat,
1449 3494 1514 3541 ita
1531 3511 1598 3541 res
1622 3497 1781 3540 eadem
1800 3497 1982 3557 prorsus

197 3559 394 3621 utroque
427 3551 675 3605 indicatur.
749 3555 807 3605 Id
844 3568 999 3608 autem
1040 3558 1244 3610 maxime
1280 3559 1521 3626 perspicue
1557 3557 1756 3610 ostendit
1788 3560 1984 3610 Ausonii

194 3624 345 3674 poetae
362 3629 562 3666 carmen.
931 3657 934 3659 Α
1221 3656 1225 3658 v

1808 3690 1985 3739 Silvius
