<?xml version="1.0" encoding="UTF-8"?>
<!DOCTYPE html PUBLIC "-//W3C//DTD XHTML 1.0 Transitional//EN"
    "http://www.w3.org/TR/xhtml1/DTD/xhtml1-transitional.dtd">
<html xmlns="http://www.w3.org/1999/xhtml" xml:lang="en" lang="en">
 <head>
  <title>
</title>
<meta http-equiv="Content-Type" content="text/html;charset=utf-8" />
  <meta name='ocr-system' content='tesseract 3.04.00' />
  <meta name='ocr-capabilities' content='ocr_page ocr_carea ocr_par ocr_line ocrx_word'/>
</head>
<body>
  <div class='ocr_page' id='page_1' title='image "./rerumscoticarumh01buch_0297.png"; bbox 0 0 2045 3857; ppageno 0'>
   <div class='ocr_carea' id='block_1_1' title="bbox 387 115 1811 213">
    <p class='ocr_par' dir='ltr' id='par_1_1' title="bbox 387 115 1811 213">
     <span class='ocr_line' id='line_1_1' title="bbox 387 115 1811 213; baseline -0.005 -15"><span class='ocrx_word' id='word_1_1' title='bbox 387 130 781 199; x_wconf 78' lang='lat' dir='ltr'><strong>-LiBER</strong></span> <span class='ocrx_word' id='word_1_2' title='bbox 875 115 1367 196; x_wconf 70' lang='lat' dir='ltr'><strong>Damnatis.</strong></span> <span class='ocrx_word' id='word_1_3' title='bbox 1676 145 1811 213; x_wconf 66' lang='lat'><strong>279</strong></span> 
     </span>
    </p>
   </div>
   <div class='ocr_carea' id='block_1_2' title="bbox 5 222 1859 3071">
    <p class='ocr_par' dir='ltr' id='par_1_2' title="bbox 49 222 1816 681">
     <span class='ocr_line' id='line_1_2' title="bbox 53 222 1809 297; baseline -0.01 -7"><span class='ocrx_word' id='word_1_4' title='bbox 53 241 178 297; x_wconf 72' lang='lat' dir='ltr'><strong>feffi,</strong></span> <span class='ocrx_word' id='word_1_5' title='bbox 213 237 293 288; x_wconf 83' lang='lat' dir='ltr'><strong>alii</strong></span> <span class='ocrx_word' id='word_1_6' title='bbox 323 232 457 283; x_wconf 78' lang='lat' dir='ltr'><strong>liberi·</strong></span> <span class='ocrx_word' id='word_1_7' title='bbox 475 233 638 284; x_wconf 83' lang='lat' dir='ltr'><strong>domos</strong></span> <span class='ocrx_word' id='word_1_8' title='bbox 675 228 854 277; x_wconf 81' lang='lat' dir='ltr'><strong>dimiffi.</strong></span> <span class='ocrx_word' id='word_1_9' title='bbox 887 230 958 275; x_wconf 89' lang='lat' dir='ltr'><strong>Ita</strong></span> <span class='ocrx_word' id='word_1_10' title='bbox 979 225 1264 289; x_wconf 85' lang='lat' dir='ltr'><strong>principibus</strong></span> <span class='ocrx_word' id='word_1_11' title='bbox 1294 222 1541 271; x_wconf 66' lang='lat' dir='ltr'><strong>fafiionum</strong></span> <span class='ocrx_word' id='word_1_12' title='bbox 1571 226 1645 273; x_wconf 83' lang='lat' dir='ltr'><strong>vel</strong></span> <span class='ocrx_word' id='word_1_13' title='bbox 1667 227 1809 279; x_wconf 76' lang='lat' dir='ltr'><strong>caesis,</strong></span> 
     </span>
     <span class='ocr_line' id='line_1_3' title="bbox 49 286 1812 356; baseline -0.011 -3"><span class='ocrx_word' id='word_1_14' title='bbox 49 307 122 352; x_wconf 76' lang='lat' dir='ltr'><strong>vel</strong></span> <span class='ocrx_word' id='word_1_15' title='bbox 147 301 394 352; x_wconf 84' lang='lat' dir='ltr'>carceribus</span> <span class='ocrx_word' id='word_1_16' title='bbox 415 295 643 350; x_wconf 67' lang='lat' dir='ltr'><strong>coercitis,</strong></span> <span class='ocrx_word' id='word_1_17' title='bbox 668 294 848 356; x_wconf 86' lang='lat' dir='ltr'><strong>plebem</strong></span> <span class='ocrx_word' id='word_1_18' title='bbox 872 292 1064 339; x_wconf 87' lang='lat' dir='ltr'><strong>ducibus</strong></span> <span class='ocrx_word' id='word_1_19' title='bbox 1084 290 1291 337; x_wconf 82' lang='lat' dir='ltr'>orbatam</span> <span class='ocrx_word' id='word_1_20' title='bbox 1315 286 1429 333; x_wconf 84' lang='lat' dir='ltr'>nihil</span> <span class='ocrx_word' id='word_1_21' title='bbox 1456 289 1656 337; x_wconf 79' lang='lat' dir='ltr'>ausuram</span> <span class='ocrx_word' id='word_1_22' title='bbox 1687 304 1812 338; x_wconf 85' lang='lat' dir='ltr'><strong>ratus</strong></span> 
     </span>
     <span class='ocr_line' id='line_1_4' title="bbox 51 353 1816 430; baseline -0.009 -15"><span class='ocrx_word' id='word_1_23' title='bbox 51 362 269 430; x_wconf 70' lang='lat' dir='ltr'><strong>benigne,</strong></span> <span class='ocrx_word' id='word_1_24' title='bbox 284 368 323 409; x_wconf 74' lang='grc' dir='ltr'><strong>δι</strong></span> <span class='ocrx_word' id='word_1_25' title='bbox 341 361 588 406; x_wconf 80' lang='lat' dir='ltr'><strong>clementer</strong></span> <span class='ocrx_word' id='word_1_26' title='bbox 603 358 846 406; x_wconf 83' lang='lat' dir='ltr'>admonuit</span> <span class='ocrx_word' id='word_1_27' title='bbox 863 370 1064 409; x_wconf 81' lang='lat' dir='ltr'><strong>caeteros,</strong></span> <span class='ocrx_word' id='word_1_28' title='bbox 1085 366 1134 401; x_wconf 88' lang='lat' dir='ltr'><strong>ut</strong></span> <span class='ocrx_word' id='word_1_29' title='bbox 1152 355 1412 416; x_wconf 79' lang='lat' dir='ltr'><strong>aequitatem</strong></span> <span class='ocrx_word' id='word_1_30' title='bbox 1430 353 1647 407; x_wconf 85' lang='lat' dir='ltr'><strong>colerent,</strong></span> <span class='ocrx_word' id='word_1_31' title='bbox 1664 371 1816 418; x_wconf 85' lang='lat' dir='ltr'><strong>neque</strong></span> 
     </span>
     <span class='ocr_line' id='line_1_5' title="bbox 49 415 1812 487; baseline -0.007 -9"><span class='ocrx_word' id='word_1_32' title='bbox 49 432 287 480; x_wconf 84' lang='lat' dir='ltr'>certiorem</span> <span class='ocrx_word' id='word_1_33' title='bbox 308 424 429 487; x_wconf 88' lang='lat' dir='ltr'><strong>spem</strong></span> <span class='ocrx_word' id='word_1_34' title='bbox 453 422 603 470; x_wconf 84' lang='lat' dir='ltr'><strong>salutis</strong></span> <span class='ocrx_word' id='word_1_35' title='bbox 623 424 716 470; x_wconf 89' lang='lat' dir='ltr'><strong>ulla</strong></span> <span class='ocrx_word' id='word_1_36' title='bbox 735 423 782 468; x_wconf 87' lang='lat' dir='ltr'><strong>in</strong></span> <span class='ocrx_word' id='word_1_37' title='bbox 806 438 870 475; x_wconf 89' lang='lat' dir='ltr'><strong>re,</strong></span> <span class='ocrx_word' id='word_1_38' title='bbox 886 420 1025 483; x_wconf 73' lang='lat' dir='ltr'><strong>quam</strong></span> <span class='ocrx_word' id='word_1_39' title='bbox 1044 420 1090 465; x_wconf 81' lang='lat' dir='ltr'><strong>in</strong></span> <span class='ocrx_word' id='word_1_40' title='bbox 1113 418 1218 464; x_wconf 82' lang='lat' dir='ltr'><strong>vitae</strong></span> <span class='ocrx_word' id='word_1_41' title='bbox 1239 415 1502 464; x_wconf 87' lang='lat' dir='ltr'><strong>innocentia</strong></span> <span class='ocrx_word' id='word_1_42' title='bbox 1518 417 1812 466; x_wconf 83' lang='lat' dir='ltr'><strong>collocarent.</strong></span> 
     </span>
     <span class='ocr_line' id='line_1_6' title="bbox 52 480 1814 546; baseline -0.008 -4"><span class='ocrx_word' id='word_1_43' title='bbox 52 496 110 542; x_wconf 90' lang='lat' dir='ltr'><strong>Id</strong></span> <span class='ocrx_word' id='word_1_44' title='bbox 129 494 156 539; x_wconf 82' lang='lat' dir='ltr'>fi</span> <span class='ocrx_word' id='word_1_45' title='bbox 179 491 323 537; x_wconf 87' lang='lat' dir='ltr'><strong>facere</strong></span> <span class='ocrx_word' id='word_1_46' title='bbox 345 489 393 534; x_wconf 84' lang='lat' dir='ltr'><strong>in</strong></span> <span class='ocrx_word' id='word_1_47' title='bbox 416 487 620 535; x_wconf 88' lang='lat' dir='ltr'><strong>animum</strong></span> <span class='ocrx_word' id='word_1_48' title='bbox 641 488 931 540; x_wconf 79' lang='lat' dir='ltr'><strong>inducerent,</strong></span> <span class='ocrx_word' id='word_1_49' title='bbox 951 484 1073 546; x_wconf 83' lang='lat' dir='ltr'><strong>apud</strong></span> <span class='ocrx_word' id='word_1_50' title='bbox 1095 482 1136 530; x_wconf 91' lang='lat' dir='ltr'><strong>se</strong></span> <span class='ocrx_word' id='word_1_51' title='bbox 1160 484 1396 535; x_wconf 83' lang='lat' dir='ltr'><strong>honorem,</strong></span> <span class='ocrx_word' id='word_1_52' title='bbox 1420 483 1469 529; x_wconf 74' lang='grc' dir='ltr'><strong>δε</strong></span> <span class='ocrx_word' id='word_1_53' title='bbox 1493 480 1680 542; x_wconf 83' lang='lat' dir='ltr'><strong>praemia</strong></span> <span class='ocrx_word' id='word_1_54' title='bbox 1701 482 1814 529; x_wconf 86' lang='lat' dir='ltr'><strong>sem-</strong></span> 
     </span>
     <span class='ocr_line' id='line_1_7' title="bbox 54 544 1815 620; baseline -0.005 -18"><span class='ocrx_word' id='word_1_55' title='bbox 54 574 135 620; x_wconf 85' lang='lat' dir='ltr'><strong>per</strong></span> <span class='ocrx_word' id='word_1_56' title='bbox 154 554 216 601; x_wconf 83' lang='lat' dir='ltr'><strong>eis</strong></span> <span class='ocrx_word' id='word_1_57' title='bbox 245 565 401 616; x_wconf 84' lang='lat' dir='ltr'><strong>parata</strong></span> <span class='ocrx_word' id='word_1_58' title='bbox 430 552 527 599; x_wconf 90' lang='lat' dir='ltr'><strong>fore</strong></span> <span class='ocrx_word' id='word_1_59' title='bbox 552 570 562 599; x_wconf 94' lang='lat'>:</span> <span class='ocrx_word' id='word_1_60' title='bbox 591 553 653 598; x_wconf 84' lang='lat' dir='ltr'><strong>fin</strong></span> <span class='ocrx_word' id='word_1_61' title='bbox 677 551 843 605; x_wconf 86' lang='lat' dir='ltr'><strong>minus,</strong></span> <span class='ocrx_word' id='word_1_62' title='bbox 876 565 932 594; x_wconf 79' lang='lat' dir='ltr'><strong>ex</strong></span> <span class='ocrx_word' id='word_1_63' title='bbox 954 547 1148 595; x_wconf 88' lang='lat' dir='ltr'><strong>aliorum</strong></span> <span class='ocrx_word' id='word_1_64' title='bbox 1171 545 1298 592; x_wconf 79' lang='lat' dir='ltr'><strong>exitu</strong></span> <span class='ocrx_word' id='word_1_65' title='bbox 1319 547 1530 609; x_wconf 78' lang='lat' dir='ltr'><strong>exempla</strong></span> <span class='ocrx_word' id='word_1_66' title='bbox 1552 544 1777 593; x_wconf 88' lang='lat' dir='ltr'><strong>sumerent</strong></span> <span class='ocrx_word' id='word_1_67' title='bbox 1800 565 1815 593; x_wconf 90' lang='lat'>:</span> 
     </span>
     <span class='ocr_line' id='line_1_8' title="bbox 55 612 1115 681; baseline -0.011 -13"><span class='ocrx_word' id='word_1_68' title='bbox 55 626 96 668; x_wconf 73' lang='grc' dir='ltr'><strong>δι</strong></span> <span class='ocrx_word' id='word_1_69' title='bbox 117 618 229 681; x_wconf 89' lang='lat' dir='ltr'><strong>quid</strong></span> <span class='ocrx_word' id='word_1_70' title='bbox 248 618 350 680; x_wconf 74' lang='lat' dir='ltr'><strong>ipsis</strong></span> <span class='ocrx_word' id='word_1_71' title='bbox 364 616 491 677; x_wconf 3' lang='lat' dir='ltr'><strong>,foret</strong></span> <span class='ocrx_word' id='word_1_72' title='bbox 510 615 858 676; x_wconf 65' lang='lat' dir='ltr'><strong>expectandum,</strong></span> <span class='ocrx_word' id='word_1_73' title='bbox 879 612 1115 658; x_wconf 78' lang='lat' dir='ltr'><strong>discerent.</strong></span> 
     </span>
    </p>

    <p class='ocr_par' dir='ltr' id='par_1_3' title="bbox 11 674 1841 2086">
     <span class='ocr_line' id='line_1_9' title="bbox 119 674 1819 739; baseline -0.005 -9"><span class='ocrx_word' id='word_1_74' title='bbox 119 683 295 730; x_wconf 88' lang='lat' dir='ltr'>XXXI.</span> <span class='ocrx_word' id='word_1_75' title='bbox 327 679 517 728; x_wconf 82' lang='lat' dir='ltr'><strong>Caeteris</strong></span> <span class='ocrx_word' id='word_1_76' title='bbox 539 680 668 726; x_wconf 60' lang='lat' dir='ltr'><strong>rebus</strong></span> <span class='ocrx_word' id='word_1_77' title='bbox 693 679 757 725; x_wconf 87' lang='lat' dir='ltr'><strong>ita</strong></span> <span class='ocrx_word' id='word_1_78' title='bbox 778 675 1055 739; x_wconf 74' lang='lat' dir='ltr'><strong>compofitiS,</strong></span> <span class='ocrx_word' id='word_1_79' title='bbox 1080 674 1228 721; x_wconf 79' lang='lat' dir='ltr'><strong>adhuc</strong></span> <span class='ocrx_word' id='word_1_80' title='bbox 1248 674 1444 720; x_wconf 87' lang='lat' dir='ltr'><strong>habebat</strong></span> <span class='ocrx_word' id='word_1_81' title='bbox 1466 675 1589 737; x_wconf 85' lang='lat' dir='ltr'><strong>apud</strong></span> <span class='ocrx_word' id='word_1_82' title='bbox 1611 675 1654 721; x_wconf 91' lang='lat' dir='ltr'><strong>se</strong></span> <span class='ocrx_word' id='word_1_83' title='bbox 1676 675 1819 723; x_wconf 78' lang='lat' dir='ltr'><strong>Alex-</strong></span> 
     </span>
     <span class='ocr_line' id='line_1_10' title="bbox 52 739 1821 805; baseline -0.006 -8"><span class='ocrx_word' id='word_1_84' title='bbox 52 749 245 798; x_wconf 84' lang='lat' dir='ltr'><strong>andrum</strong></span> <span class='ocrx_word' id='word_1_85' title='bbox 267 744 544 799; x_wconf 80' lang='lat' dir='ltr'><strong>Insulauum,</strong></span> <span class='ocrx_word' id='word_1_86' title='bbox 570 759 711 789; x_wconf 84' lang='lat' dir='ltr'><strong>unum</strong></span> <span class='ocrx_word' id='word_1_87' title='bbox 735 743 829 805; x_wconf 82' lang='lat' dir='ltr'><strong>post</strong></span> <span class='ocrx_word' id='word_1_88' title='bbox 853 755 1007 802; x_wconf 82' lang='lat' dir='ltr'><strong>regem</strong></span> <span class='ocrx_word' id='word_1_89' title='bbox 1031 742 1169 801; x_wconf 85' lang='lat' dir='ltr'><strong>longe</strong></span> <span class='ocrx_word' id='word_1_90' title='bbox 1191 739 1562 799; x_wconf 79' lang='lat' dir='ltr'><strong>potentiffimum.</strong></span> <span class='ocrx_word' id='word_1_91' title='bbox 1618 741 1821 803; x_wconf 80' lang='lat' dir='ltr'><strong>Impera-</strong></span> 
     </span>
     <span class='ocr_line' id='line_1_11' title="bbox 55 801 1824 868; baseline -0.003 -10"><span class='ocrx_word' id='word_1_92' title='bbox 55 814 133 859; x_wconf 88' lang='lat' dir='ltr'><strong>bat</strong></span> <span class='ocrx_word' id='word_1_93' title='bbox 154 810 276 858; x_wconf 85' lang='lat' dir='ltr'><strong>enim</strong></span> <span class='ocrx_word' id='word_1_94' title='bbox 298 810 513 856; x_wconf 75' lang='lat' dir='ltr'><strong>omnibus</strong></span> <span class='ocrx_word' id='word_1_95' title='bbox 532 808 748 860; x_wconf 86' lang='lat' dir='ltr'><strong>AEbudis,</strong></span> <span class='ocrx_word' id='word_1_96' title='bbox 769 821 820 852; x_wconf 84' lang='lat' dir='ltr'><strong>ac</strong></span> <span class='ocrx_word' id='word_1_97' title='bbox 838 803 998 851; x_wconf 81' lang='lat' dir='ltr'>Roffiae</span> <span class='ocrx_word' id='word_1_98' title='bbox 1017 815 1233 865; x_wconf 82' lang='lat' dir='ltr'><strong>praeterea</strong></span> <span class='ocrx_word' id='word_1_99' title='bbox 1251 801 1514 850; x_wconf 81' lang='lat' dir='ltr'><strong>fertiliffima</strong></span> <span class='ocrx_word' id='word_1_100' title='bbox 1536 803 1721 867; x_wconf 78' lang='lat' dir='ltr'><strong>regione</strong></span> <span class='ocrx_word' id='word_1_101' title='bbox 1741 824 1824 868; x_wconf 85' lang='lat' dir='ltr'><strong>per</strong></span> 
     </span>
     <span class='ocr_line' id='line_1_12' title="bbox 54 867 1822 936; baseline -0.004 -12"><span class='ocrx_word' id='word_1_102' title='bbox 54 889 265 932; x_wconf 86' lang='lat' dir='ltr'><strong>matrem,</strong></span> <span class='ocrx_word' id='word_1_103' title='bbox 293 876 361 936; x_wconf 81' lang='grc' dir='ltr'><strong>(ι)</strong></span> <span class='ocrx_word' id='word_1_104' title='bbox 380 873 558 920; x_wconf 88' lang='lat' dir='ltr'><strong>Valteri</strong></span> <span class='ocrx_word' id='word_1_105' title='bbox 580 871 712 920; x_wconf 83' lang='lat' dir='ltr'><strong>Lessii</strong></span> <span class='ocrx_word' id='word_1_106' title='bbox 735 870 952 917; x_wconf 79' lang='lat' dir='ltr'><strong>Roffenfis</strong></span> <span class='ocrx_word' id='word_1_107' title='bbox 978 885 1121 930; x_wconf 80' lang='lat' dir='ltr'><strong>nuper</strong></span> <span class='ocrx_word' id='word_1_108' title='bbox 1143 867 1342 914; x_wconf 86' lang='lat' dir='ltr'><strong>Comitis</strong></span> <span class='ocrx_word' id='word_1_109' title='bbox 1371 867 1509 914; x_wconf 77' lang='lat' dir='ltr'><strong>filiam</strong></span> <span class='ocrx_word' id='word_1_110' title='bbox 1533 871 1688 916; x_wconf 63' lang='lat' dir='ltr'><strong>auc&#39;tus</strong></span> <span class='ocrx_word' id='word_1_111' title='bbox 1710 885 1822 918; x_wconf 83' lang='lat' dir='ltr'><strong>erat.</strong></span> 
     </span>
     <span class='ocr_line' id='line_1_13' title="bbox 44 932 1825 998; baseline -0.004 -9"><span class='ocrx_word' id='word_1_112' title='bbox 44 943 100 989; x_wconf 50' lang='lat' dir='ltr'><strong>⁴Is</strong></span> <span class='ocrx_word' id='word_1_113' title='bbox 124 957 228 988; x_wconf 85' lang='lat' dir='ltr'><strong>cum</strong></span> <span class='ocrx_word' id='word_1_114' title='bbox 252 941 396 986; x_wconf 85' lang='lat' dir='ltr'><strong>multa</strong></span> <span class='ocrx_word' id='word_1_115' title='bbox 417 937 661 998; x_wconf 63' lang='lat' dir='ltr'><strong>flagitiose,</strong></span> <span class='ocrx_word' id='word_1_116' title='bbox 687 936 831 983; x_wconf 90' lang='lat' dir='ltr'><strong>multa</strong></span> <span class='ocrx_word' id='word_1_117' title='bbox 847 932 1091 980; x_wconf 82' lang='lat' dir='ltr'><strong>crudeliter</strong></span> <span class='ocrx_word' id='word_1_118' title='bbox 1112 933 1416 994; x_wconf 80' lang='lat' dir='ltr'><strong>perpetrasset,</strong></span> <span class='ocrx_word' id='word_1_119' title='bbox 1441 932 1578 996; x_wconf 85' lang='lat' dir='ltr'><strong>atque</strong></span> <span class='ocrx_word' id='word_1_120' title='bbox 1598 933 1646 979; x_wconf 87' lang='lat' dir='ltr'><strong>in</strong></span> <span class='ocrx_word' id='word_1_121' title='bbox 1678 936 1825 981; x_wconf 86' lang='lat' dir='ltr'><strong>maxi-</strong></span> 
     </span>
     <span class='ocr_line' id='line_1_14' title="bbox 57 995 1835 1062; baseline -0.004 -9"><span class='ocrx_word' id='word_1_122' title='bbox 57 1022 136 1053; x_wconf 86' lang='lat' dir='ltr'><strong>mo</strong></span> <span class='ocrx_word' id='word_1_123' title='bbox 161 1016 283 1052; x_wconf 85' lang='lat' dir='ltr'><strong>metu</strong></span> <span class='ocrx_word' id='word_1_124' title='bbox 306 995 550 1050; x_wconf 72' lang='lat' dir='ltr'><strong>versarctur</strong></span> <span class='ocrx_word' id='word_1_125' title='bbox 572 1020 583 1048; x_wconf 79' lang='lat' dir='ltr'><strong>t</strong></span> <span class='ocrx_word' id='word_1_126' title='bbox 609 1015 759 1048; x_wconf 82' lang='lat' dir='ltr'><strong>tamen</strong></span> <span class='ocrx_word' id='word_1_127' title='bbox 784 1016 863 1062; x_wconf 82' lang='lat' dir='ltr'><strong>per</strong></span> <span class='ocrx_word' id='word_1_128' title='bbox 885 999 1054 1044; x_wconf 86' lang='lat' dir='ltr'><strong>amicos</strong></span> <span class='ocrx_word' id='word_1_129' title='bbox 1078 997 1255 1060; x_wconf 85' lang='lat' dir='ltr'><strong>Regem</strong></span> <span class='ocrx_word' id='word_1_130' title='bbox 1283 997 1560 1044; x_wconf 81' lang='lat' dir='ltr'><strong>exorabilem</strong></span> <span class='ocrx_word' id='word_1_131' title='bbox 1584 1000 1644 1045; x_wconf 85' lang='lat' dir='ltr'><strong>est</strong></span> <span class='ocrx_word' id='word_1_132' title='bbox 1664 1015 1835 1062; x_wconf 68' lang='lat' dir='ltr'><strong>expet«</strong></span> 
     </span>
     <span class='ocr_line' id='line_1_15' title="bbox 60 1060 1831 1132; baseline -0.006 -15"><span class='ocrx_word' id='word_1_133' title='bbox 60 1080 148 1118; x_wconf 43' lang='lat' dir='ltr'><strong>tus‘</strong></span> <span class='ocrx_word' id='word_1_134' title='bbox 184 1067 399 1132; x_wconf 69' lang='lat' dir='ltr'><strong>‘Benigne</strong></span> <span class='ocrx_word' id='word_1_135' title='bbox 420 1067 561 1130; x_wconf 86' lang='lat' dir='ltr'><strong>igitur</strong></span> <span class='ocrx_word' id='word_1_136' title='bbox 581 1066 854 1129; x_wconf 82' lang='lat' dir='ltr'><strong>appellatus,</strong></span> <span class='ocrx_word' id='word_1_137' title='bbox 875 1068 915 1108; x_wconf 71' lang='grc' dir='ltr'><strong>δε</strong></span> <span class='ocrx_word' id='word_1_138' title='bbox 937 1060 1266 1124; x_wconf 78' lang='lat' dir='ltr'><strong>praeteritorum</strong></span> <span class='ocrx_word' id='word_1_139' title='bbox 1284 1060 1431 1123; x_wconf 85' lang='lat' dir='ltr'><strong>gratia</strong></span> <span class='ocrx_word' id='word_1_140' title='bbox 1452 1061 1583 1116; x_wconf 67' lang='lat' dir='ltr'><strong>facta,</strong></span> <span class='ocrx_word' id='word_1_141' title='bbox 1604 1062 1705 1110; x_wconf 48' lang='lat' dir='ltr'><strong>&amp;sin</strong></span> <span class='ocrx_word' id='word_1_142' title='bbox 1724 1064 1831 1126; x_wconf 72' lang='lat' dir='ltr'><strong>pos..</strong></span> 
     </span>
     <span class='ocr_line' id='line_1_16' title="bbox 59 1125 1824 1195; baseline -0.003 -14"><span class='ocrx_word' id='word_1_143' title='bbox 59 1146 209 1181; x_wconf 77' lang='lat' dir='ltr'><strong>terum</strong></span> <span class='ocrx_word' id='word_1_144' title='bbox 239 1133 313 1195; x_wconf 90' lang='lat' dir='ltr'><strong>spe</strong></span> <span class='ocrx_word' id='word_1_145' title='bbox 337 1134 488 1192; x_wconf 82' lang='lat' dir='ltr'><strong>ampla</strong></span> <span class='ocrx_word' id='word_1_146' title='bbox 510 1130 754 1192; x_wconf 70' lang='lat' dir='ltr'><strong>proposita,</strong></span> <span class='ocrx_word' id='word_1_147' title='bbox 780 1129 810 1173; x_wconf 82' lang='lat' dir='ltr'><strong>fi</strong></span> <span class='ocrx_word' id='word_1_148' title='bbox 833 1127 1029 1188; x_wconf 80' lang='lat' dir='ltr'><strong>legibus,</strong></span> <span class='ocrx_word' id='word_1_149' title='bbox 1054 1128 1104 1175; x_wconf 76' lang='grc' dir='ltr'><strong>δε</strong></span> <span class='ocrx_word' id='word_1_150' title='bbox 1134 1125 1421 1186; x_wconf 21' lang='lat' dir='ltr'><strong>humanitati·</strong></span> <span class='ocrx_word' id='word_1_151' title='bbox 1442 1127 1714 1181; x_wconf 79' lang='lat' dir='ltr'><strong>assuesceret,</strong></span> <span class='ocrx_word' id='word_1_152' title='bbox 1739 1129 1824 1175; x_wconf 85' lang='lat' dir='ltr'><strong>do-</strong></span> 
     </span>
     <span class='ocr_line' id='line_1_17' title="bbox 11 1185 1831 1246; baseline -0.004 0"><span class='ocrx_word' id='word_1_153' title='bbox 11 1206 16 1209; x_wconf 44' lang='lat'><em>*</em></span> <span class='ocrx_word' id='word_1_154' title='bbox 60 1185 185 1246; x_wconf 58' lang='lat' dir='ltr'><strong>maim</strong></span> <span class='ocrx_word' id='word_1_155' title='bbox 206 1197 467 1244; x_wconf 79' lang='lat' dir='ltr'><strong>remittitur,</strong></span> <span class='ocrx_word' id='word_1_156' title='bbox 500 1194 586 1240; x_wconf 87' lang='lat' dir='ltr'><strong>Ille</strong></span> <span class='ocrx_word' id='word_1_157' title='bbox 607 1209 716 1239; x_wconf 84' lang='lat' dir='ltr'><strong>vero</strong></span> <span class='ocrx_word' id='word_1_158' title='bbox 738 1204 912 1238; x_wconf 69' lang='lat' dir='ltr'><strong>tantum</strong></span> <span class='ocrx_word' id='word_1_159' title='bbox 936 1189 1099 1240; x_wconf 85' lang='lat' dir='ltr'><strong>abfuit,</strong></span> <span class='ocrx_word' id='word_1_160' title='bbox 1126 1200 1176 1235; x_wconf 87' lang='lat' dir='ltr'><strong>ut</strong></span> <span class='ocrx_word' id='word_1_161' title='bbox 1196 1189 1257 1234; x_wconf 92' lang='lat' dir='ltr'><strong>ob</strong></span> <span class='ocrx_word' id='word_1_162' title='bbox 1280 1190 1484 1245; x_wconf 61' lang='lat' dir='ltr'><strong>reniam,</strong></span> <span class='ocrx_word' id='word_1_163' title='bbox 1507 1206 1561 1237; x_wconf 86' lang='lat' dir='ltr'><strong>ac</strong></span> <span class='ocrx_word' id='word_1_164' title='bbox 1583 1193 1747 1238; x_wconf 87' lang='lat' dir='ltr'><strong>deinde</strong></span> <span class='ocrx_word' id='word_1_165' title='bbox 1769 1193 1831 1239; x_wconf 87' lang='lat' dir='ltr'><strong>li-</strong></span> 
     </span>
     <span class='ocr_line' id='line_1_18' title="bbox 60 1253 1826 1342; baseline -0.002 -33"><span class='ocrx_word' id='word_1_166' title='bbox 60 1262 282 1342; x_wconf 49' lang='lat' dir='ltr'><strong>bertatem</strong></span> <span class='ocrx_word' id='word_1_167' title='bbox 306 1259 332 1306; x_wconf 70' lang='grc' dir='ltr'>ὲ</span> <span class='ocrx_word' id='word_1_168' title='bbox 354 1262 484 1324; x_wconf 85' lang='lat' dir='ltr'><strong>Rege</strong></span> <span class='ocrx_word' id='word_1_169' title='bbox 505 1269 751 1320; x_wconf 75' lang='lat' dir='ltr'><strong>accaeptam</strong></span> <span class='ocrx_word' id='word_1_170' title='bbox 770 1255 963 1318; x_wconf 76' lang='lat' dir='ltr'><strong>gratiam</strong></span> <span class='ocrx_word' id='word_1_171' title='bbox 982 1253 1207 1307; x_wconf 84' lang='lat' dir='ltr'><strong>habuerit,</strong></span> <span class='ocrx_word' id='word_1_172' title='bbox 1228 1265 1276 1300; x_wconf 90' lang='lat' dir='ltr'><strong>ut</strong></span> <span class='ocrx_word' id='word_1_173' title='bbox 1298 1254 1541 1300; x_wconf 78' lang='lat' dir='ltr'>maximam</span> <span class='ocrx_word' id='word_1_174' title='bbox 1562 1256 1643 1302; x_wconf 89' lang='lat' dir='ltr'><strong>fibi</strong></span> <span class='ocrx_word' id='word_1_175' title='bbox 1661 1256 1826 1306; x_wconf 64' lang='lat' dir='ltr'><strong>faciam</strong></span> 
     </span>
     <span class='ocr_line' id='line_1_19' title="bbox 59 1316 1823 1384; baseline -0.003 -8"><span class='ocrx_word' id='word_1_176' title='bbox 59 1327 276 1376; x_wconf 66' lang='lat' dir='ltr'><strong>minz-iam</strong></span> <span class='ocrx_word' id='word_1_177' title='bbox 309 1322 646 1376; x_wconf 75' lang='lat' dir='ltr'><strong>existimaverit,</strong></span> <span class='ocrx_word' id='word_1_178' title='bbox 671 1322 797 1384; x_wconf 73' lang='lat' dir='ltr'><strong>quod</strong></span> <span class='ocrx_word' id='word_1_179' title='bbox 820 1319 868 1365; x_wconf 90' lang='lat' dir='ltr'><strong>in</strong></span> <span class='ocrx_word' id='word_1_180' title='bbox 893 1316 1092 1364; x_wconf 77' lang='lat' dir='ltr'><strong>custodia</strong></span> <span class='ocrx_word' id='word_1_181' title='bbox 1124 1317 1218 1363; x_wconf 85' lang='lat' dir='ltr'><strong>dies</strong></span> <span class='ocrx_word' id='word_1_182' title='bbox 1240 1318 1417 1380; x_wconf 85' lang='lat' dir='ltr'><strong>aliquot</strong></span> <span class='ocrx_word' id='word_1_183' title='bbox 1452 1319 1591 1367; x_wconf 88' lang='lat' dir='ltr'><strong>fuerit</strong></span> <span class='ocrx_word' id='word_1_184' title='bbox 1624 1321 1823 1370; x_wconf 74' lang='lat' dir='ltr'><strong>habitus,</strong></span> 
     </span>
     <span class='ocr_line' id='line_1_20' title="bbox 63 1382 1832 1456; baseline -0.003 -16"><span class='ocrx_word' id='word_1_185' title='bbox 63 1383 213 1456; x_wconf 78' lang='lat' dir='ltr'><strong>Igitur</strong></span> <span class='ocrx_word' id='word_1_186' title='bbox 233 1389 311 1438; x_wconf 84' lang='lat' dir='ltr'><strong>ubi</strong></span> <span class='ocrx_word' id='word_1_187' title='bbox 326 1390 522 1453; x_wconf 86' lang='lat' dir='ltr'><strong>primum</strong></span> <span class='ocrx_word' id='word_1_188' title='bbox 544 1388 599 1433; x_wconf 76' lang='lat' dir='ltr'><strong>ad</strong></span> <span class='ocrx_word' id='word_1_189' title='bbox 618 1387 714 1432; x_wconf 83' lang='lat' dir='ltr'><strong>suos</strong></span> <span class='ocrx_word' id='word_1_190' title='bbox 734 1383 884 1437; x_wconf 82' lang='lat' dir='ltr'><strong>rediit,</strong></span> <span class='ocrx_word' id='word_1_191' title='bbox 908 1383 1099 1428; x_wconf 61' lang='lat' dir='ltr'><strong>collecta</strong></span> <span class='ocrx_word' id='word_1_192' title='bbox 1117 1398 1252 1427; x_wconf 86' lang='lat' dir='ltr'><strong>manu</strong></span> <span class='ocrx_word' id='word_1_193' title='bbox 1270 1382 1512 1430; x_wconf 83' lang='lat' dir='ltr'><strong>hominum</strong></span> <span class='ocrx_word' id='word_1_194' title='bbox 1530 1397 1660 1446; x_wconf 73' lang='lat' dir='ltr'><strong>rapto</strong></span> <span class='ocrx_word' id='word_1_195' title='bbox 1679 1386 1832 1434; x_wconf 78' lang='lat' dir='ltr'><strong>vivere</strong></span> 
     </span>
     <span class='ocr_line' id='line_1_21' title="bbox 64 1446 1832 1512; baseline -0.003 -8"><span class='ocrx_word' id='word_1_196' title='bbox 64 1458 352 1510; x_wconf 76' lang='lat' dir='ltr'><strong>ass&#39;uetorum,</strong></span> <span class='ocrx_word' id='word_1_197' title='bbox 377 1453 692 1501; x_wconf 59' lang='lat' dir='ltr'><strong>Ennerness&#39;am</strong></span> <span class='ocrx_word' id='word_1_198' title='bbox 717 1448 932 1512; x_wconf 67' lang='lat' dir='ltr'><strong>ingressus</strong></span> <span class='ocrx_word' id='word_1_199' title='bbox 955 1446 1138 1510; x_wconf 82' lang='lat' dir='ltr'><strong>agmine</strong></span> <span class='ocrx_word' id='word_1_200' title='bbox 1159 1460 1335 1509; x_wconf 86' lang='lat' dir='ltr'><strong>pacato,</strong></span> <span class='ocrx_word' id='word_1_201' title='bbox 1361 1447 1735 1512; x_wconf 69' lang='lat' dir='ltr'><strong>hospitaliterque</strong></span> <span class='ocrx_word' id='word_1_202' title='bbox 1756 1468 1832 1498; x_wconf 87' lang='lat' dir='ltr'><strong>ac-</strong></span> 
     </span>
     <span class='ocr_line' id='line_1_22' title="bbox 65 1510 1834 1582; baseline -0.003 -14"><span class='ocrx_word' id='word_1_203' title='bbox 65 1535 238 1578; x_wconf 78' lang='lat' dir='ltr'><strong>caeptus</strong></span> <span class='ocrx_word' id='word_1_204' title='bbox 262 1519 486 1582; x_wconf 73' lang='lat' dir='ltr'><strong>oppidum</strong></span> <span class='ocrx_word' id='word_1_205' title='bbox 516 1517 563 1563; x_wconf 92' lang='lat' dir='ltr'><strong>in</strong></span> <span class='ocrx_word' id='word_1_206' title='bbox 592 1515 791 1578; x_wconf 84' lang='lat' dir='ltr'><strong>praedam</strong></span> <span class='ocrx_word' id='word_1_207' title='bbox 815 1513 901 1559; x_wconf 85' lang='lat' dir='ltr'><strong>suis</strong></span> <span class='ocrx_word' id='word_1_208' title='bbox 927 1510 1140 1572; x_wconf 85' lang='lat' dir='ltr'><strong>permifit.</strong></span> <span class='ocrx_word' id='word_1_209' title='bbox 1210 1510 1393 1557; x_wconf 89' lang='lat' dir='ltr'><strong>Deinde</strong></span> <span class='ocrx_word' id='word_1_210' title='bbox 1414 1512 1626 1574; x_wconf 77' lang='lat' dir='ltr'><strong>expilatis</strong></span> <span class='ocrx_word' id='word_1_211' title='bbox 1656 1515 1834 1563; x_wconf 81' lang='lat' dir='ltr'><strong>aedibus</strong></span> 
     </span>
     <span class='ocr_line' id='line_1_23' title="bbox 54 1573 1836 1645; baseline -0.007 -12"><span class='ocrx_word' id='word_1_212' title='bbox 54 1580 222 1642; x_wconf 58' lang='lat' dir='ltr'><strong>ignem</strong></span> <span class='ocrx_word' id='word_1_213' title='bbox 245 1583 401 1645; x_wconf 85' lang='lat' dir='ltr'><strong>injecit</strong></span> <span class='ocrx_word' id='word_1_214' title='bbox 423 1602 433 1629; x_wconf 92' lang='lat'>:</span> <span class='ocrx_word' id='word_1_215' title='bbox 455 1598 602 1628; x_wconf 85' lang='lat' dir='ltr'><strong>arcem</strong></span> <span class='ocrx_word' id='word_1_216' title='bbox 626 1580 783 1626; x_wconf 84' lang='lat' dir='ltr'><strong>frustra</strong></span> <span class='ocrx_word' id='word_1_217' title='bbox 804 1577 1034 1630; x_wconf 80' lang='lat' dir='ltr'><strong>obseffam,</strong></span> <span class='ocrx_word' id='word_1_218' title='bbox 1059 1591 1164 1622; x_wconf 86' lang='lat' dir='ltr'><strong>cum</strong></span> <span class='ocrx_word' id='word_1_219' title='bbox 1189 1573 1235 1622; x_wconf 83' lang='lat' dir='ltr'><strong>in</strong></span> <span class='ocrx_word' id='word_1_220' title='bbox 1257 1575 1300 1621; x_wconf 91' lang='lat' dir='ltr'><strong>se</strong></span> <span class='ocrx_word' id='word_1_221' title='bbox 1323 1575 1511 1623; x_wconf 78' lang='lat' dir='ltr'><strong>resciffet</strong></span> <span class='ocrx_word' id='word_1_222' title='bbox 1533 1577 1679 1639; x_wconf 81' lang='lat' dir='ltr'><strong>parari</strong></span> <span class='ocrx_word' id='word_1_223' title='bbox 1693 1595 1836 1642; x_wconf 83' lang='lat' dir='ltr'><strong>expe..</strong></span> 
     </span>
     <span class='ocr_line' id='line_1_24' title="bbox 66 1639 1838 1710; baseline -0.004 -13"><span class='ocrx_word' id='word_1_224' title='bbox 66 1645 312 1704; x_wconf 77' lang='lat' dir='ltr'><strong>ditionem,</strong></span> <span class='ocrx_word' id='word_1_225' title='bbox 336 1648 599 1710; x_wconf 78' lang='lat' dir='ltr'><strong>relinquens</strong></span> <span class='ocrx_word' id='word_1_226' title='bbox 623 1646 669 1691; x_wconf 90' lang='lat' dir='ltr'><strong>in</strong></span> <span class='ocrx_word' id='word_1_227' title='bbox 696 1642 885 1689; x_wconf 87' lang='lat' dir='ltr'><strong>Abriam</strong></span> <span class='ocrx_word' id='word_1_228' title='bbox 912 1656 1106 1702; x_wconf 84' lang='lat' dir='ltr'><strong>propere</strong></span> <span class='ocrx_word' id='word_1_229' title='bbox 1128 1639 1330 1686; x_wconf 77' lang='lat' dir='ltr'><strong>disceffit.</strong></span> <span class='ocrx_word' id='word_1_230' title='bbox 1376 1641 1450 1688; x_wconf 89' lang='lat' dir='ltr'><strong>Ibi</strong></span> <span class='ocrx_word' id='word_1_231' title='bbox 1471 1658 1577 1688; x_wconf 87' lang='lat' dir='ltr'><strong>cum</strong></span> <span class='ocrx_word' id='word_1_232' title='bbox 1600 1660 1672 1696; x_wconf 80' lang='lat' dir='ltr'><strong>ee,</strong></span> <span class='ocrx_word' id='word_1_233' title='bbox 1696 1643 1838 1705; x_wconf 82' lang='lat' dir='ltr'><strong>quem</strong></span> 
     </span>
     <span class='ocr_line' id='line_1_25' title="bbox 66 1704 1838 1770; baseline -0.005 -7"><span class='ocrx_word' id='word_1_234' title='bbox 66 1715 267 1763; x_wconf 86' lang='lat' dir='ltr'><strong>habebat</strong></span> <span class='ocrx_word' id='word_1_235' title='bbox 287 1712 488 1762; x_wconf 77' lang='lat' dir='ltr'><strong>exercitu</strong></span> <span class='ocrx_word' id='word_1_236' title='bbox 502 1710 718 1770; x_wconf 85' lang='lat' dir='ltr'><strong>(habebat</strong></span> <span class='ocrx_word' id='word_1_237' title='bbox 732 1719 883 1762; x_wconf 86' lang='lat' dir='ltr'><strong>autem</strong></span> <span class='ocrx_word' id='word_1_238' title='bbox 899 1705 956 1752; x_wconf 89' lang='lat' dir='ltr'><strong>ad</strong></span> <span class='ocrx_word' id='word_1_239' title='bbox 974 1704 1132 1761; x_wconf 85' lang='lat' dir='ltr'><strong>decem</strong></span> <span class='ocrx_word' id='word_1_240' title='bbox 1152 1704 1299 1751; x_wconf 87' lang='lat' dir='ltr'><strong>millia</strong></span> <span class='ocrx_word' id='word_1_241' title='bbox 1315 1705 1517 1752; x_wconf 85' lang='lat' dir='ltr'><strong>virorum</strong></span> <span class='ocrx_word' id='word_1_242' title='bbox 1540 1706 1587 1752; x_wconf 86' lang='lat' dir='ltr'><strong>in</strong></span> <span class='ocrx_word' id='word_1_243' title='bbox 1606 1709 1743 1754; x_wconf 81' lang='lat' dir='ltr'><strong>armis</strong></span> <span class='ocrx_word' id='word_1_244' title='bbox 1765 1709 1838 1756; x_wconf 83' lang='lat' dir='ltr'><strong>in-</strong></span> 
     </span>
     <span class='ocr_line' id='line_1_26' title="bbox 68 1767 1841 1839; baseline -0.005 -10"><span class='ocrx_word' id='word_1_245' title='bbox 68 1780 357 1837; x_wconf 84' lang='lat' dir='ltr'><strong>duratorum)</strong></span> <span class='ocrx_word' id='word_1_246' title='bbox 371 1774 715 1839; x_wconf 84' lang='lat' dir='ltr'><strong>opportunitate</strong></span> <span class='ocrx_word' id='word_1_247' title='bbox 734 1773 938 1834; x_wconf 77' lang='lat' dir='ltr'><strong>locorum</strong></span> <span class='ocrx_word' id='word_1_248' title='bbox 961 1767 1102 1816; x_wconf 86' lang='lat' dir='ltr'><strong>fretus</strong></span> <span class='ocrx_word' id='word_1_249' title='bbox 1124 1768 1353 1816; x_wconf 85' lang='lat' dir='ltr'><strong>fortunam</strong></span> <span class='ocrx_word' id='word_1_250' title='bbox 1374 1771 1524 1831; x_wconf 79' lang='lat' dir='ltr'><strong>praelii</strong></span> <span class='ocrx_word' id='word_1_251' title='bbox 1544 1772 1740 1833; x_wconf 82' lang='lat' dir='ltr'><strong>experiri</strong></span> <span class='ocrx_word' id='word_1_252' title='bbox 1758 1775 1841 1820; x_wconf 74' lang='lat' dir='ltr'><strong>de-</strong></span> 
     </span>
     <span class='ocr_line' id='line_1_27' title="bbox 69 1833 1840 1901; baseline -0.006 -8"><span class='ocrx_word' id='word_1_253' title='bbox 69 1855 285 1893; x_wconf 82' lang='lat' dir='ltr'><strong>creverat.</strong></span> <span class='ocrx_word' id='word_1_254' title='bbox 332 1844 506 1888; x_wconf 88' lang='lat' dir='ltr'><strong>Verum</strong></span> <span class='ocrx_word' id='word_1_255' title='bbox 529 1838 686 1886; x_wconf 88' lang='lat' dir='ltr'><strong>audito</strong></span> <span class='ocrx_word' id='word_1_256' title='bbox 708 1849 927 1901; x_wconf 81' lang='lat' dir='ltr'><strong>apparatu</strong></span> <span class='ocrx_word' id='word_1_257' title='bbox 946 1834 1114 1897; x_wconf 86' lang='lat' dir='ltr'><strong>Regio,</strong></span> <span class='ocrx_word' id='word_1_258' title='bbox 1139 1850 1195 1881; x_wconf 84' lang='lat' dir='ltr'><strong>ex</strong></span> <span class='ocrx_word' id='word_1_259' title='bbox 1216 1833 1288 1886; x_wconf 87' lang='lat' dir='ltr'><strong>iis,</strong></span> <span class='ocrx_word' id='word_1_260' title='bbox 1313 1834 1394 1897; x_wconf 85' lang='lat' dir='ltr'><strong>qui</strong></span> <span class='ocrx_word' id='word_1_261' title='bbox 1414 1836 1626 1882; x_wconf 73' lang='lat' dir='ltr'><strong>alacriter</strong></span> <span class='ocrx_word' id='word_1_262' title='bbox 1645 1836 1701 1884; x_wconf 85' lang='lat' dir='ltr'><strong>ad</strong></span> <span class='ocrx_word' id='word_1_263' title='bbox 1725 1855 1840 1901; x_wconf 84' lang='lat' dir='ltr'><strong>prae-</strong></span> 
     </span>
     <span class='ocr_line' id='line_1_28' title="bbox 26 1898 1839 1967; baseline -0.002 -14"><span class='ocrx_word' id='word_1_264' title='bbox 26 1948 47 1965; x_wconf 13' lang='grc' dir='ltr'><strong>,Χ</strong></span> <span class='ocrx_word' id='word_1_265' title='bbox 70 1909 274 1967; x_wconf 77' lang='lat' dir='ltr'><strong>dandum</strong></span> <span class='ocrx_word' id='word_1_266' title='bbox 295 1905 433 1954; x_wconf 82' lang='lat' dir='ltr'><strong>secuti</strong></span> <span class='ocrx_word' id='word_1_267' title='bbox 455 1904 653 1958; x_wconf 86' lang='lat' dir='ltr'><strong>fuerant,</strong></span> <span class='ocrx_word' id='word_1_268' title='bbox 678 1904 780 1949; x_wconf 85' lang='lat' dir='ltr'><strong>duae</strong></span> <span class='ocrx_word' id='word_1_269' title='bbox 804 1899 947 1948; x_wconf 85' lang='lat' dir='ltr'><strong>tribus</strong></span> <span class='ocrx_word' id='word_1_270' title='bbox 970 1915 1077 1945; x_wconf 87' lang='lat' dir='ltr'><strong>eum</strong></span> <span class='ocrx_word' id='word_1_271' title='bbox 1099 1898 1407 1951; x_wconf 86' lang='lat' dir='ltr'><strong>deseruerunt,</strong></span> <span class='ocrx_word' id='word_1_272' title='bbox 1439 1900 1637 1950; x_wconf 84' lang='lat' dir='ltr'><strong>Catanei.</strong></span> <span class='ocrx_word' id='word_1_273' title='bbox 1654 1919 1839 1966; x_wconf 85' lang='lat' dir='ltr'><strong>nempe,</strong></span> 
     </span>
     <span class='ocr_line' id='line_1_29' title="bbox 73 1964 1840 2034; baseline -0.005 -12"><span class='ocrx_word' id='word_1_274' title='bbox 73 1981 116 2022; x_wconf 77' lang='grc' dir='ltr'><strong>δε</strong></span> <span class='ocrx_word' id='word_1_275' title='bbox 150 1971 426 2025; x_wconf 85' lang='lat' dir='ltr'><strong>Cameronii,</strong></span> <span class='ocrx_word' id='word_1_276' title='bbox 452 1984 567 2034; x_wconf 88' lang='lat' dir='ltr'><strong>quos</strong></span> <span class='ocrx_word' id='word_1_277' title='bbox 607 1966 678 2015; x_wconf 87' lang='lat' dir='ltr'><strong>illi</strong></span> <span class='ocrx_word' id='word_1_278' title='bbox 707 1967 784 2015; x_wconf 91' lang='lat' dir='ltr'><strong>suo</strong></span> <span class='ocrx_word' id='word_1_279' title='bbox 807 1981 934 2013; x_wconf 90' lang='lat' dir='ltr'><strong>more</strong></span> <span class='ocrx_word' id='word_1_280' title='bbox 962 1964 1279 2019; x_wconf 79' lang='lat' dir='ltr'><strong>Clanchatan,</strong></span> <span class='ocrx_word' id='word_1_281' title='bbox 1304 1968 1346 2011; x_wconf 72' lang='grc' dir='ltr'><strong>δε</strong></span> <span class='ocrx_word' id='word_1_282' title='bbox 1369 1965 1733 2017; x_wconf 81' lang='lat' dir='ltr'><strong>Clanchameron</strong></span> <span class='ocrx_word' id='word_1_283' title='bbox 1756 1984 1840 2016; x_wconf 87' lang='lat' dir='ltr'><strong>vo-</strong></span> 
     </span>
     <span class='ocr_line' id='line_1_30' title="bbox 76 2048 1539 2086; baseline -0.01 0"><span class='ocrx_word' id='word_1_284' title='bbox 76 2050 198 2086; x_wconf 86' lang='lat' dir='ltr'><strong>cant.</strong></span> <span class='ocrx_word' id='word_1_285' title='bbox 485 2073 489 2078; x_wconf 88' lang='grc'><em>,</em></span> <span class='ocrx_word' id='word_1_286' title='bbox 626 2055 629 2057; x_wconf 58' lang='lat'>&gt;</span> <span class='ocrx_word' id='word_1_287' title='bbox 698 2070 715 2083; x_wconf 86' lang='lat'><strong>.</strong></span> <span class='ocrx_word' id='word_1_288' title='bbox 1507 2048 1539 2059; x_wconf 71' lang='lat'><strong>«-</strong></span> 
     </span>
    </p>

    <p class='ocr_par' dir='ltr' id='par_1_4' title="bbox 16 2093 1849 2552">
     <span class='ocr_line' id='line_1_31' title="bbox 138 2093 1846 2161; baseline -0.005 -12"><span class='ocrx_word' id='word_1_289' title='bbox 138 2102 340 2149; x_wconf 81' lang='lat' dir='ltr'>XXXII.</span> <span class='ocrx_word' id='word_1_290' title='bbox 374 2101 478 2147; x_wconf 90' lang='lat' dir='ltr'><strong>Hac</strong></span> <span class='ocrx_word' id='word_1_291' title='bbox 498 2109 625 2161; x_wconf 87' lang='lat' dir='ltr'><strong>parte</strong></span> <span class='ocrx_word' id='word_1_292' title='bbox 643 2097 807 2144; x_wconf 85' lang='lat' dir='ltr'><strong>virium</strong></span> <span class='ocrx_word' id='word_1_293' title='bbox 829 2095 1085 2149; x_wconf 80' lang='lat' dir='ltr'><strong>destitutus,</strong></span> <span class='ocrx_word' id='word_1_294' title='bbox 1110 2109 1195 2141; x_wconf 84' lang='lat' dir='ltr'><strong>nec</strong></span> <span class='ocrx_word' id='word_1_295' title='bbox 1216 2093 1274 2140; x_wconf 85' lang='lat' dir='ltr'><strong>de</strong></span> <span class='ocrx_word' id='word_1_296' title='bbox 1303 2105 1703 2160; x_wconf 73' lang='lat' dir='ltr'><strong>caeterorumterga</strong></span> <span class='ocrx_word' id='word_1_297' title='bbox 1723 2097 1764 2144; x_wconf 88' lang='lat' dir='ltr'><strong>se</strong></span> <span class='ocrx_word' id='word_1_298' title='bbox 1794 2115 1846 2144; x_wconf 68' lang='lat' dir='ltr'><strong>a,</strong></span> 
     </span>
     <span class='ocr_line' id='line_1_32' title="bbox 75 2158 1845 2224; baseline -0.006 -10"><span class='ocrx_word' id='word_1_299' title='bbox 75 2167 202 2215; x_wconf 87' lang='lat' dir='ltr'><strong>nimo</strong></span> <span class='ocrx_word' id='word_1_300' title='bbox 225 2177 372 2213; x_wconf 90' lang='lat' dir='ltr'><strong>certus</strong></span> <span class='ocrx_word' id='word_1_301' title='bbox 393 2164 559 2211; x_wconf 89' lang='lat' dir='ltr'><strong>iterum</strong></span> <span class='ocrx_word' id='word_1_302' title='bbox 582 2161 925 2224; x_wconf 85' lang='lat' dir='ltr'><strong>circumspicere</strong></span> <span class='ocrx_word' id='word_1_303' title='bbox 950 2158 1144 2206; x_wconf 89' lang='lat' dir='ltr'><strong>latebras</strong></span> <span class='ocrx_word' id='word_1_304' title='bbox 1167 2159 1312 2220; x_wconf 84' lang='lat' dir='ltr'><strong>coepit</strong></span> <span class='ocrx_word' id='word_1_305' title='bbox 1337 2177 1347 2205; x_wconf 92' lang='lat'>:</span> <span class='ocrx_word' id='word_1_306' title='bbox 1384 2175 1437 2206; x_wconf 89' lang='lat' dir='ltr'><strong>ac</strong></span> <span class='ocrx_word' id='word_1_307' title='bbox 1467 2160 1644 2208; x_wconf 75' lang='lat' dir='ltr'><strong>dimiss‘o</strong></span> <span class='ocrx_word' id='word_1_308' title='bbox 1665 2163 1845 2211; x_wconf 83' lang='lat' dir='ltr'><strong>exerci-</strong></span> 
     </span>
     <span class='ocr_line' id='line_1_33' title="bbox 76 2222 1846 2292; baseline -0.003 -14"><span class='ocrx_word' id='word_1_309' title='bbox 76 2243 128 2279; x_wconf 87' lang='lat' dir='ltr'><strong>tu</strong></span> <span class='ocrx_word' id='word_1_310' title='bbox 159 2247 265 2277; x_wconf 89' lang='lat' dir='ltr'><strong>cum</strong></span> <span class='ocrx_word' id='word_1_311' title='bbox 298 2228 454 2292; x_wconf 85' lang='lat' dir='ltr'><strong>paucis</strong></span> <span class='ocrx_word' id='word_1_312' title='bbox 485 2228 533 2274; x_wconf 90' lang='lat' dir='ltr'><strong>in</strong></span> <span class='ocrx_word' id='word_1_313' title='bbox 557 2227 765 2281; x_wconf 83' lang='lat' dir='ltr'><strong>AEbudas</strong></span> <span class='ocrx_word' id='word_1_314' title='bbox 795 2223 1002 2288; x_wconf 87' lang='lat' dir='ltr'><strong>profugit</strong></span> <span class='ocrx_word' id='word_1_315' title='bbox 1027 2240 1038 2268; x_wconf 76' lang='grc' dir='ltr'><strong><em>ε</em></strong></span> <span class='ocrx_word' id='word_1_316' title='bbox 1082 2236 1219 2286; x_wconf 84' lang='lat' dir='ltr'><strong>atque</strong></span> <span class='ocrx_word' id='word_1_317' title='bbox 1240 2222 1307 2268; x_wconf 84' lang='lat' dir='ltr'><strong>ibi</strong></span> <span class='ocrx_word' id='word_1_318' title='bbox 1328 2239 1432 2270; x_wconf 90' lang='lat' dir='ltr'><strong>cum</strong></span> <span class='ocrx_word' id='word_1_319' title='bbox 1469 2224 1556 2272; x_wconf 77' lang='lat' dir='ltr'><strong>suis</strong></span> <span class='ocrx_word' id='word_1_320' title='bbox 1585 2226 1644 2272; x_wconf 90' lang='lat' dir='ltr'><strong>de</strong></span> <span class='ocrx_word' id='word_1_321' title='bbox 1666 2227 1774 2290; x_wconf 83' lang='lat' dir='ltr'><strong>fuga</strong></span> <span class='ocrx_word' id='word_1_322' title='bbox 1794 2227 1846 2275; x_wconf 81' lang='lat' dir='ltr'><strong>in</strong></span> 
     </span>
     <span class='ocr_line' id='line_1_34' title="bbox 74 2286 1845 2351; baseline -0.003 -7"><span class='ocrx_word' id='word_1_323' title='bbox 74 2294 350 2344; x_wconf 88' lang='lat' dir='ltr'><strong>Hiberniam</strong></span> <span class='ocrx_word' id='word_1_324' title='bbox 372 2291 610 2341; x_wconf 87' lang='lat' dir='ltr'><strong>consultat.</strong></span> <span class='ocrx_word' id='word_1_325' title='bbox 679 2290 768 2339; x_wconf 86' lang='lat' dir='ltr'><strong>Sed</strong></span> <span class='ocrx_word' id='word_1_326' title='bbox 797 2305 902 2336; x_wconf 84' lang='lat' dir='ltr'><strong>cum</strong></span> <span class='ocrx_word' id='word_1_327' title='bbox 933 2305 1016 2335; x_wconf 91' lang='lat' dir='ltr'><strong>nec</strong></span> <span class='ocrx_word' id='word_1_328' title='bbox 1049 2286 1148 2334; x_wconf 88' lang='lat' dir='ltr'><strong>illic</strong></span> <span class='ocrx_word' id='word_1_329' title='bbox 1179 2286 1207 2333; x_wconf 74' lang='lat' dir='ltr'><strong>a</strong></span> <span class='ocrx_word' id='word_1_330' title='bbox 1241 2287 1383 2351; x_wconf 81' lang='lat' dir='ltr'><strong>Regis</strong></span> <span class='ocrx_word' id='word_1_331' title='bbox 1406 2288 1472 2334; x_wconf 85' lang='lat' dir='ltr'><strong>ira</strong></span> <span class='ocrx_word' id='word_1_332' title='bbox 1503 2289 1546 2336; x_wconf 89' lang='lat' dir='ltr'><strong>se</strong></span> <span class='ocrx_word' id='word_1_333' title='bbox 1568 2290 1845 2339; x_wconf 68' lang='lat' dir='ltr'><strong>fore&#39;tutum</strong></span> 
     </span>
     <span class='ocr_line' id='line_1_35' title="bbox 18 2352 1848 2424; baseline -0.004 -15"><span class='ocrx_word' id='word_1_334' title='bbox 18 2383 24 2397; x_wconf 46' lang='lat'>⁸</span> <span class='ocrx_word' id='word_1_335' title='bbox 75 2352 286 2424; x_wconf 61' lang='lat' dir='ltr'><strong>speraret,</strong></span> <span class='ocrx_word' id='word_1_336' title='bbox 308 2357 522 2406; x_wconf 89' lang='lat' dir='ltr'><strong>ultimum</strong></span> <span class='ocrx_word' id='word_1_337' title='bbox 553 2354 817 2419; x_wconf 85' lang='lat' dir='ltr'><strong>perfugium</strong></span> <span class='ocrx_word' id='word_1_338' title='bbox 850 2352 1185 2419; x_wconf 72' lang='lat' dir='ltr'><strong>experiundum</strong></span> <span class='ocrx_word' id='word_1_339' title='bbox 1209 2353 1293 2398; x_wconf 85' lang='lat' dir='ltr'><strong>effe</strong></span> <span class='ocrx_word' id='word_1_340' title='bbox 1326 2364 1447 2398; x_wconf 87' lang='lat' dir='ltr'><strong>ratus</strong></span> <span class='ocrx_word' id='word_1_341' title='bbox 1470 2355 1529 2400; x_wconf 92' lang='lat' dir='ltr'><strong>ad</strong></span> <span class='ocrx_word' id='word_1_342' title='bbox 1562 2354 1705 2418; x_wconf 86' lang='lat' dir='ltr'><strong>Regis</strong></span> <span class='ocrx_word' id='word_1_343' title='bbox 1741 2369 1848 2403; x_wconf 86' lang='lat' dir='ltr'><strong>ante</strong></span> 
     </span>
     <span class='ocr_line' id='line_1_36' title="bbox 78 2416 1849 2488; baseline -0.006 -16"><span class='ocrx_word' id='word_1_344' title='bbox 78 2423 353 2488; x_wconf 67' lang='lat' dir='ltr'><strong>perspec’tam</strong></span> <span class='ocrx_word' id='word_1_345' title='bbox 376 2419 684 2469; x_wconf 86' lang='lat' dir='ltr'><strong>clementiam.</strong></span> <span class='ocrx_word' id='word_1_346' title='bbox 751 2420 805 2466; x_wconf 89' lang='lat' dir='ltr'><strong>In</strong></span> <span class='ocrx_word' id='word_1_347' title='bbox 827 2434 884 2465; x_wconf 88' lang='lat' dir='ltr'><strong>eo</strong></span> <span class='ocrx_word' id='word_1_348' title='bbox 901 2433 1086 2480; x_wconf 89' lang='lat' dir='ltr'><strong>quoque</strong></span> <span class='ocrx_word' id='word_1_349' title='bbox 1104 2416 1292 2463; x_wconf 83' lang='lat' dir='ltr'><strong>confilio</strong></span> <span class='ocrx_word' id='word_1_350' title='bbox 1311 2432 1415 2463; x_wconf 87' lang='lat' dir='ltr'><strong>cum</strong></span> <span class='ocrx_word' id='word_1_351' title='bbox 1438 2417 1558 2465; x_wconf 83' lang='lat' dir='ltr'><strong>inter</strong></span> <span class='ocrx_word' id='word_1_352' title='bbox 1581 2417 1724 2481; x_wconf 88' lang='lat' dir='ltr'><strong>spem,</strong></span> <span class='ocrx_word' id='word_1_353' title='bbox 1749 2436 1849 2467; x_wconf 85' lang='lat' dir='ltr'><strong>me.</strong></span> 
     </span>
     <span class='ocr_line' id='line_1_37' title="bbox 16 2481 1849 2552; baseline -0.003 -15"><span class='ocrx_word' id='word_1_354' title='bbox 16 2504 18 2506; x_wconf 88' lang='grc'><strong><em>·</em></strong></span> <span class='ocrx_word' id='word_1_355' title='bbox 73 2490 270 2552; x_wconf 14' lang='lat' dir='ltr'><strong>‘tumque</strong></span> <span class='ocrx_word' id='word_1_356' title='bbox 298 2487 464 2535; x_wconf 88' lang='lat' dir='ltr'><strong>dubius</strong></span> <span class='ocrx_word' id='word_1_357' title='bbox 498 2496 743 2548; x_wconf 79' lang='lat' dir='ltr'><strong>reputaret,</strong></span> <span class='ocrx_word' id='word_1_358' title='bbox 767 2483 883 2547; x_wconf 89' lang='lat' dir='ltr'><strong>quid</strong></span> <span class='ocrx_word' id='word_1_359' title='bbox 915 2482 1133 2548; x_wconf 83' lang='lat' dir='ltr'><strong>scelerum</strong></span> <span class='ocrx_word' id='word_1_360' title='bbox 1166 2481 1317 2545; x_wconf 86' lang='lat' dir='ltr'><strong>prima</strong></span> <span class='ocrx_word' id='word_1_361' title='bbox 1337 2481 1593 2530; x_wconf 72' lang='lat' dir='ltr'><strong>defefflone</strong></span> <span class='ocrx_word' id='word_1_362' title='bbox 1621 2485 1849 2548; x_wconf 84' lang='lat' dir='ltr'><strong>patrasset,</strong></span> 
     </span>
    </p>

    <p class='ocr_par' dir='ltr' id='par_1_5' title="bbox 79 2543 1848 2615">
     <span class='ocr_line' id='line_1_38' title="bbox 79 2543 1848 2615; baseline -0.002 -15"><span class='ocrx_word' id='word_1_363' title='bbox 79 2553 218 2615; x_wconf 73' lang='lat' dir='ltr'><strong>quarn</strong></span> <span class='ocrx_word' id='word_1_364' title='bbox 240 2553 494 2606; x_wconf 85' lang='lat' dir='ltr'><strong>liberalem,</strong></span> <span class='ocrx_word' id='word_1_365' title='bbox 511 2555 559 2598; x_wconf 47' lang='grc' dir='ltr'><strong>’ὃς</strong></span> <span class='ocrx_word' id='word_1_366' title='bbox 578 2550 896 2613; x_wconf 81' lang='lat' dir='ltr'><strong>indulgentem</strong></span> <span class='ocrx_word' id='word_1_367' title='bbox 908 2546 1048 2610; x_wconf 82' lang='lat' dir='ltr'><strong>Regis</strong></span> <span class='ocrx_word' id='word_1_368' title='bbox 1072 2543 1276 2593; x_wconf 84' lang='lat' dir='ltr'><strong>animum</strong></span> <span class='ocrx_word' id='word_1_369' title='bbox 1298 2559 1512 2609; x_wconf 72' lang='lat' dir='ltr'><strong>expertus</strong></span> <span class='ocrx_word' id='word_1_370' title='bbox 1533 2549 1653 2599; x_wconf 77' lang='lat' dir='ltr'><strong>esset,</strong></span> <span class='ocrx_word' id='word_1_371' title='bbox 1676 2562 1848 2611; x_wconf 75' lang='lat' dir='ltr'><strong>quanta</strong></span> 
     </span>
    </p>

    <p class='ocr_par' dir='ltr' id='par_1_6' title="bbox 82 2609 1848 2679">
     <span class='ocr_line' id='line_1_39' title="bbox 82 2609 1848 2679; baseline -0.003 -14"><span class='ocrx_word' id='word_1_372' title='bbox 82 2616 292 2679; x_wconf 84' lang='lat' dir='ltr'><strong>perfidia,</strong></span> <span class='ocrx_word' id='word_1_373' title='bbox 318 2623 358 2664; x_wconf 75' lang='grc' dir='ltr'><strong>δε</strong></span> <span class='ocrx_word' id='word_1_374' title='bbox 380 2615 651 2663; x_wconf 80' lang='lat' dir='ltr'><strong>crudelitate</strong></span> <span class='ocrx_word' id='word_1_375' title='bbox 672 2613 839 2662; x_wconf 86' lang='lat' dir='ltr'><strong>iterum</strong></span> <span class='ocrx_word' id='word_1_376' title='bbox 857 2612 1069 2674; x_wconf 83' lang='lat' dir='ltr'><strong>graffatus</strong></span> <span class='ocrx_word' id='word_1_377' title='bbox 1090 2609 1214 2672; x_wconf 89' lang='lat' dir='ltr'><strong>spem</strong></span> <span class='ocrx_word' id='word_1_378' title='bbox 1237 2609 1444 2657; x_wconf 84' lang='lat' dir='ltr'><strong>secundae</strong></span> <span class='ocrx_word' id='word_1_379' title='bbox 1460 2611 1607 2659; x_wconf 84' lang='lat' dir='ltr'><strong>veniae</strong></span> <span class='ocrx_word' id='word_1_380' title='bbox 1626 2613 1709 2661; x_wconf 85' lang='lat' dir='ltr'><strong>fibi</strong></span> <span class='ocrx_word' id='word_1_381' title='bbox 1729 2630 1848 2675; x_wconf 81' lang='lat' dir='ltr'><strong>prae-</strong></span> 
     </span>
    </p>

    <p class='ocr_par' dir='ltr' id='par_1_7' title="bbox 83 2676 1852 2745">
     <span class='ocr_line' id='line_1_40' title="bbox 83 2676 1852 2745; baseline -0.001 -18"><span class='ocrx_word' id='word_1_382' title='bbox 83 2681 271 2735; x_wconf 77' lang='lat' dir='ltr'><strong>cidisset,</strong></span> <span class='ocrx_word' id='word_1_383' title='bbox 296 2681 437 2745; x_wconf 85' lang='lat' dir='ltr'><strong>Regis</strong></span> <span class='ocrx_word' id='word_1_384' title='bbox 458 2697 571 2744; x_wconf 86' lang='lat' dir='ltr'><strong>erga</strong></span> <span class='ocrx_word' id='word_1_385' title='bbox 591 2679 632 2726; x_wconf 89' lang='lat' dir='ltr'><strong>se</strong></span> <span class='ocrx_word' id='word_1_386' title='bbox 653 2679 732 2725; x_wconf 86' lang='lat' dir='ltr'><strong>irae</strong></span> <span class='ocrx_word' id='word_1_387' title='bbox 755 2691 848 2724; x_wconf 88' lang='lat' dir='ltr'><strong>tam</strong></span> <span class='ocrx_word' id='word_1_388' title='bbox 864 2676 994 2737; x_wconf 79' lang='lat' dir='ltr'><strong>justae</strong></span> <span class='ocrx_word' id='word_1_389' title='bbox 1010 2676 1220 2723; x_wconf 71' lang='lat' dir='ltr'><strong>fortunas</strong></span> <span class='ocrx_word' id='word_1_390' title='bbox 1243 2691 1419 2730; x_wconf 86' lang='lat' dir='ltr'><strong>omnes,</strong></span> <span class='ocrx_word' id='word_1_391' title='bbox 1453 2682 1494 2722; x_wconf 75' lang='grc' dir='ltr'><strong>δε</strong></span> <span class='ocrx_word' id='word_1_392' title='bbox 1515 2676 1852 2726; x_wconf 74' lang='lat' dir='ltr'><strong>salutemcom-</strong></span> 
     </span>
    </p>

    <p class='ocr_par' dir='ltr' id='par_1_8' title="bbox 5 2739 1859 3071">
     <span class='ocr_line' id='line_1_41' title="bbox 83 2739 1854 2806; baseline -0.002 -14"><span class='ocrx_word' id='word_1_393' title='bbox 83 2745 269 2794; x_wconf 84' lang='lat' dir='ltr'><strong>mittere·</strong></span> <span class='ocrx_word' id='word_1_394' title='bbox 281 2744 572 2794; x_wconf 85' lang='lat' dir='ltr'><strong>formidabat.</strong></span> <span class='ocrx_word' id='word_1_395' title='bbox 641 2742 854 2790; x_wconf 87' lang='lat' dir='ltr'><strong>Medium</strong></span> <span class='ocrx_word' id='word_1_396' title='bbox 874 2740 1020 2806; x_wconf 85' lang='lat' dir='ltr'><strong>igitur</strong></span> <span class='ocrx_word' id='word_1_397' title='bbox 1041 2740 1160 2787; x_wconf 89' lang='lat' dir='ltr'><strong>inter</strong></span> <span class='ocrx_word' id='word_1_398' title='bbox 1182 2739 1359 2803; x_wconf 81' lang='lat' dir='ltr'><strong>fugam,</strong></span> <span class='ocrx_word' id='word_1_399' title='bbox 1378 2745 1418 2786; x_wconf 68' lang='lat' dir='ltr'><strong>gc</strong></span> <span class='ocrx_word' id='word_1_400' title='bbox 1434 2741 1717 2789; x_wconf 86' lang='lat' dir='ltr'><strong>deditionem</strong></span> <span class='ocrx_word' id='word_1_401' title='bbox 1740 2759 1854 2790; x_wconf 88' lang='lat' dir='ltr'><strong>con-</strong></span> 
     </span>
     <span class='ocr_line' id='line_1_42' title="bbox 5 2803 1855 2874; baseline -0.002 -17"><span class='ocrx_word' id='word_1_402' title='bbox 5 2820 11 2826; x_wconf 80' lang='lat'><strong>·</strong></span> <span class='ocrx_word' id='word_1_403' title='bbox 56 2805 59 2807; x_wconf 62' lang='grc'><strong>’</strong></span> <span class='ocrx_word' id='word_1_404' title='bbox 86 2809 232 2865; x_wconf 79' lang='lat' dir='ltr'><strong>filium</strong></span> <span class='ocrx_word' id='word_1_405' title='bbox 254 2809 422 2874; x_wconf 84' lang='lat' dir='ltr'><strong>exequi</strong></span> <span class='ocrx_word' id='word_1_406' title='bbox 439 2803 642 2857; x_wconf 83' lang='lat' dir='ltr'><strong>decrevit</strong></span> <span class='ocrx_word' id='word_1_407' title='bbox 666 2826 678 2856; x_wconf 70' lang='grc' dir='ltr'><em>τ</em></span> <span class='ocrx_word' id='word_1_408' title='bbox 713 2822 766 2854; x_wconf 89' lang='lat' dir='ltr'><strong>ac</strong></span> <span class='ocrx_word' id='word_1_409' title='bbox 787 2807 1102 2869; x_wconf 87' lang='lat' dir='ltr'><strong>deprecatores</strong></span> <span class='ocrx_word' id='word_1_410' title='bbox 1124 2803 1172 2850; x_wconf 88' lang='lat' dir='ltr'><strong>in</strong></span> <span class='ocrx_word' id='word_1_411' title='bbox 1192 2804 1342 2851; x_wconf 88' lang='lat' dir='ltr'><strong>aulam</strong></span> <span class='ocrx_word' id='word_1_412' title='bbox 1368 2803 1502 2860; x_wconf 76' lang='lat' dir='ltr'><strong>milit,</strong></span> <span class='ocrx_word' id='word_1_413' title='bbox 1519 2822 1599 2867; x_wconf 90' lang='lat' dir='ltr'><strong>per</strong></span> <span class='ocrx_word' id='word_1_414' title='bbox 1617 2823 1731 2870; x_wconf 86' lang='lat' dir='ltr'><strong>quos</strong></span> <span class='ocrx_word' id='word_1_415' title='bbox 1754 2807 1855 2854; x_wconf 86' lang='lat' dir='ltr'><strong>ani·-</strong></span> 
     </span>
     <span class='ocr_line' id='line_1_43' title="bbox 87 2867 1857 2939; baseline -0.002 -17"><span class='ocrx_word' id='word_1_416' title='bbox 87 2889 216 2922; x_wconf 73' lang='lat' dir='ltr'><strong>mum</strong></span> <span class='ocrx_word' id='word_1_417' title='bbox 239 2875 380 2939; x_wconf 87' lang='lat' dir='ltr'><strong>Regis</strong></span> <span class='ocrx_word' id='word_1_418' title='bbox 401 2874 458 2921; x_wconf 87' lang='lat' dir='ltr'><strong>ad</strong></span> <span class='ocrx_word' id='word_1_419' title='bbox 484 2873 721 2922; x_wconf 86' lang='lat' dir='ltr'><strong>lenitatem</strong></span> <span class='ocrx_word' id='word_1_420' title='bbox 745 2871 1010 2919; x_wconf 66' lang='lat' dir='ltr'><strong>inflet&#39;teret.⁴</strong></span> <span class='ocrx_word' id='word_1_421' title='bbox 1079 2868 1155 2915; x_wconf 90' lang='lat' dir='ltr'><strong>Ad</strong></span> <span class='ocrx_word' id='word_1_422' title='bbox 1177 2867 1226 2915; x_wconf 88' lang='lat' dir='ltr'><strong>id</strong></span> <span class='ocrx_word' id='word_1_423' title='bbox 1254 2884 1419 2916; x_wconf 82' lang='lat' dir='ltr'><strong>munus</strong></span> <span class='ocrx_word' id='word_1_424' title='bbox 1444 2884 1708 2933; x_wconf 82' lang='lat' dir='ltr'><strong>quanquam</strong></span> <span class='ocrx_word' id='word_1_425' title='bbox 1730 2872 1857 2919; x_wconf 87' lang='lat' dir='ltr'><strong>dele·</strong></span> 
     </span>
     <span class='ocr_line' id='line_1_44' title="bbox 88 2931 1859 3001; baseline 0.001 -18"><span class='ocrx_word' id='word_1_426' title='bbox 88 2950 217 3000; x_wconf 84' lang='lat' dir='ltr'><strong>gerat</strong></span> <span class='ocrx_word' id='word_1_427' title='bbox 251 2937 461 2998; x_wconf 83' lang='lat' dir='ltr'><strong>homines</strong></span> <span class='ocrx_word' id='word_1_428' title='bbox 491 2937 687 3001; x_wconf 75' lang='lat' dir='ltr'><strong>quietOS,</strong></span> <span class='ocrx_word' id='word_1_429' title='bbox 710 2940 759 2987; x_wconf 71' lang='lat'><strong>8:</strong></span> <span class='ocrx_word' id='word_1_430' title='bbox 791 2935 818 2982; x_wconf 66' lang='lat' dir='ltr'><strong>a</strong></span> <span class='ocrx_word' id='word_1_431' title='bbox 839 2933 1117 2998; x_wconf 82' lang='lat' dir='ltr'><strong>contagione</strong></span> <span class='ocrx_word' id='word_1_432' title='bbox 1147 2931 1214 2979; x_wconf 89' lang='lat' dir='ltr'><strong>sui</strong></span> <span class='ocrx_word' id='word_1_433' title='bbox 1237 2931 1414 2981; x_wconf 85' lang='lat' dir='ltr'><strong>sceleris</strong></span> <span class='ocrx_word' id='word_1_434' title='bbox 1444 2933 1859 3000; x_wconf 75' lang='lat' dir='ltr'><strong>alienOS‚-ide6que</strong></span> 
     </span>
     <span class='ocr_line' id='line_1_45' title="bbox 85 2996 1856 3071; baseline 0.001 -23"><span class='ocrx_word' id='word_1_435' title='bbox 85 3001 289 3065; x_wconf 74' lang='lat' dir='ltr'><strong>principi</strong></span> <span class='ocrx_word' id='word_1_436' title='bbox 310 3019 410 3051; x_wconf 74' lang='lat' dir='ltr'><strong>non</strong></span> <span class='ocrx_word' id='word_1_437' title='bbox 429 3002 651 3066; x_wconf 73' lang='lat' dir='ltr'><strong>ingratos,</strong></span> <span class='ocrx_word' id='word_1_438' title='bbox 675 3013 827 3050; x_wconf 84' lang='lat' dir='ltr'><strong>tamen</strong></span> <span class='ocrx_word' id='word_1_439' title='bbox 849 2999 919 3048; x_wconf 87' lang='lat' dir='ltr'><strong>illi</strong></span> <span class='ocrx_word' id='word_1_440' title='bbox 936 2996 1201 3069; x_wconf 71' lang='lat' dir='ltr'><strong>responsum</strong></span> <span class='ocrx_word' id='word_1_441' title='bbox 1221 2997 1349 3046; x_wconf 84' lang='lat' dir='ltr'><strong>aliud</strong></span> <span class='ocrx_word' id='word_1_442' title='bbox 1369 2998 1627 3063; x_wconf 75' lang='lat' dir='ltr'><strong>exprimere</strong></span> <span class='ocrx_word' id='word_1_443' title='bbox 1647 3017 1741 3049; x_wconf 89' lang='lat' dir='ltr'><strong>non</strong></span> <span class='ocrx_word' id='word_1_444' title='bbox 1770 3016 1856 3071; x_wconf 88' lang='lat' dir='ltr'><strong>po-</strong></span> 
     </span>
    </p>
   </div>
   <div class='ocr_carea' id='block_1_3' title="bbox 50 3153 1874 3580">
    <p class='ocr_par' dir='ltr' id='par_1_9' title="bbox 89 3153 1865 3262">
     <span class='ocr_line' id='line_1_46' title="bbox 90 3153 1859 3207; baseline 0.003 -18"><span class='ocrx_word' id='word_1_445' title='bbox 90 3185 94 3189; x_wconf 87' lang='lat'><strong>.</strong></span> <span class='ocrx_word' id='word_1_446' title='bbox 146 3156 207 3207; x_wconf 86' lang='lat'><strong>(1)</strong></span> <span class='ocrx_word' id='word_1_447' title='bbox 235 3154 333 3193; x_wconf 79' lang='lat' dir='ltr'><strong>This</strong></span> <span class='ocrx_word' id='word_1_448' title='bbox 349 3153 394 3192; x_wconf 78' lang='lat' dir='ltr'><strong>sn·</strong></span> <span class='ocrx_word' id='word_1_449' title='bbox 409 3155 554 3195; x_wconf 82' lang='lat' dir='ltr'><strong>Walter</strong></span> <span class='ocrx_word' id='word_1_450' title='bbox 564 3157 668 3206; x_wconf 86' lang='lat' dir='ltr'><strong>Lessy</strong></span> <span class='ocrx_word' id='word_1_451' title='bbox 683 3157 864 3195; x_wconf 78' lang='lat' dir='ltr'><strong>firnamed</strong></span> <span class='ocrx_word' id='word_1_452' title='bbox 880 3156 947 3195; x_wconf 86' lang='lat' dir='ltr'><strong>the</strong></span> <span class='ocrx_word' id='word_1_453' title='bbox 997 3155 1099 3201; x_wconf 74' lang='lat' dir='ltr'><strong>fise,</strong></span> <span class='ocrx_word' id='word_1_454' title='bbox 1130 3155 1232 3195; x_wconf 77' lang='lat' dir='ltr'><strong>duke</strong></span> <span class='ocrx_word' id='word_1_455' title='bbox 1248 3157 1295 3195; x_wconf 87' lang='lat' dir='ltr'><strong>of</strong></span> <span class='ocrx_word' id='word_1_456' title='bbox 1308 3157 1459 3206; x_wconf 72' lang='lat' dir='ltr'><strong>Albany</strong></span> <span class='ocrx_word' id='word_1_457' title='bbox 1477 3172 1668 3207; x_wconf 81' lang='lat' dir='ltr'><strong>governor,</strong></span> <span class='ocrx_word' id='word_1_458' title='bbox 1696 3161 1770 3198; x_wconf 79' lang='lat' dir='ltr'><strong>and</strong></span> <span class='ocrx_word' id='word_1_459' title='bbox 1789 3157 1859 3196; x_wconf 81' lang='lat' dir='ltr'><strong>lest</strong></span> 
     </span>
     <span class='ocr_line' id='line_1_47' title="bbox 89 3209 1865 3262; baseline -0.001 -13"><span class='ocrx_word' id='word_1_460' title='bbox 89 3209 201 3256; x_wconf 76' lang='lat' dir='ltr'><strong>Bold,</strong></span> <span class='ocrx_word' id='word_1_461' title='bbox 219 3209 343 3248; x_wconf 64' lang='lat' dir='ltr'><strong>sonm-</strong></span> <span class='ocrx_word' id='word_1_462' title='bbox 353 3209 586 3258; x_wconf 82' lang='lat' dir='ltr'><strong>grand-child</strong></span> <span class='ocrx_word' id='word_1_463' title='bbox 605 3220 644 3249; x_wconf 90' lang='lat' dir='ltr'><strong>to</strong></span> <span class='ocrx_word' id='word_1_464' title='bbox 661 3209 831 3248; x_wconf 69' lang='lat' dir='ltr'><strong>Nor-man</strong></span> <span class='ocrx_word' id='word_1_465' title='bbox 844 3210 950 3259; x_wconf 84' lang='lat' dir='ltr'><strong>Lessy</strong></span> <span class='ocrx_word' id='word_1_466' title='bbox 992 3210 1049 3260; x_wconf 83' lang='lat' dir='ltr'><strong>&#39;by</strong></span> <span class='ocrx_word' id='word_1_467' title='bbox 1076 3209 1144 3247; x_wconf 88' lang='lat' dir='ltr'><strong>her</strong></span> <span class='ocrx_word' id='word_1_468' title='bbox 1166 3224 1236 3248; x_wconf 87' lang='lat' dir='ltr'><strong>one</strong></span> <span class='ocrx_word' id='word_1_469' title='bbox 1254 3211 1436 3257; x_wconf 80' lang='lat' dir='ltr'><strong>daughter</strong></span> <span class='ocrx_word' id='word_1_470' title='bbox 1461 3214 1532 3250; x_wconf 85' lang='lat' dir='ltr'><strong>and</strong></span> <span class='ocrx_word' id='word_1_471' title='bbox 1560 3212 1644 3251; x_wconf 84' lang='lat' dir='ltr'><strong>heir</strong></span> <span class='ocrx_word' id='word_1_472' title='bbox 1670 3213 1865 3262; x_wconf 85' lang='lat' dir='ltr'><strong>Eupheme</strong></span> 
     </span>
    </p>

    <p class='ocr_par' dir='ltr' id='par_1_10' title="bbox 50 3261 1874 3580">
     <span class='ocr_line' id='line_1_48' title="bbox 50 3261 1861 3316; baseline 0.001 -17"><span class='ocrx_word' id='word_1_473' title='bbox 50 3296 52 3299; x_wconf 81' lang='grc'>,</span> <span class='ocrx_word' id='word_1_474' title='bbox 92 3261 140 3302; x_wconf 76' lang='lat' dir='ltr'><strong>of</strong></span> <span class='ocrx_word' id='word_1_475' title='bbox 155 3263 258 3312; x_wconf 83' lang='lat' dir='ltr'><strong>Lessy</strong></span> <span class='ocrx_word' id='word_1_476' title='bbox 278 3262 318 3300; x_wconf 85' lang='lat' dir='ltr'><strong>in</strong></span> <span class='ocrx_word' id='word_1_477' title='bbox 339 3261 520 3306; x_wconf 81' lang='lat' dir='ltr'><strong>Garioch,</strong></span> <span class='ocrx_word' id='word_1_478' title='bbox 542 3262 603 3300; x_wconf 86' lang='lat' dir='ltr'><strong>did</strong></span> <span class='ocrx_word' id='word_1_479' title='bbox 619 3271 723 3312; x_wconf 79' lang='lat' dir='ltr'><strong>great</strong></span> <span class='ocrx_word' id='word_1_480' title='bbox 740 3263 890 3301; x_wconf 78' lang='lat' dir='ltr'><strong>services</strong></span> <span class='ocrx_word' id='word_1_481' title='bbox 909 3264 949 3301; x_wconf 88' lang='lat' dir='ltr'><strong>in</strong></span> <span class='ocrx_word' id='word_1_482' title='bbox 1003 3262 1135 3310; x_wconf 86' lang='lat' dir='ltr'><strong>Lessie,</strong></span> <span class='ocrx_word' id='word_1_483' title='bbox 1155 3263 1211 3301; x_wconf 88' lang='lat' dir='ltr'><strong>see</strong></span> <span class='ocrx_word' id='word_1_484' title='bbox 1229 3264 1294 3301; x_wconf 89' lang='lat' dir='ltr'><strong>the</strong></span> <span class='ocrx_word' id='word_1_485' title='bbox 1313 3272 1418 3302; x_wconf 87' lang='lat' dir='ltr'><strong>notes</strong></span> <span class='ocrx_word' id='word_1_486' title='bbox 1436 3278 1484 3302; x_wconf 86' lang='lat' dir='ltr'><strong>on</strong></span> <span class='ocrx_word' id='word_1_487' title='bbox 1502 3278 1583 3316; x_wconf 87' lang='lat' dir='ltr'><strong>cap.</strong></span> <span class='ocrx_word' id='word_1_488' title='bbox 1608 3267 1670 3304; x_wconf 84' lang='lat'><strong>18.</strong></span> <span class='ocrx_word' id='word_1_489' title='bbox 1691 3266 1776 3302; x_wconf 91' lang='lat' dir='ltr'><strong>who</strong></span> <span class='ocrx_word' id='word_1_490' title='bbox 1795 3265 1861 3311; x_wconf 84' lang='lat' dir='ltr'><strong>dy-</strong></span> 
     </span>
     <span class='ocr_line' id='line_1_49' title="bbox 73 3312 1867 3365; baseline 0.003 -18"><span class='ocrx_word' id='word_1_491' title='bbox 73 3344 75 3347; x_wconf 81' lang='grc'>,</span> <span class='ocrx_word' id='word_1_492' title='bbox 96 3316 161 3353; x_wconf 82' lang='lat' dir='ltr'><strong>the</strong></span> <span class='ocrx_word' id='word_1_493' title='bbox 189 3327 281 3352; x_wconf 85' lang='lat' dir='ltr'><strong>wars</strong></span> <span class='ocrx_word' id='word_1_494' title='bbox 306 3313 350 3350; x_wconf 86' lang='lat' dir='ltr'><strong>of</strong></span> <span class='ocrx_word' id='word_1_495' title='bbox 362 3312 426 3351; x_wconf 87' lang='lat' dir='ltr'><strong>the</strong></span> <span class='ocrx_word' id='word_1_496' title='bbox 451 3315 620 3352; x_wconf 84' lang='lat' dir='ltr'><strong>German</strong></span> <span class='ocrx_word' id='word_1_497' title='bbox 648 3327 831 3365; x_wconf 83' lang='lat' dir='ltr'><strong>emperors</strong></span> <span class='ocrx_word' id='word_1_498' title='bbox 861 3330 871 3354; x_wconf 89' lang='lat'><strong>:</strong></span> <span class='ocrx_word' id='word_1_499' title='bbox 899 3316 949 3354; x_wconf 88' lang='lat' dir='ltr'><strong>he</strong></span> <span class='ocrx_word' id='word_1_500' title='bbox 1003 3316 1068 3364; x_wconf 87' lang='lat' dir='ltr'><strong>ing</strong></span> <span class='ocrx_word' id='word_1_501' title='bbox 1087 3316 1312 3363; x_wconf 82' lang='lat' dir='ltr'><strong>unmarried,</strong></span> <span class='ocrx_word' id='word_1_502' title='bbox 1342 3316 1411 3358; x_wconf 82' lang='lat' dir='ltr'><strong>the</strong></span> <span class='ocrx_word' id='word_1_503' title='bbox 1429 3319 1597 3360; x_wconf 85' lang='lat' dir='ltr'><strong>earldom</strong></span> <span class='ocrx_word' id='word_1_504' title='bbox 1616 3319 1660 3355; x_wconf 86' lang='lat' dir='ltr'><strong>of</strong></span> <span class='ocrx_word' id='word_1_505' title='bbox 1681 3317 1774 3358; x_wconf 88' lang='lat' dir='ltr'><strong>Ross</strong></span> <span class='ocrx_word' id='word_1_506' title='bbox 1792 3328 1867 3354; x_wconf 84' lang='lat' dir='ltr'><strong>was</strong></span> 
     </span>
     <span class='ocr_line' id='line_1_50' title="bbox 92 3365 1870 3420; baseline 0 -15"><span class='ocrx_word' id='word_1_507' title='bbox 92 3368 254 3419; x_wconf 72' lang='lat' dir='ltr'><strong>married</strong></span> <span class='ocrx_word' id='word_1_508' title='bbox 273 3365 466 3415; x_wconf 85' lang='lat' dir='ltr'><strong>Eupheme</strong></span> <span class='ocrx_word' id='word_1_509' title='bbox 485 3366 577 3405; x_wconf 81' lang='lat' dir='ltr'><strong>Ro&#39;ss</strong></span> <span class='ocrx_word' id='word_1_510' title='bbox 594 3367 772 3416; x_wconf 85' lang='lat' dir='ltr'><strong>daughter</strong></span> <span class='ocrx_word' id='word_1_511' title='bbox 790 3376 828 3405; x_wconf 87' lang='lat' dir='ltr'><strong>to</strong></span> <span class='ocrx_word' id='word_1_512' title='bbox 840 3368 945 3406; x_wconf 77' lang='lat' dir='ltr'><strong>Wil-</strong></span> <span class='ocrx_word' id='word_1_513' title='bbox 1001 3369 1120 3406; x_wconf 82' lang='lat' dir='ltr'><strong>seized</strong></span> <span class='ocrx_word' id='word_1_514' title='bbox 1142 3369 1189 3420; x_wconf 88' lang='lat' dir='ltr'><strong>by</strong></span> <span class='ocrx_word' id='word_1_515' title='bbox 1200 3369 1372 3417; x_wconf 83' lang='lat' dir='ltr'><strong>Donald,</strong></span> <span class='ocrx_word' id='word_1_516' title='bbox 1405 3369 1512 3410; x_wconf 86' lang='lat' dir='ltr'><strong>chief</strong></span> <span class='ocrx_word' id='word_1_517' title='bbox 1534 3371 1580 3409; x_wconf 90' lang='lat' dir='ltr'><strong>of</strong></span> <span class='ocrx_word' id='word_1_518' title='bbox 1601 3370 1666 3410; x_wconf 88' lang='lat' dir='ltr'><strong>the</strong></span> <span class='ocrx_word' id='word_1_519' title='bbox 1705 3370 1870 3408; x_wconf 77' lang='lat' dir='ltr'><strong>claudo-</strong></span> 
     </span>
     <span class='ocr_line' id='line_1_51' title="bbox 97 3419 1868 3470; baseline -0.001 -11"><span class='ocrx_word' id='word_1_520' title='bbox 97 3421 188 3459; x_wconf 79' lang='lat' dir='ltr'><strong>liam</strong></span> <span class='ocrx_word' id='word_1_521' title='bbox 205 3420 278 3459; x_wconf 85' lang='lat' dir='ltr'><strong>earl</strong></span> <span class='ocrx_word' id='word_1_522' title='bbox 295 3419 340 3458; x_wconf 87' lang='lat' dir='ltr'><strong>of</strong></span> <span class='ocrx_word' id='word_1_523' title='bbox 353 3419 462 3466; x_wconf 86' lang='lat' dir='ltr'><strong>Ross,</strong></span> <span class='ocrx_word' id='word_1_524' title='bbox 482 3421 551 3457; x_wconf 82' lang='lat' dir='ltr'><strong>and</strong></span> <span class='ocrx_word' id='word_1_525' title='bbox 564 3419 604 3457; x_wconf 86' lang='lat' dir='ltr'><strong>in</strong></span> <span class='ocrx_word' id='word_1_526' title='bbox 620 3420 689 3458; x_wconf 89' lang='lat' dir='ltr'><strong>her</strong></span> <span class='ocrx_word' id='word_1_527' title='bbox 703 3420 804 3469; x_wconf 84' lang='lat' dir='ltr'><strong>right</strong></span> <span class='ocrx_word' id='word_1_528' title='bbox 817 3421 946 3470; x_wconf 81' lang='lat' dir='ltr'><strong>posses·</strong></span> <span class='ocrx_word' id='word_1_529' title='bbox 1002 3423 1104 3468; x_wconf 79' lang='lat' dir='ltr'><strong>nald,</strong></span> <span class='ocrx_word' id='word_1_530' title='bbox 1131 3422 1210 3460; x_wconf 84' lang='lat' dir='ltr'><strong>lord</strong></span> <span class='ocrx_word' id='word_1_531' title='bbox 1229 3423 1273 3460; x_wconf 89' lang='lat' dir='ltr'><strong>of</strong></span> <span class='ocrx_word' id='word_1_532' title='bbox 1289 3422 1355 3461; x_wconf 89' lang='lat' dir='ltr'><strong>the</strong></span> <span class='ocrx_word' id='word_1_533' title='bbox 1373 3423 1469 3470; x_wconf 88' lang='lat' dir='ltr'><strong>isses,</strong></span> <span class='ocrx_word' id='word_1_534' title='bbox 1501 3423 1589 3461; x_wconf 87' lang='lat' dir='ltr'><strong>who</strong></span> <span class='ocrx_word' id='word_1_535' title='bbox 1618 3423 1691 3460; x_wconf 80' lang='lat' dir='ltr'><strong>had</strong></span> <span class='ocrx_word' id='word_1_536' title='bbox 1708 3421 1868 3459; x_wconf 79' lang='lat' dir='ltr'><strong>married</strong></span> 
     </span>
     <span class='ocr_line' id='line_1_52' title="bbox 93 3472 1871 3525; baseline -0.001 -13"><span class='ocrx_word' id='word_1_537' title='bbox 93 3473 159 3520; x_wconf 55' lang='lat' dir='ltr'><strong>§nd</strong></span> <span class='ocrx_word' id='word_1_538' title='bbox 174 3473 256 3515; x_wconf 79' lang='lat' dir='ltr'><strong>that</strong></span> <span class='ocrx_word' id='word_1_539' title='bbox 278 3473 449 3512; x_wconf 64' lang='lat' dir='ltr'><strong>carldom</strong></span> <span class='ocrx_word' id='word_1_540' title='bbox 477 3486 487 3512; x_wconf 70' lang='grc' dir='ltr'>ι</span> <span class='ocrx_word' id='word_1_541' title='bbox 511 3472 587 3512; x_wconf 65' lang='lat' dir='ltr'><strong>2h-is</strong></span> <span class='ocrx_word' id='word_1_542' title='bbox 599 3496 601 3498; x_wconf 96' lang='lat'>-</span> <span class='ocrx_word' id='word_1_543' title='bbox 614 3473 702 3521; x_wconf 85' lang='lat' dir='ltr'><strong>only</strong></span> <span class='ocrx_word' id='word_1_544' title='bbox 722 3473 797 3510; x_wconf 64' lang='lat' dir='ltr'><strong>⁸son</strong></span> <span class='ocrx_word' id='word_1_545' title='bbox 815 3475 947 3513; x_wconf 65' lang='lat' dir='ltr'><strong>Alexi·⁸</strong></span> <span class='ocrx_word' id='word_1_546' title='bbox 1003 3475 1350 3525; x_wconf 77' lang='lat' dir='ltr'><strong>EuphemeLessie,</strong></span> <span class='ocrx_word' id='word_1_547' title='bbox 1368 3476 1552 3525; x_wconf 83' lang='lat' dir='ltr'><strong>daughter</strong></span> <span class='ocrx_word' id='word_1_548' title='bbox 1568 3484 1606 3513; x_wconf 91' lang='lat' dir='ltr'><strong>to</strong></span> <span class='ocrx_word' id='word_1_549' title='bbox 1624 3475 1702 3513; x_wconf 78' lang='lat' dir='ltr'><strong>earl</strong></span> <span class='ocrx_word' id='word_1_550' title='bbox 1721 3474 1871 3512; x_wconf 74' lang='lat' dir='ltr'><strong>Walter</strong></span> 
     </span>
     <span class='ocr_line' id='line_1_53' title="bbox 91 3525 1874 3580; baseline 0.001 -16"><span class='ocrx_word' id='word_1_551' title='bbox 91 3526 263 3565; x_wconf 62' lang='lat' dir='ltr'><strong>mattiaci</strong></span> <span class='ocrx_word' id='word_1_552' title='bbox 290 3539 317 3565; x_wconf 77' lang='lat' dir='ltr'><strong>a</strong></span> <span class='ocrx_word' id='word_1_553' title='bbox 340 3525 521 3576; x_wconf 80' lang='lat' dir='ltr'><strong>daughter</strong></span> <span class='ocrx_word' id='word_1_554' title='bbox 548 3525 599 3565; x_wconf 74' lang='lat' dir='ltr'><strong>of</strong></span> <span class='ocrx_word' id='word_1_555' title='bbox 622 3525 764 3564; x_wconf 73' lang='lat' dir='ltr'><strong>Robert</strong></span> <span class='ocrx_word' id='word_1_556' title='bbox 799 3526 874 3566; x_wconf 81' lang='lat' dir='ltr'><strong>earl</strong></span> <span class='ocrx_word' id='word_1_557' title='bbox 908 3527 955 3566; x_wconf 82' lang='lat' dir='ltr'><strong>of</strong></span> <span class='ocrx_word' id='word_1_558' title='bbox 1005 3527 1136 3576; x_wconf 85' lang='lat' dir='ltr'><strong>Lessie,</strong></span> <span class='ocrx_word' id='word_1_559' title='bbox 1153 3541 1203 3568; x_wconf 85' lang='lat' dir='ltr'><strong>on</strong></span> <span class='ocrx_word' id='word_1_560' title='bbox 1216 3529 1345 3569; x_wconf 79' lang='lat' dir='ltr'><strong>whom</strong></span> <span class='ocrx_word' id='word_1_561' title='bbox 1355 3529 1404 3570; x_wconf 83' lang='lat' dir='ltr'><strong>he</strong></span> <span class='ocrx_word' id='word_1_562' title='bbox 1423 3528 1619 3580; x_wconf 72' lang='lat' dir='ltr'><strong>begatthis</strong></span> <span class='ocrx_word' id='word_1_563' title='bbox 1635 3528 1714 3567; x_wconf 72' lang='lat' dir='ltr'><strong>carl</strong></span> <span class='ocrx_word' id='word_1_564' title='bbox 1737 3527 1874 3567; x_wconf 68' lang='lat' dir='ltr'><strong>Alexr.</strong></span> 
     </span>
    </p>
   </div>
   <div class='ocr_carea' id='block_1_4' title="bbox 1776 3651 1917 3691">
    <p class='ocr_par' dir='ltr' id='par_1_11' title="bbox 1776 3651 1917 3691">
     <span class='ocr_line' id='line_1_54' title="bbox 1776 3651 1917 3691; baseline 0.021 -4"><span class='ocrx_word' id='word_1_565' title='bbox 1776 3651 1882 3691; x_wconf 66' lang='lat' dir='ltr'><strong>tue·</strong></span> <span class='ocrx_word' id='word_1_566' title='bbox 1914 3669 1917 3675; x_wconf 59' lang='grc'><strong>’</strong></span> 
     </span>
    </p>
   </div>
  </div>
 </body>
</html>
