1992 3801
113 155 242 238 566
444 160 812 232 RERUM
903 164 1599 236 SCOTICARUM

110 264 159 299 te·
177 271 345 316 paucos
367 271 509 307 annos
531 257 780 324 praefuerit.
834 263 977 311 Nunc
998 281 1105 313 vero
1128 264 1170 311 se
1194 266 1286 313 non
1308 258 1529 332 legitimis
1549 265 1889 333 suffragiisssec}

105 317 397 391 &febellibus
430 341 513 386 per
537 326 646 382 vim,
686 344 737 374 ac
772 329 994 377 summam
1015 329 1231 390 injuriam
1253 332 1483 378 exclusum
1510 351 1521 380 :
1558 339 1597 380 δε
1632 336 1780 397 (quod
1802 336 1877 382 in-

106 381 292 446 digmus
313 386 394 446 est)
420 405 501 451 per
517 390 714 455 legitimi
732 393 962 455 sanguinis
985 398 1300 456 contemptum
1325 397 1517 444 nothum
1540 397 1588 444 in
1612 398 1874 460 supremum

104 446 260 495 Iocum
283 451 574 516 assumptum.
629 455 723 519 Qi
746 457 912 513 honor,
937 458 966 505 si
990 459 1072 506 fibi
1096 460 1366 515 restituatur,
1391 461 1519 514 brevi
1543 479 1699 510 omnes
1724 478 1891 525 motus,-

106 511 375 585 dqmesticos
393 519 733 581 conquieturos,
760 527 798 568 &
821 522 1048 587 Reginam
1072 525 1160 571 fine
1174 525 1240 580 vi,
1256 526 1347 573 fine
1361 542 1589 585 armorum
1605 532 1806 581 tumultu
1824 530 1886 583 int,

104 579 336 641 pristinam
360 582 676 645 dignationem
700 586 953 634 restitutum
979 588 1088 634 iri.’'

170 643 350 693 XXVI.
383 649 459 694 Ad
482 664 535 695 ea
555 649 827 711 respondent
864 652 1007 715 legati
1041 653 1183 718 Regis
1225 663 1260 685 “
1281 654 1623 709 Hamiltonium
1657 674 1753 713 rem
1779 675 1886 713 non,

104 708 247 755 modo
270 710 468 773 legibus,
492 716 533 759 &
555 728 758 760 veterum
784 716 996 764 institutis
1019 734 1076 764 ex
1099 720 1286 767 adverso
1312 732 1619 783 pugnantem,¹
1635 721 1708 769 sed
1730 724 1872 774 etiam

104 773 136 823 fi
158 773 315 821 omissa
336 776 491 840 legum
514 779 781 826 auftoritate
799 798 881 843 per
899 781 941 829 se
958 782 1198 845 speEtetu-r,
1219 785 1357 849 longe
1376 785 1695 847 iniquiffimam
1717 789 1871 850 postu}

102 838 212 886 lare.
281 841 482 902 Major-es
504 843 624 888 enim
652 845 786 891 nostri
809 846 870 891 ob
893 847 1248 911 consanguineas
1279 849 1326 895 in
1351 851 1502 910 Regia
1520 849 1698 897 ‚familia
1720 853 1868 900 caedes

100 905 198 970 post
220 920 362 951 annos
383 922 528 969 prope
550 907 678 953 mille
716 922 940 957 trecentos
964 911 1256 962 comitiorum
1289 913 1337 959 in
1359 914 1490 974 Rege
1512 914 1708 961 creando
1731 917 1869 971 ratiot-

101 985 205 1017 ncm
230 982 371 1016 totam
402 970 720 1020 immutarunt.
791 975 914 1021 Cum
948 974 1071 1023 enim
1111 989 1260 1033 antea,
1297 976 1376 1039 qui
1412 976 1438 1030 ὲ
1461 975 1634 1028 familia
1667 974 1881 1042 Fergusti⁴⁴

100 1036 240 1100 primi
263 1036 404 1098 Regis
429 1053 518 1082 non
545 1038 673 1099 Rege
696 1038 913 1086 defunfi'to
937 1057 1104 1103 genere
1127 1041 1381 1103 proximuS,
1406 1041 1481 1087 sed
1503 1058 1645 1104 regno
1667 1043 1870 1106 gerendo

100 1100 300 1147 maxime
323 1101 515 1148 idoneus
538 1101 759 1166 suffragiis
783 1105 885 1150 Rex
919 1118 1164 1161 crearetur,
1196 1106 1469 1156 Kennethus
1495 1122 1601 1152 vero
1616 1108 1793 1161 tertiuS,
1820 1120 1870 1155 ut

98 1166 282 1228 Regum
305 1165 515 1211 adversus
540 1167 904 1231 propinquorum
927 1169 1126 1226 infidias,
1163 1176 1201 1217 &
1221 1169 1663 1233 consanguineorum
1684 1172 1803 1219 inter
1825 1171 1868 1220 se

99 1241 306 1277 cruentas
330 1230 644 1285 aem‘ulationes
668 1249 723 1278 ex
745 1233 848 1279 aula
870 1234 1067 1290 tolleret,
1089 1235 1312 1298 eum,'qui
1335 1251 1456 1282 nunc
1479 1235 1538 1281 est-
1560 1236 1608 1282 in
1629 1253 1773 1300 regno
1794 1238 1869 1284 in-

97 1294 249 1343 eundo
291 1293 439 1344 sanxit
456 1295 685 1351 ordinem,
711 1310 761 1344 ut
781 1296 862 1366 qui
884 1315 1051 1362 genere
1072 1300 1307 1362 proximus
1338 1301 1444 1352 effer
1479 1300 1596 1364 Regi
1625 1302 1868 1355 demortuo

98 1360 386 1408 sufficeretur.
468 1361 558 1410 Sed
580 1378 684 1408 cum
707 1362 926 1411 homines.
944 1364 1019 1411 usu
1042 1381 1193 1411 rerum
1216 1364 1367 1412 edocti
1391 1364 1693 1427 perspicerent
1715 1368 1791 1412 vix
1814 1367 1868 1421 sie
1932 1391 1936 1395 ·

97 1424 164 1471 eri
187 1426 322 1487 poffe,
361 1436 411 1472 ut
430 1423 480 1473 in
511 1438 635 1473 tanta
658 1426 853 1474 fortunae
885 1429 1185 1479 inconstantia
1223 1445 1313 1476 non
1337 1429 1586 1492 aliquando
1608 1434 1656 1484 in
1679 1448 1865 1493 pueros,

96 1501 175 1539 aut
196 1489 369 1554 alioqui
392 1507 535 1554 regno
556 1493 759 1556 gerendo
775 1491 972 1555 impares
997 1493 1288 1552 haeredesjus
1308 1493 1469 1544 summi
1489 1494 1771 1558 magistratus
1794 1496 1867 1541 in-

96 1553 285 1611 cideret,
308 1555 616 1610 instituerunt,
643 1570 692 1609 ut
715 1555 1032 1605 rebusinterea
1052 1558 1415 1611 administrandis
1439 1558 1704 1622 eligeretur,
1720 1562 1865 1623 qui&

95 1618 280 1681 opibus,
322 1625 361 1667 δε
382 1620 573 1669 confilio
595 1635 780 1670 caeteros
802 1622 1010 1670 anteiret.
1078 1624 1235 1687 Atque
1255 1623 1373 1669 hanc
1397 1625 1621 1670 rationem
1644 1625 1863 1673 sexcentis

95 1700 240 1747 prope
261 1685 391 1732 {nnis
415 1687 606 1747 majores
640 1686 783 1733 nostri*
808 1687 947 1734 secuti
969 1704 1162 1752 regnum
1184 1689 1417 1744 incolume
1452 1689 1636 1750 posteris
1660 1691 1861 1737 tradide-

95 1761 218 1796 runt.
286 1749 362 1796 Sic
384 1749 590 1797 Roberto
613 1750 780 1801 Bruffio
802 1752 897 1799 vita
918 1752 1075 1799 fu'nfio
1095 1755 1311 1816 Proreges
1333 1752 1547 1814 deinceps
1575 1753 1793 1817 suffragiis
1815 1772 1861 1802 e.

95 1812 202 1860 lecti
242 1813 536 1871 successerunt
568 1816 776 1862 Thomas
816 1817 1072 1873 Randolfus
1112 1817 1354 1873 Moraviae,
1394 1817 1638 1864 Donaldus
1676 1820 1862 1866 Marriae

96 1878 322 1933 Comite5‚
348 1879 554 1926 Andreas
578 1880 835 1937 Moravius,
860 1883 1054 1936 Ioannes
1076 1881 1352 1937 Randolfus‚
1379 1882 1606 1936 Robertus
1637 1884 1869 1939 Stuartus,

92 1942 278 1990 interim
303 1944 487 2008 singuli,
511 1943 741 1996 interdum
770 1963 796 1992 a
817 1958 1046 1997 conventu
1068 1947 1257 2009 publico
1294 1947 1448 2009 plures
1482 1947 1541 1998 in„
1566 1963 1670 1993 eum
1706 1948 1860 1996 locum

92 2007 195 2054 sunt
216 2009 444 2071 assumpti.
513 2009 588 2056 Sic
612 2010 781 2057 lacobo
803 2010 1002 2057 secundo
1023 2028 1166 2073 puero
1185 2014 1315 2058 datus
1339 2013 1399 2057 est
1417 2011 1696 2074 gubernator
1717 2013 1861 2060 Alex-

92 2072 232 2130 ander
253 2073 536 2125 Levistonius
553 2075 679 2121 nulla
700 2090 807 2122 cum
828 2076 960 2139 Rege
983 2077 1327 2140 propinquitate
1344 2074 1782 2139 sanguinisjunEtus‚
1804 2094 1856 2125 ac

93 2153 153 2184 ne
175 2138 370 2202 supremi
409 2139 597 2204 quidem
622 2139 812 2196 ordinis,
853 2141 924 2187 sed
962 2141 1112 2189 adhuc
1134 2157 1289 2205 eques,
1332 2155 1385 2186 ac
1427 2141 1684 2203 prudentia,
1718 2140 1862 2205 quam

90 2218 259 2263 genere
278 2204 507 2251 illustrior.
576 2204 679 2252 Nec
695 2205 777 2252 illa
793 2205 984 2268 superest
1005 2205 1251 2262 excusatio,
1277 2217 1325 2252 ut
1346 2205 1558 2270 poenuria
1578 2205 1739 2271 Regiae
1762 2207 1858 2253 stir-

90 2266 163 2331 pis
185 2268 426 2316 hominum
447 2268 496 2316 id
514 2269 759 2333 quisquam
781 2269 950 2317 factum
973 2271 1192 2318 causetur.

157 2333 362 2381 XXVII.
396 2342 431 2373 ‘-‘
454 2335 563 2382 Erat
585 2351 642 2381 eo
663 2346 870 2398 tempore
901 2341 940 2382 δι
963 2336 1185 2393 confili0‚„
1206 2340 1247 2385 &
1279 2333 1387 2382 vitae
1407 2333 1673 2398 integritate
1695 2335 1859 2386 florem»-

91 2395 279 2455 tissimus
301 2400 495 2446 Ioannes
513 2394 765 2459 Kenne'dus
799 2399 993 2453 familiae‘
1010 2400 1098 2455 suae
1163 2400 1341 2462 rinceps
1362 2414 1420 2446 ex
1443 2399 1598 2451 Iacobi
1621 2399 1758 2462 primi
1791 2399 1858 2445 so-

91 2478 194 2509 rore
216 2478 374 2526 nepos.
443 2465 584 2516 Erant
617 2466 712 2526 ejus
733 2464 884 2528 patrui
906 2465 1100 2512 Iacobus
1123 2418 1374 2520 Rennedus
1397 2464 1509 2510 Fani
1545 2463 1743 2521 Andreae
1765 2464 1856 2512 Ar-

37 2555 42 2557 -
92 2526 409 2591 chiepiscopus
433 2525 574 2576 totius
588 2529 719 2593 regni
741 2531 788 2576 in
811 2529 940 2577 omni
962 2528 1146 2577 virtutis
1167 2546 1333 2594 genere
1358 2528 1492 2579 facile
1512 2528 1685 2590 primus
1711 2547 1723 2575 ε
1760 2528 1863 2589 ejus.

91 2589 202 2639 item
224 2592 364 2640 frater
384 2611 410 2641 e
432 2594 573 2658 Regis
593 2594 733 2642 amita
754 2607 885 2642 natus
908 2613 919 2640 :
1007 2639 1014 2644 ,
1214 2593 1474 2658 Duglaffius
1498 2594 1667 2648 Comes
1691 2594 1857 2655 Angui-⁴

89 2655 180 2704 fiae.
247 2659 357 2705 Erat
378 2675 403 2705 a
424 2659 641 2723 sanguine
674 2659 828 2723 Regio
851 2675 943 2706 non
961 2659 1135 2707 alienus
1158 2658 1468 2713 Archibaldus
1491 2657 1737 2720 Duglassiae
1761 2659 1858 2703 Co-

90 2735 185 2769 mes
208 2722 415 2785 potentia
437 2739 580 2787 prope
602 2724 723 2787 Regi
745 2741 843 2787 par,
867 2724 1042 2771 caeteris
1065 2724 1278 2777 omnibus
1307 2723 1446 2785 longe
1471 2721 1688 2791 superior.
1756 2723 1856 2768 Ne·

46 2783 50 2786 ’
88 2801 168 2832 mo
189 2798 342 2835 tamen
361 2788 535 2836 idcirco
556 2789 614 2836 de
656 2789 947 2836 comitiorum
972 2789 1214 2853 iniquitate
1236 2788 1296 2836 est
1319 2788 1515 2850 questus.
1584 2787 1693 2838 Nec,
1708 2787 1856 2833 multo

86 2852 184 2914 post
206 2852 376 2899 Iacobo
397 2869 584 2918 quoque
605 2853 741 2900 tertio
764 2853 860 2900 dati
882 2853 983 2900 sunt
1001 2865 1170 2902 tutores
1188 2864 1402 2917 quatuor,
1423 2855 1462 2897 δε
1482 2849 1532 2904 hi
1549 2850 1736 2916 quidem
1755 2866 1858 2897 om-

86 2930 166 2962 nes
189 2932 279 2962 non
300 2917 362 2963 ob
382 2917 706 2982 cognationem
729 2917 959 2982 ass‘umpti,
983 2917 1058 2974 sed
1080 2916 1301 2982 suffragiis
1323 2915 1473 2963 electi.
1530 2916 1695 2987 Nuper
1716 2916 1857 2962 Ioan-

86 2995 166 3026 nes
187 2981 387 3029 Albinus
409 2983 520 3029 Dux
543 2984 602 3030 ad
622 3000 718 3031 rem
743 2982 974 3030 Scoticam
995 2983 1320 3031 moderandam
1350 2981 1522 3028 Iacobo
1541 2993 1706 3046 quinto
1741 2996 1856 3043 pue·

32 3054 34 3056 ’
69 3059 138 3090 μτο
157 3060 241 3107 per
259 3039 434 3108 legatos
457 3048 517 3094 est
556 3048 581 3095 ὲ
617 3048 776 3095 Gallia
795 3047 968 3095 accitus
998 3064 1025 3094 a
1047 3046 1303 3094 nobilitate.
1372 3045 1450 3092 Ab
1471 3045 1630 3111 eadem
1663 3042 1877 3107 publico‘

84 3108 270 3157 decreto
286 3109 334 3156 in
357 3123 585 3159 conventu
609 3113 918 3159 confirmatus.
962 3128 970 3135 ·’
985 3113 1155 3174 Neque
1177 3109 1465 3173 proximitati
1497 3109 1676 3174 generis
1699 3107 1854 3180 id.tri-

84 3172 265 3221 butum.
333 3176 648 3226 Alexandrum
671 3176 795 3224 enim
834 3176 1020 3234 fratrem
1042 3179 1151 3223 natu
1176 3176 1394 3238 majorem
1417 3173 1631 3229 habebat,
1674 3183 1725 3244 ut
1755 3170 1878 3244 ipso,

82 3235 260 3286 fortasse
281 3238 564 3295 inferiorem,
590 3241 654 3288 ita
676 3240 805 3288 omni
833 3241 1010 3288 virtutis
1031 3240 1198 3304 genere
1231 3239 1402 3290 Iacobo
1424 3237 1738 3292 Hamiltomm
1769 3251 1852 3298 <1¹²¹

81 3316 186 3349 eum
211 3303 364 3351 locum
389 3303 631 3367 aliquoties
655 3306 942 3353 affectaverat
962 3306 1097 3356 facile
1119 3304 1410 3368 superiorem.
1478 3303 1544 3350 At
1566 3302 1736 3349 Iacobo
1758 3299 1854 3363 pri·

79 3382 158 3413 mo
180 3368 361 3416 absente
382 3370 612 3416 Robertus
631 3370 726 3431 ejus
750 3360 936 3432 pairuus
957 3385 1099 3433 regno
1122 3369 1321 3431 praefuit.
1377 3369 1485 3429 Qo
1507 3367 1688 3414 tandem
1708 3364 1810 3427 jure
1829 3366 1854 3410 ἓ-

78 3447 190 3479 num
213 3433 276 3480 ob
297 3432 586 3497 cognationis
608 3431 1001 3496 propinquitatem
1035 3434 1169 3480 assum
1179 3446 1280 3495 ptus
1304 3436 1323 3481 ?
1347 3432 1580 3479 minime.
1628 3464 1630 3467 v
1659 3430 1789 3478 Num
1823 3441 1872 3472 a,

74 3497 251 3559 populo
273 3499 442 3545 elec‘tus
467 3501 501 3545 ἓ.
521 3514 577 3544 ne
599 3497 648 3545 id
669 3497 875 3560 quidem.
945 3499 1197 3559 Qomodo
1219 3513 1331 3563 ergo
1353 3509 1529 3544 creatus
1549 3497 1568 3542 ?
1589 3495 1725 3563 -Cum
1747 3491 1852 3537 Rex
1904 3554 1906 3556 Ι

75 3560 304 3608 Robertus
323 3563 482 3610 tertius
502 3551 584 3609 nec
603 3561 774 3617 anime,
797 3578 880 3609 nec
897 3577 1087 3624 corpore
1111 3564 1167 3608 ad
1188 3560 1323 3626 Regii
1342 3559 1543 3608 muneris
1564 3557 1847 3605 fundhonem

75 3623 178 3672 satis
199 3626 304 3674 effet
323 3628 518 3688 validus,
543 3627 798 3689 Robertum
821 3626 1006 3678 fratrem
1031 3626 1111 3675 fibi
1139 3627 1355 3676 vicarium
1380 3622 1572 3678 suffecit,
1602 3633 1656 3668 ³0
1675 3618 1850 3731 liberti}
