2045 3857
1 322 4 355 ἵ

637 138 966 204 L1BER
1059 133 1430 200 Nouus.
1530 89 1535 92 -
1792 149 1924 218 237

217 249 327 298 XX.
362 242 437 291 Ad
459 240 582 287 hunc
601 253 832 284 rumorem
863 235 1156 298 divulgatum
1182 234 1253 295 (1)
1278 233 1488 280 Thomas
1510 231 1705 282 Brussius
1727 231 1926 280 CariCtae

151 315 320 361 Comes
335 321 437 355 curn
453 301 774 366 popularibus,
788 308 828 348 Sc
843 300 1007 348 vicinis
1022 299 1047 346 ἐ
1064 297 1280 353 Colla&
1297 296 1596 360 Cunigamia‚
1611 297 1723 346 item
1737 296 1924 346 Guliel-

148 393 250 426 mus
265 368 544 420 Carruderus
568 366 920 420 Annandianus,
943 363 1026 427 qui
1047 362 1223 425 semper
1245 363 1506 432 llinglorum
1526 361 1770 422 imperium
1794 377 1927 409 recu-

147 442 331 490 saverat,
359 449 465 480 cum
487 432 666 487 amicis,
705 434 757 482 ὃς
779 428 1052 495 propinquis
1071 430 1096 476 e
1117 425 1323 475 latibulis
1346 425 1432 472 suis
1452 425 1667 488 prodiens
1692 427 1748 472 ad
1771 429 1924 474 Stuar-

146 517 244 550 tum
265 499 409 547 venit.
472 499 592 545 Item
614 498 808 543 Ioannes
825 492 1083 541 Randolfus
1106 491 1330 539 Moraviae
1353 492 1522 538 Comes
1537 490 1564 537 ὲ
1586 489 1756 535 Galliis
1778 507 1928 538 rever-

127 567 212 619 ¹sus
236 565 360 627 spem
384 574 681 610 externorum
705 559 980 606 auxiliorum
1003 556 1172 605 attulit.
1206 555 1357 620 Igitur
1379 555 1543 605 animis
1567 554 1626 601 ad
1648 554 1820 615 majora
1841 555 1928 601 sus-

141 629 357 693 cipienda
378 627 537 676 erectis
558 625 761 673 exercitu
784 622 1013 676 confecto,
1041 637 1092 667 ac
1110 621 1301 682 juvante
1318 633 1507 667 conatus
1531 635 1691 666 eorum
1714 618 1927 666 Gotofri-

142 694 205 742 do
228 694 380 741 Roffio
404 690 622 756 praefeEio
651 686 855 749 juridico
880 688 952 748 (2)
980 685 1168 732 Aerenfi
1191 683 1318 732 brevi
1354 696 1499 732 totam
1524 683 1774 737 CariEtam‚
1816 683 1928 729 Coi„

141 760 254 814 lam,
280 762 328 809 &
353 754 684 820 Cunigamiam
710 752 759 799 in
781 751 879 800 suas
902 761 1053 814 partes
1071 760 1320 796 traxerunt.
1388 747 1644 796 Renfroani
1664 762 1850 812 quoque
1874 749 1931 795 ad.

142 825 351 871 Stuartos
370 834 544 870 veteres
566 817 780 867 dominos
802 817 1001 863 libenter
1023 815 1315 861 accesserunt.
1382 815 1558 861 Eorum
1580 812 1848 875 exemplum
1867 813 1932 858 seo

141 889 240 937 cuti
266 891 336 952 (3)
366 887 566 935 Andreae
589 881 794 932 Moravii
816 881 1008 929 clientes
1034 879 1243 942 reliquos
1285 878 1558 926 Glottianos
1581 877 1750 942 partim
1772 877 1933 923 volen-

144 965 230 1007 tes,
254 952 423 1016 partim
443 949 612 999 invitos
636 949 694 995 ad
717 946 895 994 causam
922 945 1277 1008 conjunxerunt.
1347 944 1424 991 Ab
1442 943 1514 990 his
1537 956 1631 1004 tam
1652 940 1770 989 laetis
1787 940 1932 990 initiis

144 1021 278 1066 auita
299 1015 483 1070 fiducia,
509 1027 559 1062 ut
577 1016 711 1062 status
731 1010 910 1076 publici
931 1011 1038 1058 effet
1053 1010 1210 1073 aliqua
1229 1009 1387 1072 imago
1406 1008 1611 1056 colleffls
1632 1007 1811 1054 suarum
1830 1022 1933 1069 par-

145 1083 264 1130 tium
287 1080 575 1144 principibus
601 1081 820 1141 Proreges
843 1088 998 1123 creant
1020 1074 1278 1122 Robertum
1303 1075 1536 1121 Stuartum
1572 1073 1650 1120 etfi
1675 1070 1934 1119 adolescen-

144 1161 257 1201 tem,
283 1159 435 1193 tamen
458 1144 539 1207 qui
562 1141 880 1206 expeditiones
902 1141 982 1186 has
1001 1138 1194 1187 leviores
1213 1137 1358 1186 animi
1378 1138 1444 1184 sui
1467 1138 1645 1185 obfides
1663 1153 1772 1201 erga
1790 1138 1933 1198 patri-

144 1229 221 1259 am
251 1209 441 1258 dediffet
465 1226 477 1255 :
513 1213 554 1255 δι
578 1210 799 1255 Ioannem
821 1203 1111 1252 Randolfum
1132 1215 1279 1267 patre,
1320 1218 1374 1248 ac
1396 1202 1533 1250 fratre
1556 1201 1664 1250 viris
1687 1200 1934 1251 clar'iffimis

145 1277 360 1341 dignum.
429 1275 474 1322 Is
489 1289 596 1321 cum
615 1271 716 1320 satis
733 1268 888 1318 valida
909 1285 1050 1316 manu
1067 1268 1125 1315 ad
1146 1267 1358 1332 regiones
1380 1266 1429 1314 in
1447 1267 1771 1331 septentriones
1789 1266 1935 1314 versas

146 1343 299 1388 missus
336 1337 714 1387 concurrentibus
744 1335 802 1383 ad
832 1349 938 1382 eum
977 1350 1093 1396 quos
1123 1332 1420 1380 immoderati
1454 1333 1717 1397 Anglorum
1751 1331 1937 1400 imperii

146 1405 388 1469 pertaesum
407 1416 520 1459 erat,
542 1401 773 1450 Davidem
799 1397 1076 1446 Cuminium
1098 1397 1247 1445 subita
1274 1396 1534 1445 animorum
1556 1395 1860 1446 inclinatione
1873 1394 1939 1442 il-

145 1473 193 1518 la
211 1469 499 1534 perterritum
520 1467 568 1515 in
593 1466 787 1514 Abriam
811 1464 948 1526 usque
968 1462 1267 1527 persequitur.
1324 1461 1399 1508 Ibi
1420 1462 1466 1509 in
1491 1461 1705 1527 angustiis
1728 1463 1938 1508 locorum

147 1533 497 1598 deprehensum,
524 1538 564 1580 &
588 1531 798 1579 omnium
821 1545 974 1577 rerum
997 1527 1208 1591 poenuria
1229 1525 1599 1574 circumventum
1640 1528 1697 1574 ad
1736 1525 1936 1572 deditio-

71 1600 73 1604 ”
149 1616 256 1647 nem
279 1599 505 1662 compulit
530 1616 542 1644 ε
581 1603 620 1644 &
655 1596 704 1643 in
726 1595 866 1643 verba
898 1592 1056 1642 Bruffii
1080 1595 1289 1640 coafitum
1305 1593 1458 1655 jurare
1481 1592 1653 1640 dimifit
1678 1609 1688 1637 :
1730 1591 1940 1654 adeoque

146 1663 565 1728 pollicitationibus
589 1661 687 1721 ejus
707 1661 845 1709 fidem
868 1659 1047 1713 habuit,
1091 1671 1142 1704 ut
1163 1657 1398 1705 discedens
1416 1656 1640 1704 vicarium
1660 1672 1766 1702 eum
1789 1672 1874 1717 pro
1898 1656 1941 1703 se

10 1734 44 1754 *⁴
81 1764 85 1768 ‚
147 1728 402 1793 reliquerit.
445 1729 550 1775 Nec
565 1726 644 1773 ine
663 1725 859 1789 segniter
882 1724 1213 1771 Brussianarum
1232 1721 1431 1786 partium
1453 1722 1650 1768 studium
1674 1721 1936 1772 simulabat.

214 1795 346 1842 XXI.
378 1796 560 1840 Interea
590 1790 848 1839 Randolfus
871 1788 918 1836 in
941 1787 1220 1835 Lothianam
1240 1787 1439 1834 reversus
1463 1803 1569 1833 cum
1602 1798 1756 1834 vetere
1790 1784 1940 1831 amico

123 1866 126 1869 ‘
149 1857 394 1906 Gulielmo
416 1856 671 1921 Duglaffio‚
695 1854 778 1918 qui
799 1871 948 1917 nuper
975 1870 1032 1900 ex
1066 1852 1242 1916 Anglia
1262 1852 1460 1899 reversus
1483 1851 1739 1915 squalorem
1760 1848 1940 1897 diutur-

147 1940 260 1971 num
282 1923 471 1970 carceris
487 1920 667 1986 magnis
689 1919 885 1967 hostium
899 1919 1107 1966 cladibus
1132 1916 1447 1971 ulciscebatur,
1473 1916 1514 1963 se
1537 1915 1792 1979 conjunxit.
1841 1916 1940 1961 An-

149 1989 281 2036 dreas
302 1987 560 2042 Moravius‚
586 1985 669 2049 qui
689 1986 748 2032 ad
770 1985 1060 2047 Rolburgum
1084 1994 1244 2045 captus
1266 1982 1415 2029 fuerat
1435 1981 1600 2029 itidem
1622 1981 1775 2029 rediit.
1843 1978 1940 2042 Igi-

107 2069 119 2073 *
140 2051 225 2100 'tur
242 2068 344 2099 cum
365 2052 536 2099 ducum
554 2051 738 2099 abunde
755 2050 878 2103 effet,
898 2051 1118 2111 Proreges
1135 2060 1415 2094 conventum
1435 2046 1703 2094 indixerunt
1723 2043 1944 2092 Perthum

151 2117 201 2166 in
221 2117 449 2164 Calendas
470 2114 646 2179 Aprilis
669 2116 761 2179 (4).
781 2171 788 2174 ,
827 2116 898 2161 Eo
920 2129 1026 2160 cum
1045 2114 1259 2175 frequens
1278 2111 1493 2159 nobilitas
1511 2111 1804 2165 convenisset,
1827 2109 1946 2156 nihil

153 2194 308 2228 tamen
347 2180 512 2228 confici
544 2179 716 2243 potuit,
752 2191 940 2242 propter
972 2178 1248 2224 simultatem
1295 2176 1519 2234 nobilem,
1556 2194 1660 2241 quae
1693 2191 1789 2225 erat
1823 2174 1943 2221 inter

154 2246 449 2293 Gulielmum
469 2244 775 2308 Duglaflium‚
799 2248 841 2289 δι
863 2242 1095 2290 Davidem
1119 2242 1408 2290 Cuminium.
1461 2243 1607 2290 Causa
1626 2239 1946 2305 praetendeba-

152 2321 244 2367 tur,
268 2310 394 2373 quod
421 2309 630 2356 Cuminii
651 2325 791 2372 opera
810 2308 1069 2371 Duglassius
1094 2306 1266 2354 fanum
1288 2321 1514 2371 argueret,
1539 2308 1670 2371 quod
1691 2309 1862 2356 tardius
1886 2304 1945 2350 ab

153 2377 323 2439 Anglis
345 2376 451 2422 effet
473 2373 691 2421 dimissus.
724 2373 946 2420 Cuminio
967 2373 1153 2419 favebat
1172 2374 1377 2419 Stuartus
1404 2391 1414 2419 :
1437 2369 1677 2435 Duglaffio
1699 2371 1854 2421 caeteri
1876 2370 1944 2418 fe·

151 2456 201 2486 re
224 2455 400 2487 omnes.
463 2438 710 2486 Cuminius
729 2454 836 2485 vero
855 2437 982 2501 quod
999 2437 1260 2484 comitatior
1276 2438 1334 2483 ad
1352 2451 1631 2485 conventum
1649 2439 1853 2493 venisset,
1869 2453 1944 2486 eas

152 2504 419 2552 inimicitias
438 2504 707 2551 causabatur
731 2521 742 2549 :
767 2502 1018 2550 adduxerat
1037 2502 1161 2548 enim
1185 2515 1363 2549 tantum
1390 2501 1661 2559 amicorum,
1685 2506 1736 2554 ὃς
1763 2502 1946 2551 clienti.-

156 2585 234 2616 um
257 2585 518 2624 numerum,
544 2581 593 2617 ut
615 2566 788 2615 caeteris
805 2567 1019 2614 omnibus
1042 2567 1362 2614 formidolosus
1385 2568 1491 2614 effer
1515 2588 1524 2614 τ
1550 2568 1749 2632 augebat
1768 2569 1947 2632 suspiti-

151 2650 262 2681 ones
282 2634 520 2698 ingenium
539 2634 634 2694 ejus
659 2633 851 2687 varium,
872 2637 912 2678 &
931 2633 1156 2692 mutabile
1177 2650 1187 2679 ε
1208 2632 1387 2678 animus
1410 2634 1571 2688 vastus,
1594 2641 1633 2680 δι
1659 2634 1773 2681 certi
1786 2651 1920 2682 rumo
1936 2663 1946 2671 ·

151 2715 221 2745 res
243 2700 301 2746 de
334 2699 533 2746 adventu
556 2698 837 2760 Anglorum‚
869 2713 976 2743 curn
996 2697 1163 2759 quibus
1188 2713 1322 2743 nemo
1347 2696 1439 2744 fere
1475 2697 1735 2753 dubitabat,
1766 2700 1881 2763 quin
1898 2701 1954 2748 se„

152 2763 368 2811 Atholius
391 2764 709 2826 conjungeret.
777 2763 883 2808 Nec
904 2762 1052 2808 multo
1073 2763 1168 2823 post
1191 2762 1372 2824 Anglus
1397 2762 1644 2809 Balliolum
1673 2763 1824 2812 secum
1855 2765 1941 2813 du-

149 2842 256 2875 cens
285 2827 464 2893 magnis
488 2827 633 2892 copiis
664 2838 783 2874 terra
812 2826 1017 2890 marique
1047 2827 1249 2878 Scotiam
1277 2827 1441 2875 invasit
1481 2846 1492 2875 ;
1529 2827 1668 2875 classis
1689 2842 1876 2880 centum
1900 2837 1942 2877 δε

205 2971 266 3021 (1)
282 2973 439 3013 Brother
448 2984 486 3014 to
500 2976 657 3024 Rob‘ert,
672 2977 742 3014 and
756 2975 1014 3013 toAlexander
1067 2975 1202 3024 quhair
1220 2990 1317 3013 were
1336 2976 1475 3014 sheriffs
1494 2977 1539 3014 cf
1553 2977 1747 3018 Dumfries
1777 2981 1823 3019 of
1838 2985 1898 3021 old
1927 2994 1939 3027 3
1956 3020 1957 3023 ,

151 3024 241 3062 {lain
260 3036 296 3063 at
309 3027 585 3067 Halidon-hill.
1067 3030 1195 3068 which
1215 3032 1324 3067 estate
1344 3033 1413 3066 and
1433 3031 1537 3068 office
1559 3032 1626 3069 fell
1646 3041 1684 3071 to
1708 3035 1772 3075 the
1793 3037 1930 3074 Crich-

207 3080 266 3128 (2)
288 3080 426 3118 Others
441 3085 562 3120 would
574 3083 669 3121 have
687 3083 718 3120 it
735 3083 1011 3131 Dumfrifienfi3
1069 3093 1152 3121 tons
1173 3085 1214 3120 in
1245 3084 1310 3120 the
1336 3086 1421 3132 days
1439 3085 1483 3121 of
1508 3084 1602 3133 king
1618 3086 1746 3138 James
1777 3090 1842 3128 the
1875 3093 1938 3136 zd,

154 3131 317 3178 because,
351 3133 409 3182 say
424 3135 526 3185 they,
559 3137 624 3173 the
644 3136 843 3185 ffieriffssxip
861 3137 905 3174 of
919 3137 1013 3174 Aire
1069 3138 1115 3187 by
1152 3137 1334 3185 marriage
1370 3138 1414 3175 of
1446 3139 1509 3175 the
1543 3139 1646 3176 elder
1680 3143 1861 3190 daughter
1899 3153 1937 3183 to

151 3198 262 3233 many
298 3199 398 3234 years
428 3188 552 3226 before
570 3189 648 3227 this
675 3191 853 3237 belonged
882 3199 921 3226 to
946 3190 1012 3226 the
1071 3213 1091 3219 —
1299 3190 1497 3238 Crichton‚
1525 3194 1573 3229 2d
1606 3193 1668 3231 son
1699 3203 1738 3232 to
1759 3196 1933 3233 william

151 3239 366 3299 Crawfords
396 3240 439 3276 of
452 3242 630 3280 Lowdon.
687 3245 733 3280 In
764 3244 829 3279 the
860 3246 944 3292 days
973 3243 1018 3280 of
1068 3242 1147 3282 loffd
1179 3245 1378 3289 Crichnm,
1416 3245 1632 3284 chancellor
1646 3248 1704 3284 ¹of
1728 3249 1902 3287 scotland
1922 3263 1935 3297 3

150 3291 246 3340 king
265 3293 408 3329 Robert
427 3294 558 3341 Bruce,
575 3296 620 3332 fir
637 3296 782 3344 Dpnald
796 3297 1010 3346 Campbell‚
1068 3297 1194 3334 which
1213 3299 1318 3334 office
1338 3298 1400 3334 the
1430 3300 1508 3344 lord
1527 3300 1738 3349 Sanquhair
1757 3304 1827 3339 :ind
1856 3304 1932 3340 ear!

153 3344 302 3382 brother
320 3355 357 3382 to
375 3346 439 3382 t'ne
459 3347 599 3394 knight
617 3348 661 3385 of
676 3349 854 3396 Lochow,
875 3351 1010 3387 marri·
1065 3352 1110 3388 of
1126 3351 1318 3387 Dumfries
1331 3351 1511 3388 demittet!
1529 3353 1568 3389 in
1587 3354 1651 3390 the
1667 3350 1915 3404 last'century.

152 3399 195 3433 ed
212 3398 276 3435 the
294 3399 458 3436 heretrlx
472 3402 516 3437 of
527 3403 708 3447 Lowdon,
725 3405 795 3440 and
811 3404 1012 3440 continued
1122 3405 1182 3454 (3)
1214 3406 1310 3441 Lord
1330 3405 1533 3442 Bothwell.
1577 3408 1644 3444 See
1665 3407 1728 3445 the
1761 3415 1865 3446 notes
1885 3422 1936 3447 on

156 3450 293 3497 sheriff,
315 3453 362 3489 he
381 3456 451 3490 and
468 3454 525 3491 his-
541 3453 639 3491 heirs
657 3463 696 3491 to
708 3455 792 3492 that
804 3454 883 3494 l‘ord
900 3458 1011 3494 Low-
1068 3450 1152 3506 capJ
1168 3459 1204 3495 8.
1222 3461 1292 3495 and
1316 3459 1383 3501 lib.
1407 3459 1443 3496 8.
1464 3472 1529 3508 cup
1549 3470 1613 3497 20.

153 3505 238 3550 don,
258 3505 345 3542 who
362 3507 544 3544 demitted
564 3507 628 3544 the
649 3506 746 3544 same
763 3508 872 3546 office
890 3511 928 3546 in
948 3510 1012 3547 the
1124 3511 1185 3560 (4)
1214 3523 1227 3548 1
1246 3526 1263 3563 3
1280 3525 1298 3562 3
1314 3524 1347 3563 5.

153 3556 219 3594 last
244 3568 408 3609 century.
466 3561 564 3601 Now
591 3562 656 3599 the
686 3560 814 3599 Roffes
843 3563 888 3602 of
919 3565 1011 3601 San-
