2010 3851
28 2234 33 2240 .
70 2211 239 2257 paucos
259 2198 634 2246 animadversum.

38 2432 50 2441 '¹
77 2443 134 2471 ter
152 2435 241 2472 this.

256 173 545 237 Lmen
638 167 1569 232 DECIMUSSEVPTIMUS.
1663 184 1792 250 509

34 266 217 334 ignovit
238 264 565 314 adolescentiae.
600 263 832 326 Georgius
854 274 963 308 natu
981 259 1206 308 maximus
1228 258 1471 322 desperatis
1493 258 1622 305 domi
1642 256 1808 320 rebus,-

34 335 95 380 ad
127 331 321 378 socerum
348 332 419 391 (i)
444 329 664 375 Iacobum
687 327 1028 374 Hamiltonium
1053 326 1093 371 se
1114 324 1289 386 recepit
1314 342 1325 370 :
1378 334 1430 369 ut
1448 323 1522 369 vel
1545 324 1666 384 apud
1688 342 1796 375 eum

37 397 162 458 fugae
185 394 444 447 latibulum,
476 393 549 438 vel
584 394 677 452 ejus
701 393 913 454 precibus
934 391 1113 436 veniam
1136 391 1284 452 culpae
1304 386 1584 449 impetraret.
1653 390 1799 440 Multi
1870 435 1872 438 ,

11 485 14 488 ·
38 477 65 508 e
89 458 430 505 Gordoniorum
454 455 715 511 clientibus,
738 470 874 519 prout
902 454 1092 517 quisque
1114 451 1348 516 deliquiffe
1369 451 1486 498 visus
1507 452 1585 505 est,
1614 453 1693 499 alii
1720 473 1801 517 pe-

34 523 191 577 cunia,
215 522 290 567 alii
311 521 450 567 exilio
474 521 653 566 multati
677 539 689 567 :
712 520 940 566 vnonnulli
958 519 1004 565 in
1020 517 1297 581 longinquas
1315 515 1446 580 regni
1469 528 1634 578 parteS,
1660 535 1716 565 ne
1735 537 1804 568 res

42 586 169 633 domi
191 588 426 632 turbarent
447 584 639 647 relegati
664 601 678 630 τ
723 585 889 646 quibus
916 583 1195 645 potentiores
1219 582 1508 643 contigerant
1539 582 1808 643 deprecato-

36 668 133 706 res,
158 649 318 696 scelere
337 649 486 702 soluti,
512 649 632 695 acin
658 649 895 711 pristinum
915 649 1073 710 gratiae
1091 648 1245 693 locum
1264 645 1482 693 restituti:
1507 645 1667 702 ita—vel
1684 663 1814 694 com-

42 714 215 778 positis,
238 715 311 759 vel
342 713 496 776 sopitis
530 714 588 760 ad
611 712 934 776 septentriones
958 713 1108 767 rebus,
1133 711 1309 775 reliqua
1329 710 1474 758 hiems
1496 727 1579 773 per
1606 713 1813 773 quietem

39 778 257 826 transaua
278 778 353 824 est.

110 843 262 899 XLII.
298 843 371 888 Ad
399 860 442 907 5.
469 843 695 888 Calendas
718 840 990 888 Decembris
1009 839 1277 887 Bothuelius
1295 857 1378 902 per
1397 838 1627 887 foecialem
1646 840 1693 888 in
1717 842 1816 888 cus·

48 906 239 960 todia-m,
282 907 419 954 und-e.
441 920 534 952 erat
572 907 762 970 elapsuS‚
803 907 950 952 redire
983 905 1122 966 jussus
1161 922 1214 951 cu
1226 922 1265 950 tn
1298 922 1387 951 non
1411 904 1640 967 paruisset,
1679 906 1817 953 hostia

44 969 254 1033 publicus
279 974 337 1017 est
359 972 673 1018 denunciatus.
711 973 785 1017 Ad
811 971 1037 1034 Reginam
1062 969 1327 1015 Abredonia
1356 970 1574 1017 Perthum
1596 970 1819 1019 reversam,

47 1035 174 1081 venit
207 1037 399 1081 Iacobus
433 1037 750 1082 Humiltonius
782 1053 863 1099 pro
887 1034 1097 1098 Georgio
1136 1033 1381 1094 Gordonio
1402 1050 1576 1096 genero
1602 1038 1821 1097 depreca-

27 1128 29 1132 .
52 1111 148 1146 tum
175 1118 184 1145 :
237 1117 288 1146 ac
321 1100 420 1145 satis
445 1102 661 1147 elementi
683 1101 889 1163 responso
912 1112 1116 1161 accepto,
1143 1104 1295 1145 tamen
1318 1115 1537 1161 generum
1560 1101 1821 1148 tradere-est

50 1166 251 1213 coae'tus.

318 1165 362 1210 Is·
383 1166 754 1212 acl-Durnbarum
778 1183 824 1211 in
844 1164 1089 1211 custodiam
1112 1164 1172 1209 est
1196 1162 1395 1210 remissus
1420 1180 1432 1209 ε
1470 1179 1522 1209 ac
1544 1164 1716 1211 dein-sle
1739 1183 1823 1212 an-

20 1283 25 1286 ,
54 1244 114 1274 no
139 1228 364 1289 proximo,
389 1230 470 1291 qui
492 1230 580 1276 fuit
608 1248 621 1277 1
642 1249 664 1295 5
683 1232 709 1277 6
726 1247 769 1291 3,
811 1230 867 1274 ad
889 1247 914 1292 7
941 1229 1168 1276 Calendas
1198 1227 1431 1274 Februarii
1453 1226 1561 1274 inde
1584 1230 1823 1278 accersitus

55 1293 392 1355 Edimburgum
415 1295 740 1355 perduellionis
763 1294 1021 1348 damnatur,
1043 1309 1093 1338 ae
1111 1293 1400 1339 Dumbarum
1420 1292 1682 1340 remittitur.
1714 1295 1824 1342 Hoc

53 1357 253 1404 maxime
280 1373 486 1420 tempore
515 1359 665 1405 edie‘io
701 1361 844 1406 multa
880 1357 1141 1421 pecuniaria
1175 1357 1376 1420 irrogata
1408 1356 1514 1414 fuit,
1554 1360 1586 1405 fi
1621 1358 1724 1423 quis
1749 1362 1824 1422 (2)

38 1424 452 1484 -wquudragefimalis
471 1424 634 1485 jejunii
649 1438 857 1489 tempore
871 1424 1079 1470 carnibus
1100 1421 1351 1469 vesceretur
1370 1442 1381 1470 ε
1417 1423 1466 1469 in
1485 1439 1578 1485 quo
1600 1423 1826 1472 edicendo

32 1514 35 1520 -
58 1500 149 1532 non
176 1487 427 1549 religionis,
445 1489 514 1535 sed
532 1490 728 1550 publieae
751 1489 956 1538 utilitatis
974 1486 1103 1533 causa
1119 1487 1279 1534 valuit.

1350 1489 1421 1551 (3)
1442 1488 1827 1551 Archiepiscopus

56 1551 537 1616 i·'aniA1]dreae.quod
563 1555 657 1616 post
680 1555 877 1600 edistum
898 1551 946 1598 in
966 1553 1163 1598 adventu
1180 1551 1374 1617 Reginae
1393 1553 1562 1599 fastum
1587 1569 1670 1599 nec
1693 1554 1828 1601 rniffis

60 1614 318 1669 audiendi3‚
337 1635 418 1662 nec
442 1619 647 1664 dicendis
665 1616 956 1672 abstinuisset,
989 1616 1038 1662 in
1057 1633 1205 1663 arcem
1237 1616 1434 1664 inclusus
1472 1617 1560 1663 fuit
1581 1618 1831 1665 Edimbur·

58 1677 122 1740 gi.
154 1680 320 1726 Caeteri
342 1681 538 1741 ejusdem
562 1682 765 1728 criminis
786 1681 852 1728 rei
874 1681 1035 1728 leviter
1052 1681 1252 1737 multati,
1275 1681 1484 1745 graviore
1501 1699 1640 1744 poena
1654 1683 1830 1732 denun-

64 1742 197 1798 ciata,
224 1745 252 1790 si
276 1747 425 1806 postea
442 1748 534 1807 ejus
558 1748 705 1809 culpae
728 1748 880 1795 affines
903 1747 1367 1810 deprehenderentur.
1400 1749 1495 1794 Iam
1517 1746 1830 1805 comitiorum,

51 1824 168 1869 ‚quae
190 1808 236 1854 in
264 1827 323 1857 20
345 1813 503 1857 mensis
531 1813 647 1858 Maii
669 1813 839 1858 inditia
860 1826 1005 1865 erant,
1041 1811 1139 1859 dies
1169 1813 1429 1859 advenerat.
1494 1810 1680 1875 Regina
1700 1829 1836 1860 coro-

52 1886 185 1927 nata,
226 1887 364 1936 atque
386 1875 653 1938 aznpliffima
681 1879 799 1924 veste
837 1881 1003 1925 amieta
1023 1893 1129 1923 eum
1152 1876 1331 1940 ingenti
1354 1893 1524 1939 pompa
1558 1878 1606 1924 in
1629 1877 1833 1926 senatum

66 1938 206 1984 venit.

279 1940 467 1987 Novum
492 1941 670 2003 prorsus
690 1942 1013 2003 speetaculum,
1037 1942 1119 1988 mfi
1140 1943 1220 1987 sub
1242 1941 1337 2002 ejus
1362 1954 1524 1996 matre,
1562 1947 1602 1988 &
1640 1945 1711 2006 (4)
1733 1944 1837 1992 avia.

67 2003 190 2048 oculi
212 2003 456 2066 hominurn
477 2007 532 2051 ad
551 2007 838 2053 tolerandum
860 2008 1105 2070 imperium
1141 2007 1366 2053 muliebre
1388 2006 1568 2057 fuiffent
1588 2007 1836 2056 affuefac‘ti.

26 2128 32 2133 .
70 2065 122 2112 In
147 2084 201 2112 eo
224 2081 451 2116 conventu
474 2072 686 2131 quaedam
709 2073 890 2119 decreta
912 2074 1096 2119 fuerunt
1132 2072 1182 2118 in
1203 2088 1362 2118 eorum
1384 2071 1606 2126 favorem,
1647 2072 1730 2135 qui
1750 2090 1838 2136 pu-

70 2147 236 2181 riorem
261 2134 558 2198 Evangelzcae,
572 2136 687 2198 legis
723 2138 974 2184 dostrinam
998 2137 1360 2199 profitebantur:
1414 2152 1466 2182 ac
1488 2136 1536 2183 in
1561 2137 1838 2185 monetarios

67 2260 213 2307 tholia
233 2261 433 2311 indulsit.

76 2380 142 2417 the
158 2380 247 2418 civil
260 2383 424 2421 troubles
439 2384 564 2423 which
581 2385 713 2422 ensued
729 2386 863 2435 shortly
877 2386 934 2423 af-

104 2487 123 2524 f
300 2437 359 2473 Of
370 2437 454 2475 him
484 2440 599 2476 much
618 2441 649 2476 is
669 2439 806 2489 spoken
825 2441 935 2477 here-

48 2506 51 2509 ·
78 2500 100 2524 3
120 2497 187 2525 ter.

136 2542 199 2592 (1)
226 2543 353 2595 James
371 2545 472 2584 duke
490 2547 534 2584 of
546 2546 848 2594 Chatelberault,
862 2548 937 2585 late

62 2646 63 2649 Ἴ
82 2598 272 2643 governor.
330 2599 418 2637 The
434 2602 584 2638 ,author
600 2601 799 2651 ordinarily
827 2600 934 2638 useth

40 2652 41 2658 ¹
83 2656 123 2684 to
139 2650 287 2699 express*
312 2654 512 2690 noblernen
533 2654 576 2703 by
606 2655 706 2692 their
735 2668 846 2691 name
865 2657 935 2691 and

35 2862 56 2901 i}

49 2740 58 2747 „
71 2701 240 2740 issi-name
256 2706 359 2754 only,
393 2707 556 2745 without
580 2707 681 2745 their
698 2708 778 2745 stile
797 2710 866 2745 and
885 2709 935 2745 ti-

46 2755 71 2832 ζ
82 2755 153 2846 ξε,
163 2756 361 2846 1especially
376 2759 477 2798 these
494 2762 577 2800 that
589 2775 649 2799 are
667 2761 774 2799 chief
780 2763 825 2799 of
837 2761 938 2800 their

59 2843 64 2850 ,
114 2821 160 2846 ou
178 2818 229 2850 es.

139 2861 206 2914 (2)
234 2866 280 2904 In
296 2866 378 2904 lent
394 2868 503 2907 time.

34 2933 111 3008 miv
141 2916 184 2968 (3
195 2935 207 2967 y
233 2920 339 2982 john
352 2923 555 2962 Hamilton
571 2921 722 2963 brother
739 2932 779 2963 to
795 2921 861 2962 the
875 2937 940 2973 go-

45 3003 49 3014 ,
113 2983 230 3011 ernor.

34 3028 77 3078 ζμ
135 3023 209 3074 (4)
238 3027 368 3078 Qeen
387 3029 591 3080 Margaret,
620 3034 755 3071 widow
783 3032 829 3070 of
848 3031 944 3081 king

35 3078 73 3134 νζ(
93 3077 218 3129 James
236 3086 320 3128 4tb‚
354 3083 440 3120 who
462 3086 504 3133 by
529 3086 598 3122 her
613 3086 810 3124 husband's
834 3089 943 3123 testa-

40 3138 65 3157 '''''‘
81 3139 200 3173 'ment
215 3148 289 3172 was
305 3136 375 3174 left
393 3138 580 3184 governess
598 3139 710 3177 ofthe
728 3141 843 3177 realm
857 3142 945 3178 dur-⁴

35 3183 73 3218 Ἃ]
96 3179 161 3234 ing
177 3185 244 3224 her
262 3189 493 3228 widowhood
510 3206 519 3228 ε
542 3192 597 3228 see
613 3193 681 3230 lib.
701 3205 762 3244 13.
778 3207 856 3248 cap.
876 3206 944 3244 43.

150 3240 210 3291 (5l
239 3242 334 3280 Gul.
355 3244 543 3282 Barclaius
570 3247 614 3282 de
644 3259 756 3294 regno
779 3251 815 3285 a:
833 3248 948 3296 regali

69 3300 71 3305 “
97 3293 285 3340 potestate.
323 3300 368 3333 Τ(
383 3301 499 3334 Arno
529 3300 791 3348 redemptionis
816 3304 948 3338 nostrae

60 3371 63 3375 -
102 3345 199 3405 15⁴63
221 3349 356 3387 Comes
377 3351 562 3398 Atholiae,
591 3365 635 3389 ex
656 3354 757 3400 regio
775 3349 948 3402 sanguine

23 3439 31 3442 =
52 3410 84 3452 ⁴⁴5¹
99 3408 279 3454 princeps,
309 3407 546 3442 venationem
563 3405 707 3454 ingenti
718 3412 894 3457 apparatu
913 3411 949 3445 δε

67 3455 86 3490 ’;
103 3455 247 3499 magnis
258 3456 476 3507 sumptibus,
489 3458 770 3508 optimae,atque
781 3461 951 3499 illustris·

71 3522 84 3542 ·.
103 3502 203 3543 fimae
214 3511 351 3558 reginae
363 3513 500 3550 Scotiae
513 3511 698 3556 exhibuit,
711 3513 772 3551 cui
785 3527 851 3562 ego
862 3523 952 3552 tunc

84 3576 94 3624 ’ν
104 3559 304 3606 adolescens
320 3565 475 3606 interfui
496 3581 507 3605 ε
537 3565 763 3618 (cujusmodi
785 3568 952 3609 venatio-

706 2203 777 2266 (5)
798 2203 1049 2266 Reliquum
1068 2202 1226 2249 aestatis
1247 2200 1432 2265 Regina
1456 2200 1687 2249 venationi
1701 2201 1749 2249 in
1771 2204 1840 2249 A-

988 2400 1077 2424 nem
1105 2386 1245 2436 regiam
1278 2388 1454 2424 nostrates
1485 2388 1669 2437 appellare
1703 2388 1842 2440 solent)

988 2440 1148 2479 habebat
1167 2450 1292 2478 autem
1310 2442 1446 2478 Comes
1464 2443 1507 2478 ad
1525 2443 1598 2478 duo
1609 2441 1733 2479 m‘illia
1752 2443 1844 2480 Sco-

989 2503 1114 2532 torum
1132 2503 1410 2541 montanorum,
1441 2508 1530 2543 quos
1550 2508 1611 2532 vos
1629 2495 1691 2532 hic
1717 2497 1845 2534 Scotos

990 2547 1174 2597 sylvestres
1191 2548 1397 2598 appellans,
1415 2548 1548 2597 quibus
1567 2548 1760 2596 negotium
1778 2551 1845 2586 de-

987 2602 1043 2639 dit
1062 2611 1102 2639 ut
1120 2615 1243 2640 cervos
1261 2611 1449 2649 cogerent,
1461 2614 1505 2639 ex
1523 2602 1630 2651 sylvis
1648 2606 1685 2640 8c
1701 2603 1846 2641 monti-

989 2655 1056 2692 bus
1074 2655 1262 2702 Atholiae,
1280 2655 1527 2701 Badenachae,
1549 2656 1720 2702 Marriae,
1748 2656 1842 2693 Mo-

989 2709 1116 2755 raviae,
1134 2708 1287 2758 aliisque
1298 2709 1431 2746 vicinis
1466 2708 1677 2757 regionibus
1698 2723 1707 2746 ε
1738 2718 1848 2760 atque

989 2765 1035 2799 ad
1066 2765 1192 2801 locum
1211 2772 1361 2811 agerent
1388 2763 1581 2800 venationi
1609 2762 1847 2802 destinatum.

994 2817 1060 2854 Illi
1077 2814 1179 2862 vero,
1198 2826 1240 2853 ut
1258 2817 1343 2853 sunt
1359 2817 1464 2854 valde
1487 2816 1653 2866 pernices
1683 2819 1719 2854 δε
1736 2831 1850 2868 expe-

994 2871 1079 2917 diti,
1108 2871 1162 2908 ita
1190 2870 1267 2907 dies
1283 2870 1478 2919 noctesque
1505 2869 1780 2917 concursurum,
1811 2878 1855 2910 ut

994 2923 1092 2961 intra
1113 2924 1283 2961 bimenfis
1298 2932 1448 2973 tempus
1463 2924 1626 2974 amplius
1648 2936 1752 2962 2000
1771 2938 1852 2962 cer-

994 2991 1126 3015 vorum
1144 2990 1230 3015 cum
1248 2978 1366 3016 damis
1383 2980 1419 3015 δε
1435 2978 1574 3027 capreis
1594 2976 1712 3015 unum
1732 2977 1772 3014 in
1796 2979 1856 3016 lo-

997 3044 1085 3069 cum
1103 3032 1352 3081 compulerint
1369 3045 1378 3068 t
1409 3044 1498 3080 quos
1509 3031 1660 3079 reginae,
1673 3031 1858 3081 principi-

999 3085 1136 3135 busque
1155 3085 1196 3122 in
1223 3085 1320 3122 valle
1339 3085 1626 3131 confidentibus,
1655 3087 1692 3121 ἅτ
1709 3085 1854 3123 caeteris

998 3140 1062 3188 qui
1079 3136 1152 3177 nna
1165 3140 1315 3176 aderant
1330 3138 1698 3185 omnibus,-visendos
1713 3151 1855 3176 venan-

999 3191 1133 3241 dosque
1151 3191 1427 3242 proposuerunt.
1482 3193 1553 3229 Sed
1571 3191 1638 3238 ita,
1657 3191 1756 3229 mihi
1774 3205 1855 3229 cre-

1001 3248 1209 3292 de‚>0mnes
1238 3245 1298 3282 illi
1318 3245 1431 3291 cervi,
1455 3246 1561 3282 velut
1582 3244 1731 3292 agmine
1749 3257 1858 3281 com-

1002 3299 1117 3349 posito
1134 3298 1353 3337 incedebant
1374 3298 1509 3348 (haeret
1526 3297 1645 3345 enirn,
1676 3297 1857 3335 haerebit-

1003 3366 1075 3403 que
1104 3352 1246 3403 semper
1276 3352 1314 3390 id
1338 3352 1465 3389 animo
1481 3346 1731 3401 spestaculum
1749 3352 1856 3400 meo)

1005 3416 1047 3444 ut
1059 3408 1192 3444 ducem
1204 3419 1323 3443 unum
1335 3408 1371 3443 δε
1383 3406 1566 3443 τεὲὶοῑεηι
1583 3417 1750 3441 cerneres
1761 3417 1858 3453 prae-

1003 3468 1172 3507 euntem,
1193 3472 1304 3509 quem
1322 3459 1390 3498 alii
1417 3456 1565 3510 quoquo
1576 3458 1649 3496 iret
1665 3456 1858 3506 subseque-

1005 3515 1169 3554 bantur:
1197 3514 1229 3551 is
1246 3521 1374 3551 autem

1058 3568 1200 3609 Cervus
1216 3575 1294 3608 erat
1310 3567 1433 3610 forma
1460 3562 1662 3620 praestanti,
1680 3566 1716 3600 &
1733 3561 1858 3602 corni-

1553 3669 1731 3719 XLIII.
1764 3667 1863 3720 Sub
