2091 3796
205 148 288 215 '14
497 135 869 218 *RERUM
961 112 1663 198 ScoTrcARUM

196 248 296 283 tum
318 230 464 281 millia
495 230 700 293 pass‘uum
731 229 789 275 ab
827 228 1030 276 aestuario
1061 229 1239 277 Glottae
1273 229 1330 277 ad
1363 230 1673 277 confluentem
1695 229 1894 287 Forthae,
1918 232 1974 284 St

196 298 382 348 Avenni
402 295 574 342 vallum
593 294 742 349 duxit,
763 294 889 356 cujus
913 294 1064 341 adhuc
1084 295 1300 358 plurima,
1317 297 1365 343 gc
1385 294 1623 357 perspicua
1643 309 1879 343 remanent
1899 295 1975 342 in-

196 364 333 411 dicia.
401 359 597 407 Accedit
614 359 669 405 ad
690 359 803 415 haec,
827 359 951 422 quod
972 358 1020 405 in
1042 358 1242 422 antiquis
1261 358 1590 414 monumentis,
1607 359 1827 420 nusquam
1846 377 1976 407 com-

197 429 400 491 perimus
441 426 512 488 (1)
550 425 773 472 summam
795 424 862 471 rei
882 423 1065 470 Piaicae
1091 425 1161 485 (2)
1186 440 1280 471 non
1303 423 1612 470 Cameloduni
1632 423 1778 480 fuifi'e,
1810 423 1885 472 sed
1909 427 1976 471 A-

199 489 428 539 brenethii
450 495 500 539 &
526 489 719 554 regiam,
760 493 808 538 &
831 488 1038 551 primatis
1063 488 1278 551 Episcopi
1308 488 1476 542 sedern,
1512 505 1617 550 quae
1639 489 1792 550 postea
1812 489 1870 536 ad
1892 491 1925 536 F
1929 507 1977 536 a·

199 574 311 604 num
330 556 530 604 Andreae
552 553 760 601 transsata
781 554 856 599 est.
928 553 1068 616 Qud
1095 555 1125 600 fi
1151 565 1395 617 quaeratur,
1432 553 1546 614 quid
1568 554 1804 599 Romanos
1825 553 1978 616 impu-

199 621 322 678 lerit,
348 632 398 668 ut
420 618 649 665 coloniam
669 617 782 665 illuc
803 618 1099 674 deducerent,
1125 622 1169 668 ὃς
1195 616 1431 681 quomodo
1453 634 1554 664 eam
1576 617 1622 664 in
1648 634 1758 682 agro
1780 630 1873 664 tam
1898 618 1981 664 ste-

201 687 294 743 rili,
316 691 362 736 &
387 698 485 732 tum
512 687 583 746 (ut
604 700 673 730 res
696 684 843 743 erant)
871 683 1071 738 filvestri,
1096 687 1144 732 &
1179 683 1372 739 inculto,
1396 687 1442 732 δι
1463 681 1657 731 hostium
1689 680 1983 730 ferociffimo-

201 769 305 799 rum
323 748 572 797 obnoxiam
587 747 868 811 quotidianis
883 747 1063 809 injuriis
1077 747 1288 801 aluei-int,
1305 747 1645 810 respondebunt
1664 747 1831 811 opinor
1855 751 1984 810 (nam

197 834 297 864 ¹non
320 815 458 862 video
481 813 595 879 quid
619 812 744 859 aliud
777 812 1048 875 respondere
1083 812 1265 875 poffint)
1291 812 1437 876 copiis
1469 812 1711 859 maritimis
1735 829 1834 859 eam
1858 812 1986 860 fuisse

204 882 508 935 sustentatam,
544 879 730 942 quando
752 876 937 924 adverso
968 879 1193 924 Carronte
1215 890 1313 923 tum
1335 893 1472 924 naves
1490 877 1547 923 ad
1573 877 1696 924 urbis
1719 876 1856 940 usque
1879 892 1986 939 por-

206 960 273 993 tas
298 946 528 1008 appellere
546 944 753 991 solerent.
822 943 876 988 Id
897 942 1119 1004 fiquidem
1141 956 1301 988 verum
1325 941 1429 996 fuit,
1455 942 1625 988 necefl'e
1647 943 1751 988 effet
1773 958 1905 1003 agros
1927 940 1987 987 ad

205 1025 430 1074 utranque
451 1009 597 1072 ripam
624 1007 802 1054 Forthae
815 1006 1018 1066 jacentes
1042 1019 1142 1052 tum
1163 1004 1547 1052 inundationibus
1571 1005 1749 1051 Oceani
1772 1006 1985 1060 obrutos,

207 1093 260 1122 ac
282 1076 472 1138 perinde
505 1071 671 1120 steriles
706 1071 852 1126 fuisse,
874 1085 990 1134 quos
1014 1083 1168 1117 tamen
1186 1071 1233 1116 in
1256 1068 1339 1116 illo
1362 1071 1506 1116 traditu
1528 1069 1643 1115 solos
1667 1069 1989 1116 frumentarios

209 1142 293 1188 esse
311 1140 570 1202 oportebat.
597 1138 685 1184 Illa
706 1152 850 1199 prope
868 1135 1099 1183 difficilior
1120 1134 1318 1182 occurrit
1335 1134 1540 1198 quaestio,
1565 1134 1692 1196 quod
1714 1150 1819 1180 cum
1842 1132 1989 1180 utrin-

209 1223 301 1269 que
321 1205 442 1251 circa
459 1205 492 1250 F
495 1203 675 1250 ortham
694 1202 796 1247 loca
812 1216 942 1265 aquae
961 1200 1147 1247 marinae
1167 1199 1446 1254 obtinerent,
1463 1215 1542 1245 cur
1563 1198 1660 1245 illic
1677 1198 1878 1245 Romani
1896 1213 1992 1248 non.

209 1271 363 1333 potius
397 1270 570 1316 vallum
610 1265 809 1321 finirent,
843 1282 982 1329 quam
1013 1266 1290 1329 supervacuo
1322 1265 1480 1312 labore
1511 1263 1698 1310 ulterius
1729 1279 1812 1326 per
1845 1264 1990 1310 multa

210 1335 357 1382 'millia
380 1335 580 1396 passuum
601 1332 906 1395 producerent
930 1334 947 1377 ?

278 1400 459 1447 XXIII.
492 1399 630 1444 Ultra
648 1395 966 1443 Sterlinensem
988 1411 1149 1459 agrum
1173 1395 1233 1441 est
1252 1394 1461 1450 Leviuia,
1496 1392 1522 1440 ὲ
1545 1393 1809 1441 Renfroana
1829 1391 1992 1456 praefe-

215 1467 341 1513 &ura
363 1464 545 1518 Glotta,
572 1462 598 1508 a
615 1465 684 1525 (3)
700 1460 961 1508 Glascuenfi
982 1460 1184 1507 Kelvino
1203 1476 1336 1506 amne
1361 1461 1431 1524 (4)
1453 1457 1611 1512 divisa,
1632 1458 1689 1505 ab
1711 1473 1822 1521 agro
1835 1457 1995 1506 Sterli-

213 1527 605 1582 nenfi'montibus,
626 1528 653 1574 ὲ
667 1528 711 1573 T
717 1525 865 1572 aichia
878 1527 910 1572 F
913 1527 1046 1572 ortha
1063 1524 1318 1571 dirimitur:
1336 1525 1522 1571 tandem
1538 1523 1587 1570 in
1603 1537 1806 1570 montem
1822 1522 1993 1569 Gram-

213 1596 343 1658 pium
367 1592 547 1647 definit,
571 1593 628 1639 ad
644 1592 771 1651 cujus
795 1590 966 1637 radices
984 1607 1066 1655 per
1086 1591 1253 1636 vallem
1276 1606 1431 1636 cavam
1454 1587 1693 1636 Lominius
1711 1588 1836 1634 lacus
1855 1586 1896 1634 se
1915 1603 1997 1633 ex-

216 1660 378 1725 plicat,
403 1656 572 1720 viginti
593 1669 792 1720 quatuor
824 1655 971 1702 millia
993 1655 1198 1720 paffuum
1221 1656 1406 1718 longus,
1430 1656 1534 1701 osto
1556 1653 1695 1700 latus.
1761 1654 1908 1714 Supra
1924 1651 2005 1698 vi-⁴

216 1724 340 1789 ginti
377 1736 573 1786 quatuor
603 1721 767 1768 insulas
806 1720 1142 1784 complectitur.
1211 1721 1380 1766 Praeter
1416 1717 1762 1768 multitudinem
1801 1717 1996 1764 aliorum

217 1789 408 1857 piscium
434 1789 572 1835 habet
593 1793 633 1834 δι
653 1786 716 1833 sui
739 1785 918 1849 generis
941 1787 1015 1832 esu
1039 1801 1131 1832 non
1152 1784 1357 1831 insuaves
1385 1804 1395 1831 :
1420 1784 1625 1831 Pollacas
1648 1794 1828 1829 vocant.
1865 1782 1996 1828 Tan·
2045 1839 2051 1845 -

220 1857 324 1901 dem
348 1869 591 1916 erumpens
616 1851 856 1898 meridiem
879 1850 1026 1897 versus
1051 1851 1276 1897 Levinum
1298 1866 1499 1904 amnem,
1522 1849 1604 1911 qui
1626 1847 1806 1910 regioni
1830 1862 1998 1893 nomen

221 1919 367 1975 dedit,
391 1916 588 1965 effundit
615 1937 626 1963 2
672 1915 751 1980 qui
774 1932 917 1978 prope
952 1915 1348 1963 Britannodunum
1372 1930 1539 1968 arcem,
1566 1919 1606 1959 &
1628 1915 1789 1959 eodem
1813 1911 2000 1957 nomine

220 1982 448 2048 oppidum
468 1982 516 2029 in
538 1982 749 2029 Glottam
764 1979 1039 2044 ingreditur.
1092 1978 1294 2027 Leviniae
1316 1995 1492 2042 partem
1510 1989 1764 2024 extremam
1783 1974 2001 2038 Grampii

221 2047 393 2096 montis
419 2046 570 2094 ultimi
608 2047 749 2093 colles
771 2046 1007 2100 attollunt,
1034 2045 1129 2091 finu
1169 2042 1304 2091 maris
1339 2044 1527 2107 exiguo,
1550 2059 1689 2106 quem
1713 2040 2008 2092 Gerlochum,

222 2132 251 2160 a
272 2112 492 2165 brevitate
516 2112 765 2175 appellant,
791 2110 1002 2157 intercifi.
1071 2110 1209 2157 Ultra
1230 2110 1352 2155 hunc
1378 2109 1439 2155 est
1477 2108 1595 2154 finus
1618 2107 1765 2153 multo
1786 2103 2002 2168 amplior,

223 2195 363 2243 quem
382 2179 597 2240 Longum
622 2188 803 2230 vocant,
829 2191 854 2220 a
871 2176 1038 2239 Longo
1055 2174 1135 2238 qui
1156 2174 1204 2220 in
1228 2189 1334 2220 eum
1356 2172 1480 2219 cadit
1501 2171 1657 2218 fluvio.
1727 2171 1770 2217 Is
1792 2169 1923 2218 limes
1942 2169 2004 2215 est

222 2244 346 2292 inter
379 2242 637 2295 Leviniam,
675 2246 721 2291 ὅ(
760 2239 1018 2287 Covaliam.
1088 2238 1188 2302 Ipsa
1231 2237 1443 2294 Covalia‚
1469 2235 1756 2301 Argathelia,
1801 2234 1875 2281 seu
1917 2250 2003 2296 po-
2073 2238 2078 2245 “

225 2308 316 2356 tius
354 2307 614 2370 Ergahelia‚
658 2309 705 2354 ὃς
739 2304 997 2368 Cnapdalia
1043 2303 1202 2351 multis
1251 2303 1420 2351 finibus
1463 2300 1660 2366 angustis
1699 2316 1756 2346 ex
1801 2298 2005 2346 aestuario

229 2365 408 2420 Glottae
429 2371 608 2426 infusis,
647 2371 696 2417 in
720 2371 888 2417 multas
910 2382 1059 2433 partes
1081 2367 1379 2415 dirimuntur.
1447 2366 1582 2413 Unus
1604 2365 1726 2412 inter
1747 2377 1912 2411 caetera
1931 2362 2004 2410 in-

219 2438 369 2502 fignis
401 2439 526 2483 lacus
565 2434 693 2483 Finis
725 2446 934 2490 vocatur,
960 2451 986 2480 a
1018 2433 1135 2481 Fino
1169 2432 1331 2486 fluvio,
1367 2447 1508 2494 quem
1549 2428 1730 2492 recipit.
1801 2430 1844 2476 Is
1887 2427 2009 2475 ultra

231 2501 466 2566 sexaginta
509 2501 659 2549 millia
698 2501 905 2564 pass'uum
943 2500 993 2546 in
1036 2497 1380 2561 longitudinem
1418 2494 1690 2559 porrigitur.
1758 2493 1833 2541 Est
1877 2498 1918 2540 &
1956 2491 2008 2538 in

233 2565 495 2631 Cnapdalia
515 2567 641 2613 lacus
663 2567 810 2620 Avus,
848 2565 896 2611 in
921 2580 1016 2627 quo
1037 2565 1099 2610 est
1126 2562 1272 2609 insula
1293 2561 1482 2625 exigua,
1509 2566 1548 2607 δε
1572 2576 1652 2605 arx
1673 2557 1870 2608 munita.
1938 2557 2010 2604 Ex

231 2651 288 2680 eo
307 2632 476 2679 fluvius
499 2634 629 2677 Avus
652 2630 907 2676 effunditur
927 2647 937 2674 :
963 2628 1046 2693 qui
1070 2645 1186 2674 unus
1203 2626 1251 2673 in
1274 2626 1369 2674 illis
1388 2624 1658 2689 regionibus
1677 2626 1724 2671 in
1744 2638 1867 2671 mare
1878 2622 2009 2669 Deu-

234 2695 529 2745 caledonium
551 2699 662 2742 exit.
750 2696 889 2742 Ultra
911 2691 1221 2756 Cnapdaliam
1246 2692 1304 2738 ad
1326 2689 1621 2738 occidentem
1652 2689 1900 2737 hibernum
1930 2702 2010 2733 ex-

226 2762 379 2809 -currit
416 2762 650 2814 Cantiera‚
688 2759 778 2806 hoc
813 2760 872 2806 est
912 2757 1114 2822 regionis
1137 2770 1294 2818 caput,
1317 2754 1561 2809 Hiberniae
1583 2769 1845 2807 occurrens,
1871 2769 1896 2799 a
1918 2767 2013 2815 qua

229 2827 425 2875 modico
443 2825 562 2872 freto
583 2823 835 2879 dirimitur,
851 2823 948 2886 ipsa
968 2823 1153 2885 longior
1171 2837 1310 2884 quam
1329 2821 1482 2876 latior,
1507 2820 1622 2866 adeo
1644 2819 1778 2866 aritis
1800 2816 2014 2864 faucibus

237 2889 511 2954 Cnapdaliae
533 2889 850 2952 conjungitur,
884 2901 934 2935 ut
966 2886 1047 2933 vix
1075 2886 1203 2933 mille
1227 2886 1371 2948 paffus
1393 2886 1627 2948 expleant,
1650 2884 1794 2948 idque
1816 2883 2014 2946 spatium

237 2956 356 3003 nihil
379 2954 507 3002 aliud
526 2971 669 3017 quam
692 2971 827 3000 arena
848 2954 917 3008 fit,
943 2952 1058 2999 adeo
1079 2950 1289 3004 humilis,
1314 2962 1364 2996 ut
1386 2967 1468 3014 per
1489 2965 1593 2996 eam
1610 2947 1836 2996 naviculis
1858 2946 2020 2994 tradu·
2077 2968 2080 2969 ⁷

239 3020 324 3069 &is
346 3032 498 3075 nautae
521 3020 791 3082 plaerunque
813 3015 1066 3080 navigandi
1087 3016 1419 3079 compendfum
1440 3026 1665 3078 quaerant.
1713 3013 1853 3060 Hanc
1874 3011 2015 3059 attin-

239 3085 312 3150 git
333 3087 486 3131 Lorna
508 3084 791 3146 Argatheliae
819 3082 1046 3143 adjacens,
1068 3085 1109 3127 &
1131 3081 1270 3144 usque
1292 3080 1350 3126 ad
1373 3081 1569 3127 Abrlam
1589 3076 1822 3142 pertinens
1850 3097 1862 3124 ε
1886 3076 2025 3141 regio

240 3152 394 3215 plana,
412 3164 496 3194 nec
514 3147 797 3194 infoecunda.
1567 3145 1570 3147 ’

307 3213 486 3262 XXIV.
525 3213 633 3275 Qua
653 3210 906 3273 Grampius
929 3226 1060 3257 mons
1082 3207 1401 3271 humilior'est‚
1427 3214 1467 3255 ἂν.
1507 3207 1653 3272 magis
1675 3207 1859 3270 pervius
1881 3205 2019 3253 Braid

244 3276 392 3329 Albin
417 3277 547 3341 regio
570 3290 776 3332 vocatur,
800 3277 889 3322 hoc
909 3279 970 3322 est
993 3275 1118 3338 quasi
1137 3272 1393 3321 altissimam
1412 3273 1581 3321 Scotiae
1598 3285 1775 3336 partem
1798 3272 1943 3326 dicas,
1967 3284 2020 3316 ac
2065 3301 2067 3303 ·

295 3396 362 3489 31)
381 3396 470 3434 The
488 3403 593 3434 court
610 3409 652 3432 or
668 3396 775 3433 chief
786 3397 890 3446 place
909 3395 953 3431 of
963 3394 1094 3445 justice
1215 3393 1275 3443 (3)
1291 3393 1377 3429 The
1394 3393 1549 3440 regality
1559 3406 1601 3430 or
1619 3375 1757 3441 barony
1769 3390 1815 3427 of
1827 3390 2016 3438 Glasgow‚

231 3465 292 3490 an
332 3460 590 3499 government,
609 3463 650 3487 or
666 3450 731 3487 the
743 3448 964 3486 head-town
976 3449 1020 3485 of
1030 3448 1095 3484 the
1166 3447 1210 3484 of
1217 3445 1341 3483 which
1357 3446 1422 3483 the
1440 3447 1488 3483 D.
1499 3446 1544 3484 of
1553 3447 1721 3491 Lennox,
1736 3445 1805 3482 and
1823 3443 1918 3481 after
1934 3442 2018 3480 him

247 3507 444 3551 kingdcm.
588 3552 590 3554 v
1166 3501 1216 3538 D.
1236 3501 1436 3536 Hamllton
1454 3513 1550 3537 were
1566 3499 1723 3536 baillies.

249 3555 660 3650 de}{)nglellenismus.
714 3557 762 3595 ln
778 3555 862 3594 aliis
879 3555 983 3594 codd.
1003 3553 1100 3594 Arb.
1168 3554 1284 3645 nex(74)
1313 3553 1401 3592 MS.
1422 3555 1457 3590 &
1475 3553 1540 3591 alii
1561 3553 1665 3591 codd.
1683 3549 1818 3590 divisus
1834 3563 1848 3600 5
1867 3549 1921 3588 ita
1940 3549 2021 3586 Ge·
2069 3598 2071 3603 Α

1916 3681 1926 3687 -
1944 3651 2026 3699 ubi
