2107 3862
531 155 873 223 Lrssun
962 153 1511 220 SEcuNDus.
1858 169 1947 234 47

179 255 390 306 ⁴adversus
412 256 453 302 se
473 256 652 318 prolato
677 255 962 301 ¹demonstrat.
1006 252 1163 316 Inquit
1183 253 1306 300 enim
1331 252 1546 300 orationis
1568 256 1723 302 auAE‘cor
1744 254 1944 303 Caledo-

183 339 311 374 num,
338 327 377 367 &
399 321 593 367 aliorum
617 320 844 367 Pictorum
867 318 1011 365 filvas.
1049 319 1103 363 Id
1121 315 1426 364 testimonium
1446 317 1524 362 ille
1544 336 1633 380 qua
1656 320 1845 368 stulticia
1865 322 1943 375 est,

181 402 266 450 pro
288 385 328 430 se
352 384 568 446 produxit
593 404 602 431 ε
647 391 686 432 &
709 401 802 448 quo
825 386 1000 445 stupore
1021 383 1098 435 cst,
1136 399 1228 429 non
1250 394 1408 428 contra
1428 381 1469 427 se
1491 380 1638 429 facere
1659 386 1944 434 animadver-

176 450 251 496 tit.
322 449 464 513 Qod
487 449 516 495 fi
540 466 696 496 vocem
719 447 1028 511 inspiciamus,
1063 464 1115 492 ea
1137 447 1307 510 linguae
1339 445 1531 491 Scoticae
1553 447 1628 494 est.
1697 450 1873 498 Calden
1896 468 1944 497 e-

180 512 280 559 nim
304 513 449 559 Scor-s
472 531 525 560 ea
552 515 686 560 arbor
703 515 778 567 est,
804 528 905 575 quae
928 511 1105 558 Latinis
1126 512 1292 558 corilus
1311 509 1479 556 dicitur
1504 527 1515 556 ε
1538 513 1721 568 unde-,Sc
1745 515 1945 562 Caledo«

181 577 271 623 niae
296 577 415 622 silvae
440 595 602 624 nomen
637 595 737 624 reor
774 576 989 632 inditum,
1016 582 1056 623 δε
1080 575 1437 622 Caledoniorum
1460 575 1686 637 oppidum
1710 579 1767 624 ad
1788 581 1946 628 Taum

168 657 361 687 amnem
380 643 510 688 situm
535 641 808 688 Duucalden
831 641 980 687 adhuc
1000 653 1204 693 vocatur,
1246 640 1333 686 hoc
1370 640 1430 684 est
1452 640 1700 687 corilorum
1723 645 1943 691 tumulus.

173 705 239 751 ‘Et
258 705 285 750 fi
307 706 512 752 adversus
532 706 790 752 consensum
807 704 1015 752 omnium
1035 703 1270 751 Ptolemaei
1288 702 1497 749 codicum
1517 704 1631 751 mihi
1650 705 1823 768 aliquid
1844 725 1944 769 per-

178 769 360 816 mittere
382 772 614 825 auderem,
635 788 716 833 pro
740 769 849 816 mari
874 769 1221 817 Deucaledonio
1242 767 1481 814 scriberem
1505 769 1906 819 Duncaledonium
1928 791 1941 820 2

176 839 220 880 Sc
240 836 363 897 apud
383 835 706 882 Marceliinum
725 851 808 898 pro
827 834 1150 887 Dicaledones‚
1172 833 1542 889 Duncaledone3‚
1561 839 1600 880 Sc
1619 835 1750 890 mari,
1772 841 1810 883 δε
1830 855 1944 902 gen-

179 909 225 945 te
247 916 272 944 a
293 899 648 947 Duncaledonio
670 899 844 962 oppido
866 897 1220 962 cognominatis.
1920 924 1922 926 v

244 964 423 1010 xxm.
471 965 587 1011 Haec
609 982 712 1028 quae
732 963 985 1026 scripsimus
1007 964 1086 1010 etsi
1119 962 1299 1009 abunde
1321 960 1573 1009 satisfacere
1602 963 1764 1025 poflint
1786 967 1946 1017 leftori

179 1043 270 1074 non
291 1026 469 1091 iniquo,
486 1029 784 1075 nihilominus
806 1027 1072 1088 adjiciemus
1098 1032 1145 1076 ὅ(
1176 1027 1280 1083 alia,
1305 1044 1407 1090 quae
1427 1028 1483 1073 C.
1515 1028 1690 1075 Plinius
1713 1032 1945 1082 manifesta

178 1090 411 1153 originum
434 1092 608 1139 indicia
628 1092 903 1139 existimavit
926 1112 936 1140 :
971 1109 1136 1154 nempe
1156 1091 1291 1148 sacra,
1316 1091 1539 1154 linguam,
1563 1094 1840 1156 oppidorum
1860 1116 1944 1145 vo-

178 1156 356 1202 cabula.
425 1156 628 1203 Primfim
653 1157 755 1203 satis
778 1158 949 1203 constat
973 1157 1223 1203 maximum
1244 1155 1458 1202 amicitiae
1479 1156 1730 1214 vinculum,
1768 1166 1807 1208 δε
1832 1177 1942 1227 cog-

175 1219 375 1268 nationis
398 1234 719 1283 argumentum
743 1221 947 1268 habitam
970 1221 1095 1267 fuisse
1118 1221 1461 1267 similitudinem
1483 1221 1735 1285 religionis,
1773 1230 1813 1272 δε
1835 1244 1942 1275 ean.-

175 1283 280 1331 dem
306 1286 362 1331 de
387 1285 488 1332 Diis
507 1286 790 1349 opinionem.
840 1286 981 1348 Apud
1004 1285 1241 1332 Britannos
1260 1298 1412 1332 autem
1435 1290 1485 1334 ὃς
1509 1287 1672 1334 Gallos
1695 1288 1818 1336 idem
1845 1293 1942 1352 pla-

165 1364 234 1394 ine
249 1349 456 1397 Deorum
479 1364 573 1397 erat
595 1352 762 1404 cultus,
785 1350 907 1398 idem
929 1358 1047 1412 apud
1071 1350 1279 1413 utrosque
1299 1355 1337 1395 ἃς
1362 1349 1579 1412 nusquam
1601 1351 1711 1398 alibi
1729 1355 1798 1415 (1)
1817 1356 1942 1405 Dru-

170 1411 306 1462 idum
329 1414 645 1470 sacerdotium,
683 1432 881 1477 quorum
903 1415 1154 1477 superstitio
1189 1415 1303 1461 adeo
1341 1414 1571 1478 utriusque
1592 1417 1741 1478 gentis
1764 1419 1941 1470 animos

172 1480 444 1539 pervaserat,
487 1495 535 1526 ut
557 1480 692 1527 multi
714 1480 975 1527 dubitarent
996 1479 1086 1526 utri
1107 1480 1164 1526 ab
1200 1478 1309 1526 utris
1332 1496 1430 1526 eam
1461 1479 1793 1544 philosophiam
1818 1486 1942 1534 didi-

175 1541 345 1590 ciss‘ent.
414 1546 531 1591 Item
555 1546 715 1592 eadem
733 1544 853 1591 sacra
874 1560 929 1590 ex
948 1543 1267 1607 superstitionis
1287 1543 1565 1604 persuasione
1583 1546 1864 1609 deprehendi
1877 1551 1942 1600 ait

173 1607 384 1655 Tacitus.
454 1610 557 1656 Nec
580 1610 637 1656 ab
659 1627 714 1656 eo
737 1609 824 1656 ritu
847 1609 972 1656 fuiffe
992 1610 1220 1656 immunes
1243 1606 1492 1673 Hispanos,
1526 1622 1576 1656 ut
1604 1628 1799 1673 quorum
1821 1615 1942 1664 bona

150 1727 152 1729 ι
171 1687 277 1734 pars
300 1673 323 1719 ἐ
348 1673 517 1720 Galliis
538 1674 764 1739 originem
785 1675 1000 1729 ducebat,
1026 1673 1199 1721 indicat
1221 1673 1421 1720 tumulus
1444 1690 1587 1737 prope
1611 1676 1941 1741 Carthaginem

172 1752 341 1783 novam
364 1739 446 1801 qui
467 1739 724 1786 Mercurius
742 1739 960 1786 Teutates
981 1740 1314 1801 appellabatur,
1338 1737 1403 1784 uti
1424 1738 1639 1799 scriptum
1661 1742 1720 1787 est
1742 1759 1768 1790 a
1784 1743 1938 1793 Livio.

171 1800 302 1848 Idem
327 1819 511 1866 quoque
530 1821 675 1867 genus
698 1815 854 1850 vatum
877 1805 999 1867 apud
1023 1804 1203 1850 Gallos.
1247 1809 1288 1850 δε
1323 1802 1560 1850 Britannos
1582 1804 1630 1850 in
1653 1804 1827 1854 summo
1851 1809 1941 1858 fuit

171 1863 364 1922 honore,
386 1885 499 1930 quos
524 1868 705 1932 utrique
731 1869 899 1915 Bardos
922 1869 1163 1915 vocabant.
1208 1869 1393 1915 Horum
1416 1872 1457 1915 δε
1484 1867 1675 1924 ῖιιηξὶίο,
1701 1874 1752 1922 δε
1769 1889 1939 1923 nomen

171 1931 322 1978 adhuc
347 1932 596 1994 perseverat
615 1935 737 1995 apud
759 1950 916 1980 omnes
940 1933 1163 1988 nationeS,
1206 1949 1310 1996 quae
1330 1943 1481 1979 vetere
1504 1933 1824 1983 Britannorum
1846 1939 1940 1988 lin-

171 2010 265 2057 gua
291 2012 495 2052 utuntur,
511 1998 749 2061 tantusque
761 2000 825 2044 eis
850 1998 994 2044 honos
1018 1998 1171 2043 multis
1195 1996 1244 2043 in
1262 1996 1374 2043 locis
1394 1997 1603 2052 habetur,
1626 2012 1676 2045 ut
1698 2003 1746 2049 &
1765 2001 1846 2064 ipfi
1872 2004 1937 2052 sa-

171 2059 404 2114 crosanCti,
434 2080 473 2108 3-›;‘
499 2078 657 2108 eorum
677 2064 839 2109 domus
858 2079 942 2125 pro
964 2061 1084 2124 asylo
1108 2062 1192 2108 lint
1217 2079 1227 2107 :
1262 2065 1310 2109 Sc
1334 2061 1452 2108 inter
1471 2061 1768 2112 infestiffimos
1792 2067 1936 2116 hostes

174 2123 252 2168 ubi
276 2124 573 2173 crudeliffime
610 2143 638 2175 ‘c
670 2127 842 2173 bellum
867 2127 1058 2190 geritur,
1097 2130 1145 2175 &c
1168 2125 1358 2172 viCtoria
1386 2139 1622 2174 exercetur
1641 2143 1863 2192 perpetua
1884 2133 1938 2181 fit

170 2185 251 2235 eis,
279 2205 530 2253 eorumque
552 2190 795 2237 comitibus
814 2193 934 2237 ultro
957 2191 1161 2254 citroque
1184 2189 1472 2237 commeandi
1491 2193 1701 2253 potestas.
1782 2195 1936 2244 Nobi-

166 2251 235 2299 ÷les
259 2269 333 2298 eos
357 2256 412 2300 ad
450 2255 491 2300 se
515 2255 788 2302 ventitantes
811 2261 851 2301 δε
881 2256 1132 2301 honorifice
1155 2254 1415 2317 suscipiunt,
1460 2257 1510 2304 ὃς
1542 2257 1756 2304 munifice
1777 2260 1935 2308 dimit-

169 2327 287 2362 tunt.
358 2319 578 2365 Carmina
596 2332 745 2366 autem
766 2336 856 2366 non
879 2319 1283 2374 incultafundunt,
1308 2324 1411 2381 quae
1432 2321 1501 2382 (2)
1519 2321 1752 2384 Rhapsodi
1773 2341 1934 2386 proce-

166 2379 311 2436 ribus,
337 2397 415 2429 aut
436 2385 579 2447 vulgo
601 2383 816 2430 audiendi
834 2385 1005 2447 cupido
1028 2384 1236 2438 recitant,
1263 2396 1341 2430 aut
1362 2384 1420 2430 ad
1443 2385 1632 2432 musicos
1655 2402 1932 2450 organorum

167 2445 329 2492 modos
353 2461 538 2494 canunt.
606 2448 807 2494 Plurima
844 2465 900 2495 ex
923 2448 1149 2495 veteribus
1187 2447 1398 2496 institutis
1422 2449 1570 2496 adhuc
1593 2465 1777 2500 manent
1801 2472 1811 2500 ε
1848 2472 1932 2502 nec

165 2509 416 2574 quicquam
437 2512 531 2559 fere
552 2512 600 2560 in
624 2513 867 2568 Hibernia,
889 2514 969 2560 nisi
992 2514 1038 2559 in
1060 2513 1350 2567 ceremoniis,
1372 2520 1412 2561 δε
1431 2513 1665 2578 religionis
1686 2516 1849 2565 ritibus
1873 2521 1935 2568 est

166 2588 411 2623 mutatum,
481 2579 598 2624 Haec
621 2578 678 2624 de
701 2577 830 2624 sacris
853 2577 901 2624 in
924 2578 1158 2640 praesentia
1179 2577 1301 2624 dieta
1321 2579 1420 2626 fint.

231 2640 275 2685 X
296 2641 415 2687 xIV.
442 2642 664 2703 Superest,
687 2655 735 2689 ut
753 2643 810 2689 de
827 2642 988 2706 lingua
1001 2643 1161 2698 veteri,
1178 2658 1230 2689 ac
1248 2639 1542 2705 oppidorum,
1565 2650 1607 2692 δε
1624 2646 1832 2709 gentium
1853 2665 1930 2695 vo-

163 2703 340 2750 cabulis
359 2721 560 2766 agamus,
631 2708 721 2753 Hae
743 2719 896 2753 autem
914 2719 1061 2768 partes
1085 2708 1353 2771 plaerunque
1375 2708 1506 2755 nobis
1525 2708 1657 2756 erunt
1677 2712 1935 2772 promiscue

158 2769 425 2822 tractandae,
451 2772 577 2833 quod
597 2771 736 2818 altera
757 2771 888 2818 alteri
906 2772 1212 2834 saepenumero
1227 2776 1352 2819 velut
1369 2772 1667 2822 fundamento
1685 2775 1896 2833 innititur
1915 2797 1928 2826 :

161 2832 394 2895 praecipue
414 2835 518 2881 cum
536 2852 704 2883 nomen
723 2836 961 2899 proprium
981 2850 1058 2883 aut
1081 2835 1404 2900 originatione‚
1426 2841 1502 2885 aut
1524 2839 1831 2888 declinatione
1850 2859 1932 2904 pa-

160 2897 295 2943 triam
319 2899 487 2946 afferet.
560 2901 712 2964 Atque
735 2902 833 2947 haec
853 2901 1039 2964 quidem
1063 2902 1140 2948 etsi
1179 2914 1336 2947 mutua
1358 2902 1692 2964 conspiratione
1709 2904 1795 2951 sese
1818 2918 1932 2953 con-

162 2961 360 3016 firmant,
387 2976 540 3010 tamen
564 2967 718 3026 quoad
741 2965 837 3012 fieri
855 2967 1014 3028 potest,
1051 2982 1104 3012 ea
1123 2982 1202 3012 nos
1226 2965 1423 3012 docendi
1441 2967 1588 3030 gratia
1610 2968 1932 3031 separabimus.

165 3024 368 3072 Primum
392 3026 534 3091 igitur
557 3028 752 3077 Tacitus
773 3029 820 3076 in
862 3029 957 3076 vita
979 3028 1119 3076 soceri
1154 3029 1215 3076 sui
1252 3031 1458 3084 affirmat,
1497 3049 1587 3079 non
1612 3035 1758 3080 multo
1782 3035 1934 3081 Galli-

157 3103 263 3136 cam
284 3107 312 3136 a
331 3090 492 3155 lingua
512 3092 776 3141 Britannica
795 3094 880 3141 effe
898 3094 1119 3142 diversam
1140 3113 1151 3142 ε
1185 3111 1242 3142 ex
1264 3111 1358 3158 quo
1378 3094 1499 3143 facio
1518 3098 1826 3159 conjefturam
1849 3100 1933 3147 ali-

212 3243 275 3294 (1)
303 3245 473 3294 Druides,
492 3247 558 3284 the
586 3249 721 3286 Druids
741 3262 836 3286 were
852 3248 920 3285 the
939 3261 1006 3286 an·
1143 3248 1206 3298 (2)
1236 3250 1435 3298 SongsterS,
1456 3251 1652 3298 minstrels,
1686 3251 1894 3300 mundans,
1914 3267 1934 3290 a

159 3295 262 3333 cient
277 3297 440 3336 heathen
454 3301 578 3350 priests
593 3305 661 3339 and
675 3303 804 3352 judges
817 3301 855 3339 in
869 3302 1008 3339 France
1086 3302 1158 3339 sort
1174 3303 1219 3340 of
1241 3304 1370 3353 people
1398 3306 1564 3353 amongst
1589 3319 1657 3342 our
1683 3306 1934 3352 Highlanders

157 3352 228 3386 and
249 3351 393 3388 Britain
426 3367 438 3401 3
479 3356 548 3391 and
569 3355 716 3391 because
738 3357 826 3404 they
856 3356 913 3392 for
939 3355 1005 3393 the
1085 3365 1123 3392 at
1141 3356 1215 3393 this
1234 3358 1315 3404 day,
1337 3358 1419 3393 that
1436 3357 1513 3405 sing
1530 3358 1594 3394 the
1614 3358 1844 3406 genealogies
1863 3362 1935 3395 and

157 3405 253 3439 most
270 3412 350 3452 part
367 3406 427 3441 did
445 3407 494 3442 all
514 3406 616 3444 those
634 3408 756 3444 offices
774 3410 891 3445 under
908 3414 1003 3443 oak-
1082 3409 1194 3445 noble
1224 3408 1517 3447 atchi1vements
1543 3412 1588 3448 of
1610 3411 1710 3447 their
1740 3412 1933 3451 ancestorS.

155 3463 266 3502 trees,
279 3455 374 3493 from
389 3457 494 3495 them
508 3459 596 3508 they
607 3461 769 3497 mcciv-xi
783 3461 864 3497 that
877 3473 1002 3509 name.
1084 3461 1166 3498 like
1194 3461 1297 3498 those
1332 3475 1466 3510 amon-3
1503 3464 1569 3501 the
1605 3463 1813 3509 Graeciam,
1851 3464 1935 3502 thie

156 3508 230 3544 For
262 3508 297 3546 so
315 3510 406 3546 oaks
425 3524 485 3547 are
503 3513 619 3550 called
640 3514 679 3550 in
697 3514 763 3552 the
782 3514 913 3552 Greek
931 3515 1000 3551 and
1085 3514 1174 3562 sung
1193 3515 1368 3553 Homer's
1386 3529 1525 3566 poemS.

155 3560 217 3597 old
236 3562 357 3600 Celtic
375 3564 569 3613 language.

1750 3674 1935 3734 quanio
