<?xml version="1.0" encoding="UTF-8"?>
<!DOCTYPE html PUBLIC "-//W3C//DTD XHTML 1.0 Transitional//EN"
    "http://www.w3.org/TR/xhtml1/DTD/xhtml1-transitional.dtd">
<html xmlns="http://www.w3.org/1999/xhtml" xml:lang="en" lang="en">
 <head>
  <title>
</title>
<meta http-equiv="Content-Type" content="text/html;charset=utf-8" />
  <meta name='ocr-system' content='tesseract 3.04.00' />
  <meta name='ocr-capabilities' content='ocr_page ocr_carea ocr_par ocr_line ocrx_word'/>
</head>
<body>
  <div class='ocr_page' id='page_1' title='image "./rerumscoticarumh01buch_0359.png"; bbox 0 0 2025 3831; ppageno 0'>
   <div class='ocr_carea' id='block_1_1' title="bbox 0 374 10 904">
    <p class='ocr_par' dir='ltr' id='par_1_1' title="bbox 0 374 10 904">
     <span class='ocr_line' id='line_1_1' title="bbox 0 374 10 904; baseline 0 0"><span class='ocrx_word' id='word_1_1' title='bbox 0 374 10 904; x_wconf 95' lang='lat' dir='ltr'> </span> 
     </span>
    </p>
   </div>
   <div class='ocr_carea' id='block_1_2' title="bbox 409 169 1873 254">
    <p class='ocr_par' dir='ltr' id='par_1_2' title="bbox 409 169 1873 254">
     <span class='ocr_line' id='line_1_2' title="bbox 409 169 1873 254; baseline -0.007 -11"><span class='ocrx_word' id='word_1_2' title='bbox 409 176 738 243; x_wconf 12' lang='lat' dir='ltr'>Litana</span> <span class='ocrx_word' id='word_1_3' title='bbox 824 169 1574 236; x_wconf 72' lang='lat' dir='ltr'>DUoDEcrmus.</span> <span class='ocrx_word' id='word_1_4' title='bbox 1752 186 1873 254; x_wconf 82' lang='lat'>341</span> 
     </span>
    </p>
   </div>
   <div class='ocr_carea' id='block_1_3' title="bbox 87 263 1937 2848">
    <p class='ocr_par' dir='ltr' id='par_1_3' title="bbox 110 263 1888 403">
     <span class='ocr_line' id='line_1_3' title="bbox 110 263 1888 332; baseline -0.011 -1"><span class='ocrx_word' id='word_1_5' title='bbox 110 290 332 332; x_wconf 76' lang='lat' dir='ltr'>novarum</span> <span class='ocrx_word' id='word_1_6' title='bbox 359 287 507 321; x_wconf 87' lang='lat' dir='ltr'>rerum</span> <span class='ocrx_word' id='word_1_7' title='bbox 540 267 801 320; x_wconf 83' lang='lat' dir='ltr'>studiosum,</span> <span class='ocrx_word' id='word_1_8' title='bbox 827 270 875 315; x_wconf 73' lang='lat' dir='ltr'>&amp;c</span> <span class='ocrx_word' id='word_1_9' title='bbox 898 265 1053 312; x_wconf 91' lang='lat' dir='ltr'>omnia</span> <span class='ocrx_word' id='word_1_10' title='bbox 1072 265 1160 312; x_wconf 89' lang='lat' dir='ltr'>alia</span> <span class='ocrx_word' id='word_1_11' title='bbox 1181 263 1327 327; x_wconf 83' lang='lat' dir='ltr'>magis</span> <span class='ocrx_word' id='word_1_12' title='bbox 1349 263 1490 324; x_wconf 72' lang='lat' dir='ltr'>quam</span> <span class='ocrx_word' id='word_1_13' title='bbox 1514 263 1750 327; x_wconf 85' lang='lat' dir='ltr'>praesentia</span> <span class='ocrx_word' id='word_1_14' title='bbox 1771 265 1888 312; x_wconf 84' lang='lat' dir='ltr'>sem·</span> 
     </span>
     <span class='ocr_line' id='line_1_4' title="bbox 151 328 1884 403; baseline 0.002 -21"><span class='ocrx_word' id='word_1_15' title='bbox 151 363 197 392; x_wconf 71' lang='lat' dir='ltr'>es</span> <span class='ocrx_word' id='word_1_16' title='bbox 218 340 403 403; x_wconf 78' lang='lat' dir='ltr'>cupiens</span> <span class='ocrx_word' id='word_1_17' title='bbox 426 333 562 382; x_wconf 74' lang='lat' dir='ltr'>facile</span> <span class='ocrx_word' id='word_1_18' title='bbox 581 331 639 378; x_wconf 84' lang='lat' dir='ltr'>ad</span> <span class='ocrx_word' id='word_1_19' title='bbox 661 345 809 394; x_wconf 88' lang='lat' dir='ltr'>partes</span> <span class='ocrx_word' id='word_1_20' title='bbox 829 331 1118 377; x_wconf 82' lang='lat' dir='ltr'>accessurum.</span> <span class='ocrx_word' id='word_1_21' title='bbox 1156 330 1319 391; x_wconf 82' lang='lat' dir='ltr'>Itaque</span> <span class='ocrx_word' id='word_1_22' title='bbox 1341 345 1422 389; x_wconf 84' lang='lat' dir='ltr'>per</span> <span class='ocrx_word' id='word_1_23' title='bbox 1444 328 1650 374; x_wconf 77' lang='lat' dir='ltr'>homines</span> <span class='ocrx_word' id='word_1_24' title='bbox 1672 330 1884 385; x_wconf 63' lang='lat' dir='ltr'>callidos»</span> 
     </span>
    </p>

    <p class='ocr_par' dir='ltr' id='par_1_4' title="bbox 114 364 1884 470">
     <span class='ocr_line' id='line_1_5' title="bbox 114 364 1884 470; baseline -0.006 -18"><span class='ocrx_word' id='word_1_25' title='bbox 114 364 196 470; x_wconf 57' lang='lat' dir='ltr'>gui</span> <span class='ocrx_word' id='word_1_26' title='bbox 218 401 413 454; x_wconf 85' lang='lat' dir='ltr'>studium</span> <span class='ocrx_word' id='word_1_27' title='bbox 440 398 747 448; x_wconf 86' lang='lat' dir='ltr'>Bodianarum</span> <span class='ocrx_word' id='word_1_28' title='bbox 770 391 970 458; x_wconf 81' lang='lat' dir='ltr'>partium</span> <span class='ocrx_word' id='word_1_29' title='bbox 995 411 1089 458; x_wconf 81' lang='lat' dir='ltr'>prae</span> <span class='ocrx_word' id='word_1_30' title='bbox 1114 394 1155 442; x_wconf 86' lang='lat' dir='ltr'>se</span> <span class='ocrx_word' id='word_1_31' title='bbox 1180 393 1375 447; x_wconf 72' lang='lat' dir='ltr'>ferrent,</span> <span class='ocrx_word' id='word_1_32' title='bbox 1391 392 1533 456; x_wconf 84' lang='lat' dir='ltr'>Regis</span> <span class='ocrx_word' id='word_1_33' title='bbox 1552 393 1755 440; x_wconf 89' lang='lat' dir='ltr'>animum</span> <span class='ocrx_word' id='word_1_34' title='bbox 1780 411 1884 458; x_wconf 85' lang='lat' dir='ltr'>per-</span> 
     </span>
    </p>

    <p class='ocr_par' dir='ltr' id='par_1_5' title="bbox 117 465 1777 530">
     <span class='ocr_line' id='line_1_6' title="bbox 117 465 1777 530; baseline -0.007 -10"><span class='ocrx_word' id='word_1_35' title='bbox 117 484 288 520; x_wconf 80' lang='lat' dir='ltr'>tentare</span> <span class='ocrx_word' id='word_1_36' title='bbox 306 465 560 512; x_wconf 86' lang='lat' dir='ltr'>instituunt.</span> <span class='ocrx_word' id='word_1_37' title='bbox 1215 520 1226 530; x_wconf 47' lang='grc'><em>·</em></span> <span class='ocrx_word' id='word_1_38' title='bbox 1301 491 1304 494; x_wconf 91' lang='lat'>·</span> <span class='ocrx_word' id='word_1_39' title='bbox 1528 520 1537 528; x_wconf 45' lang='lat'><strong>·</strong></span> <span class='ocrx_word' id='word_1_40' title='bbox 1767 519 1777 528; x_wconf 34' lang='grc' dir='ltr'><strong>ο</strong></span> 
     </span>
    </p>

    <p class='ocr_par' dir='ltr' id='par_1_6' title="bbox 115 520 1914 1801">
     <span class='ocr_line' id='line_1_7' title="bbox 179 520 1889 587; baseline -0.01 -8"><span class='ocrx_word' id='word_1_41' title='bbox 179 531 381 580; x_wconf 85' lang='lat' dir='ltr'>XXVII.</span> <span class='ocrx_word' id='word_1_42' title='bbox 413 530 593 574; x_wconf 82' lang='lat' dir='ltr'>Interea</span> <span class='ocrx_word' id='word_1_43' title='bbox 612 523 755 587; x_wconf 85' lang='lat' dir='ltr'>legati</span> <span class='ocrx_word' id='word_1_44' title='bbox 771 523 819 569; x_wconf 87' lang='lat' dir='ltr'>in</span> <span class='ocrx_word' id='word_1_45' title='bbox 838 521 1038 579; x_wconf 74' lang='lat' dir='ltr'>Daniarn</span> <span class='ocrx_word' id='word_1_46' title='bbox 1057 522 1245 577; x_wconf 73' lang='lat' dir='ltr'>decreti,</span> <span class='ocrx_word' id='word_1_47' title='bbox 1267 533 1317 568; x_wconf 90' lang='lat' dir='ltr'>ut</span> <span class='ocrx_word' id='word_1_48' title='bbox 1335 521 1636 584; x_wconf 79' lang='lat' dir='ltr'>Margaritam</span> <span class='ocrx_word' id='word_1_49' title='bbox 1658 520 1779 566; x_wconf 79' lang='lat' dir='ltr'>Dani</span> <span class='ocrx_word' id='word_1_50' title='bbox 1795 522 1889 567; x_wconf 81' lang='lat' dir='ltr'>Re.</span> 
     </span>
     <span class='ocr_line' id='line_1_8' title="bbox 115 585 1893 664; baseline -0.005 -22"><span class='ocrx_word' id='word_1_51' title='bbox 115 595 186 664; x_wconf 79' lang='lat' dir='ltr'>gis</span> <span class='ocrx_word' id='word_1_52' title='bbox 217 595 356 641; x_wconf 84' lang='lat' dir='ltr'>filiam</span> <span class='ocrx_word' id='word_1_53' title='bbox 379 594 548 640; x_wconf 91' lang='lat' dir='ltr'>Iacobo</span> <span class='ocrx_word' id='word_1_54' title='bbox 581 602 790 653; x_wconf 82' lang='lat' dir='ltr'>peterent</span> <span class='ocrx_word' id='word_1_55' title='bbox 824 603 1010 633; x_wconf 81' lang='lat' dir='ltr'>uxorem</span> <span class='ocrx_word' id='word_1_56' title='bbox 1044 605 1056 636; x_wconf 74' lang='grc' dir='ltr'>ε,</span> <span class='ocrx_word' id='word_1_57' title='bbox 1093 587 1235 648; x_wconf 74' lang='lat' dir='ltr'>fitque</span> <span class='ocrx_word' id='word_1_58' title='bbox 1258 586 1583 648; x_wconf 83' lang='lat' dir='ltr'><strong>prospicerent,</strong></span> <span class='ocrx_word' id='word_1_59' title='bbox 1618 585 1772 657; x_wconf 76' lang='lat' dir='ltr'>quoad</span> <span class='ocrx_word' id='word_1_60' title='bbox 1796 587 1893 633; x_wconf 84' lang='lat' dir='ltr'>fieri</span> 
     </span>
     <span class='ocr_line' id='line_1_9' title="bbox 115 649 1893 726; baseline -0.006 -18"><span class='ocrx_word' id='word_1_61' title='bbox 115 660 275 726; x_wconf 85' lang='lat' dir='ltr'>posset,</span> <span class='ocrx_word' id='word_1_62' title='bbox 299 669 348 704; x_wconf 89' lang='lat' dir='ltr'>ut</span> <span class='ocrx_word' id='word_1_63' title='bbox 370 670 498 703; x_wconf 84' lang='lat' dir='ltr'>vetus</span> <span class='ocrx_word' id='word_1_64' title='bbox 522 653 825 701; x_wconf 79' lang='lat' dir='ltr'>controversia</span> <span class='ocrx_word' id='word_1_65' title='bbox 842 654 911 711; x_wconf 90' lang='lat'>(1)</span> <span class='ocrx_word' id='word_1_66' title='bbox 944 651 1000 698; x_wconf 91' lang='lat' dir='ltr'>de</span> <span class='ocrx_word' id='word_1_67' title='bbox 1013 651 1288 704; x_wconf 76' lang='lat' dir='ltr'>orcadibus,</span> <span class='ocrx_word' id='word_1_68' title='bbox 1304 654 1353 701; x_wconf 67' lang='grc' dir='ltr'>ὃς</span> <span class='ocrx_word' id='word_1_69' title='bbox 1370 649 1703 702; x_wconf 81' lang='lat' dir='ltr'>Schetlandicls</span> <span class='ocrx_word' id='word_1_70' title='bbox 1717 649 1893 722; x_wconf 77' lang='lat' dir='ltr'>insulis,</span> 
     </span>
     <span class='ocr_line' id='line_1_10' title="bbox 116 713 1894 787; baseline -0.004 -17"><span class='ocrx_word' id='word_1_71' title='bbox 116 724 294 787; x_wconf 86' lang='lat' dir='ltr'>magnis</span> <span class='ocrx_word' id='word_1_72' title='bbox 320 720 550 783; x_wconf 88' lang='lat' dir='ltr'>utriusque</span> <span class='ocrx_word' id='word_1_73' title='bbox 582 717 733 781; x_wconf 87' lang='lat' dir='ltr'>gentis</span> <span class='ocrx_word' id='word_1_74' title='bbox 764 715 973 761; x_wconf 84' lang='lat' dir='ltr'>cladibus</span> <span class='ocrx_word' id='word_1_75' title='bbox 995 714 1194 761; x_wconf 84' lang='lat' dir='ltr'>exercita</span> <span class='ocrx_word' id='word_1_76' title='bbox 1230 715 1478 760; x_wconf 87' lang='lat' dir='ltr'>tolleretur.</span> <span class='ocrx_word' id='word_1_77' title='bbox 1548 713 1764 776; x_wconf 74' lang='lat' dir='ltr'>Princeps</span> <span class='ocrx_word' id='word_1_78' title='bbox 1798 730 1894 774; x_wconf 74' lang='lat' dir='ltr'>ejus</span> 
     </span>
     <span class='ocr_line' id='line_1_11' title="bbox 115 777 1896 853; baseline -0.006 -18"><span class='ocrx_word' id='word_1_79' title='bbox 115 786 360 853; x_wconf 76' lang='lat' dir='ltr'>legationis</span> <span class='ocrx_word' id='word_1_80' title='bbox 391 785 479 831; x_wconf 88' lang='lat' dir='ltr'>fuit</span> <span class='ocrx_word' id='word_1_81' title='bbox 513 785 583 845; x_wconf 84' lang='lat'>(2)</span> <span class='ocrx_word' id='word_1_82' title='bbox 614 781 823 828; x_wconf 86' lang='lat' dir='ltr'>Andreas</span> <span class='ocrx_word' id='word_1_83' title='bbox 858 780 1063 825; x_wconf 89' lang='lat' dir='ltr'>Stuartus</span> <span class='ocrx_word' id='word_1_84' title='bbox 1095 779 1277 827; x_wconf 86' lang='lat' dir='ltr'>Valteri</span> <span class='ocrx_word' id='word_1_85' title='bbox 1301 778 1435 833; x_wconf 82' lang='lat' dir='ltr'>filius,</span> <span class='ocrx_word' id='word_1_86' title='bbox 1471 777 1690 842; x_wconf 72' lang='lat' dir='ltr'>idemque</span> <span class='ocrx_word' id='word_1_87' title='bbox 1725 779 1896 841; x_wconf 80' lang='lat' dir='ltr'>Scotiae</span> 
     </span>
     <span class='ocr_line' id='line_1_12' title="bbox 121 842 1898 908; baseline -0.005 -8"><span class='ocrx_word' id='word_1_88' title='bbox 121 850 450 901; x_wconf 86' lang='lat' dir='ltr'>Cancellarius.</span> <span class='ocrx_word' id='word_1_89' title='bbox 486 849 560 898; x_wconf 89' lang='lat' dir='ltr'>De</span> <span class='ocrx_word' id='word_1_90' title='bbox 580 846 753 908; x_wconf 86' lang='lat' dir='ltr'>nuptiis</span> <span class='ocrx_word' id='word_1_91' title='bbox 772 843 906 890; x_wconf 83' lang='lat' dir='ltr'>facile</span> <span class='ocrx_word' id='word_1_92' title='bbox 924 859 1029 889; x_wconf 90' lang='lat' dir='ltr'>cum</span> <span class='ocrx_word' id='word_1_93' title='bbox 1048 843 1186 889; x_wconf 90' lang='lat' dir='ltr'>Dano</span> <span class='ocrx_word' id='word_1_94' title='bbox 1205 842 1473 890; x_wconf 64' lang='lat' dir='ltr'>transactum</span> <span class='ocrx_word' id='word_1_95' title='bbox 1489 843 1616 889; x_wconf 89' lang='lat' dir='ltr'>omni</span> <span class='ocrx_word' id='word_1_96' title='bbox 1633 843 1752 904; x_wconf 87' lang='lat' dir='ltr'>jure,</span> <span class='ocrx_word' id='word_1_97' title='bbox 1768 844 1898 904; x_wconf 87' lang='lat' dir='ltr'>quod</span> 
     </span>
     <span class='ocr_line' id='line_1_13' title="bbox 117 906 1899 971; baseline -0.006 -6"><span class='ocrx_word' id='word_1_98' title='bbox 117 918 168 966; x_wconf 84' lang='lat' dir='ltr'>in</span> <span class='ocrx_word' id='word_1_99' title='bbox 192 932 350 963; x_wconf 88' lang='lat' dir='ltr'>omnes</span> <span class='ocrx_word' id='word_1_100' title='bbox 373 915 495 960; x_wconf 91' lang='lat' dir='ltr'>circa</span> <span class='ocrx_word' id='word_1_101' title='bbox 513 911 715 959; x_wconf 86' lang='lat' dir='ltr'>Scotiam</span> <span class='ocrx_word' id='word_1_102' title='bbox 737 909 902 957; x_wconf 87' lang='lat' dir='ltr'>insulas</span> <span class='ocrx_word' id='word_1_103' title='bbox 927 906 1119 967; x_wconf 82' lang='lat' dir='ltr'>majores</span> <span class='ocrx_word' id='word_1_104' title='bbox 1143 908 1238 969; x_wconf 83' lang='lat' dir='ltr'>ejus</span> <span class='ocrx_word' id='word_1_105' title='bbox 1262 907 1347 954; x_wconf 77' lang='lat' dir='ltr'>fibi</span> <span class='ocrx_word' id='word_1_106' title='bbox 1363 919 1647 971; x_wconf 85' lang='lat' dir='ltr'>arrogarant,</span> <span class='ocrx_word' id='word_1_107' title='bbox 1671 907 1791 953; x_wconf 88' lang='lat' dir='ltr'>dotis</span> <span class='ocrx_word' id='word_1_108' title='bbox 1815 924 1899 954; x_wconf 88' lang='lat' dir='ltr'>no·-</span> 
     </span>
     <span class='ocr_line' id='line_1_14' title="bbox 118 967 1904 1044; baseline -0.006 -15"><span class='ocrx_word' id='word_1_109' title='bbox 118 967 245 1030; x_wconf 69' lang='lat' dir='ltr'>mine</span> <span class='ocrx_word' id='word_1_110' title='bbox 269 979 446 1027; x_wconf 80' lang='lat' dir='ltr'>remisso</span> <span class='ocrx_word' id='word_1_111' title='bbox 471 996 481 1024; x_wconf 91' lang='lat'>:</span> <span class='ocrx_word' id='word_1_112' title='bbox 508 989 686 1023; x_wconf 88' lang='lat' dir='ltr'>tanturn</span> <span class='ocrx_word' id='word_1_113' title='bbox 713 988 760 1022; x_wconf 90' lang='lat' dir='ltr'>ut</span> <span class='ocrx_word' id='word_1_114' title='bbox 782 972 969 1036; x_wconf 87' lang='lat' dir='ltr'>privatis</span> <span class='ocrx_word' id='word_1_115' title='bbox 992 987 1207 1035; x_wconf 83' lang='lat' dir='ltr'>agrorum</span> <span class='ocrx_word' id='word_1_116' title='bbox 1227 972 1538 1035; x_wconf 67' lang='lat' dir='ltr'>poss&#39;efforibus</span> <span class='ocrx_word' id='word_1_117' title='bbox 1561 986 1812 1028; x_wconf 88' lang='lat' dir='ltr'>caveretur,</span> <span class='ocrx_word' id='word_1_118' title='bbox 1850 984 1904 1044; x_wconf 73' lang='lat' dir='ltr'>ut</span> 
     </span>
     <span class='ocr_line' id='line_1_15' title="bbox 123 1037 1903 1107; baseline -0.006 -14"><span class='ocrx_word' id='word_1_119' title='bbox 123 1062 274 1100; x_wconf 72' lang='lat' dir='ltr'>aoros,</span> <span class='ocrx_word' id='word_1_120' title='bbox 296 1061 412 1107; x_wconf 84' lang='lat' dir='ltr'>quos</span> <span class='ocrx_word' id='word_1_121' title='bbox 431 1041 501 1088; x_wconf 90' lang='lat' dir='ltr'>ibi</span> <span class='ocrx_word' id='word_1_122' title='bbox 522 1041 764 1094; x_wconf 75' lang='lat' dir='ltr'>haberent,</span> <span class='ocrx_word' id='word_1_123' title='bbox 789 1038 853 1085; x_wconf 89' lang='lat' dir='ltr'>uti</span> <span class='ocrx_word' id='word_1_124' title='bbox 875 1051 979 1084; x_wconf 88' lang='lat' dir='ltr'>ante</span> <span class='ocrx_word' id='word_1_125' title='bbox 997 1037 1295 1098; x_wconf 78' lang='lat' dir='ltr'>possederant,</span> <span class='ocrx_word' id='word_1_126' title='bbox 1317 1037 1382 1086; x_wconf 76' lang='lat' dir='ltr'>ita</span> <span class='ocrx_word' id='word_1_127' title='bbox 1403 1050 1624 1084; x_wconf 85' lang='lat' dir='ltr'>tenerent.</span> <span class='ocrx_word' id='word_1_128' title='bbox 1687 1037 1801 1084; x_wconf 80' lang='lat' dir='ltr'>Sunt</span> <span class='ocrx_word' id='word_1_129' title='bbox 1820 1052 1903 1100; x_wconf 73' lang='lat' dir='ltr'>qui</span> 
     </span>
     <span class='ocr_line' id='line_1_16' title="bbox 122 1089 1905 1174; baseline -0.006 -17"><span class='ocrx_word' id='word_1_130' title='bbox 122 1089 309 1174; x_wconf 63' lang='lat' dir='ltr'>pignori</span> <span class='ocrx_word' id='word_1_131' title='bbox 326 1111 396 1170; x_wconf 84' lang='lat'>(3)</span> <span class='ocrx_word' id='word_1_132' title='bbox 418 1106 667 1169; x_wconf 73' lang='lat' dir='ltr'>oppositos,</span> <span class='ocrx_word' id='word_1_133' title='bbox 683 1104 831 1150; x_wconf 86' lang='lat' dir='ltr'>donec</span> <span class='ocrx_word' id='word_1_134' title='bbox 849 1103 931 1148; x_wconf 86' lang='lat' dir='ltr'>dos</span> <span class='ocrx_word' id='word_1_135' title='bbox 950 1101 1210 1155; x_wconf 88' lang='lat' dir='ltr'>solveretur,</span> <span class='ocrx_word' id='word_1_136' title='bbox 1226 1100 1420 1148; x_wconf 83' lang='lat' dir='ltr'>scribant</span> <span class='ocrx_word' id='word_1_137' title='bbox 1438 1120 1448 1148; x_wconf 91' lang='lat'><strong>:</strong></span> <span class='ocrx_word' id='word_1_138' title='bbox 1471 1102 1544 1148; x_wconf 88' lang='lat' dir='ltr'>sed</span> <span class='ocrx_word' id='word_1_139' title='bbox 1562 1103 1714 1164; x_wconf 80' lang='lat' dir='ltr'>postea</span> <span class='ocrx_word' id='word_1_140' title='bbox 1730 1102 1905 1148; x_wconf 85' lang='lat' dir='ltr'>Iacobo</span> 
     </span>
     <span class='ocr_line' id='line_1_17' title="bbox 124 1165 1904 1239; baseline -0.004 -20"><span class='ocrx_word' id='word_1_141' title='bbox 124 1174 289 1238; x_wconf 70' lang='lat' dir='ltr'>nepoti</span> <span class='ocrx_word' id='word_1_142' title='bbox 309 1190 366 1222; x_wconf 88' lang='lat' dir='ltr'>ex</span> <span class='ocrx_word' id='word_1_143' title='bbox 384 1171 477 1218; x_wconf 83' lang='lat' dir='ltr'>filia</span> <span class='ocrx_word' id='word_1_144' title='bbox 496 1185 650 1215; x_wconf 85' lang='lat' dir='ltr'>recens</span> <span class='ocrx_word' id='word_1_145' title='bbox 676 1181 781 1216; x_wconf 88' lang='lat' dir='ltr'>nato</span> <span class='ocrx_word' id='word_1_146' title='bbox 800 1167 986 1213; x_wconf 88' lang='lat' dir='ltr'>Danum</span> <span class='ocrx_word' id='word_1_147' title='bbox 1011 1182 1148 1213; x_wconf 89' lang='lat' dir='ltr'>omne</span> <span class='ocrx_word' id='word_1_148' title='bbox 1160 1166 1234 1226; x_wconf 69' lang='lat' dir='ltr'>jus</span> <span class='ocrx_word' id='word_1_149' title='bbox 1257 1165 1383 1213; x_wconf 90' lang='lat' dir='ltr'>suum</span> <span class='ocrx_word' id='word_1_150' title='bbox 1402 1167 1450 1213; x_wconf 91' lang='lat' dir='ltr'>in</span> <span class='ocrx_word' id='word_1_151' title='bbox 1472 1180 1745 1230; x_wconf 83' lang='lat' dir='ltr'>perpetuum</span> <span class='ocrx_word' id='word_1_152' title='bbox 1765 1166 1904 1239; x_wconf 74' lang='lat' dir='ltr'>cellis-</span> 
     </span>
     <span class='ocr_line' id='line_1_18' title="bbox 126 1229 1906 1286; baseline -0.005 0"><span class='ocrx_word' id='word_1_153' title='bbox 126 1239 187 1286; x_wconf 87' lang='lat' dir='ltr'>se.</span> <span class='ocrx_word' id='word_1_154' title='bbox 257 1239 378 1285; x_wconf 86' lang='lat' dir='ltr'>Cum</span> <span class='ocrx_word' id='word_1_155' title='bbox 402 1235 430 1282; x_wconf 78' lang='grc' dir='ltr'>Ξι</span> <span class='ocrx_word' id='word_1_156' title='bbox 453 1232 742 1284; x_wconf 84' lang='lat' dir='ltr'>Cancellario</span> <span class='ocrx_word' id='word_1_157' title='bbox 777 1233 880 1279; x_wconf 85' lang='lat' dir='ltr'>Rex</span> <span class='ocrx_word' id='word_1_158' title='bbox 908 1229 1074 1277; x_wconf 85' lang='lat' dir='ltr'>certior</span> <span class='ocrx_word' id='word_1_159' title='bbox 1102 1231 1206 1276; x_wconf 72' lang='lat' dir='ltr'>esset</span> <span class='ocrx_word' id='word_1_160' title='bbox 1229 1229 1390 1284; x_wconf 65' lang='lat' dir='ltr'>factus,</span> <span class='ocrx_word' id='word_1_161' title='bbox 1423 1230 1579 1277; x_wconf 87' lang='lat' dir='ltr'>omnia</span> <span class='ocrx_word' id='word_1_162' title='bbox 1606 1247 1662 1277; x_wconf 82' lang='lat' dir='ltr'>ex</span> <span class='ocrx_word' id='word_1_163' title='bbox 1685 1230 1906 1278; x_wconf 76' lang='lat' dir='ltr'>sententia</span> 
     </span>
     <span class='ocr_line' id='line_1_19' title="bbox 126 1294 1906 1360; baseline -0.005 -9"><span class='ocrx_word' id='word_1_164' title='bbox 126 1304 212 1351; x_wconf 79' lang='lat' dir='ltr'>effe</span> <span class='ocrx_word' id='word_1_165' title='bbox 235 1302 460 1355; x_wconf 68' lang='lat' dir='ltr'>confecta,</span> <span class='ocrx_word' id='word_1_166' title='bbox 493 1297 703 1360; x_wconf 78' lang='lat' dir='ltr'>proxima</span> <span class='ocrx_word' id='word_1_167' title='bbox 723 1296 889 1342; x_wconf 87' lang='lat' dir='ltr'>incidit</span> <span class='ocrx_word' id='word_1_168' title='bbox 918 1295 1195 1342; x_wconf 72' lang='lat' dir='ltr'>deliberatio.</span> <span class='ocrx_word' id='word_1_169' title='bbox 1221 1294 1278 1340; x_wconf 91' lang='lat' dir='ltr'>de</span> <span class='ocrx_word' id='word_1_170' title='bbox 1299 1295 1486 1342; x_wconf 89' lang='lat' dir='ltr'>honesto</span> <span class='ocrx_word' id='word_1_171' title='bbox 1512 1295 1740 1342; x_wconf 81' lang='lat' dir='ltr'>nobilium</span> <span class='ocrx_word' id='word_1_172' title='bbox 1761 1295 1906 1359; x_wconf 84' lang='lat' dir='ltr'>globo</span> 
     </span>
     <span class='ocr_line' id='line_1_20' title="bbox 126 1359 1907 1427; baseline -0.004 -13"><span class='ocrx_word' id='word_1_173' title='bbox 126 1368 188 1417; x_wconf 85' lang='lat' dir='ltr'>ad</span> <span class='ocrx_word' id='word_1_174' title='bbox 207 1383 371 1414; x_wconf 87' lang='lat' dir='ltr'>novam</span> <span class='ocrx_word' id='word_1_175' title='bbox 394 1365 621 1427; x_wconf 85' lang='lat' dir='ltr'>Reginam</span> <span class='ocrx_word' id='word_1_176' title='bbox 644 1359 960 1408; x_wconf 84' lang='lat' dir='ltr'>deducendam</span> <span class='ocrx_word' id='word_1_177' title='bbox 982 1359 1210 1407; x_wconf 87' lang='lat' dir='ltr'>mittendo</span> <span class='ocrx_word' id='word_1_178' title='bbox 1238 1376 1249 1406; x_wconf 76' lang='lat'>2</span> <span class='ocrx_word' id='word_1_179' title='bbox 1268 1359 1335 1404; x_wconf 89' lang='lat' dir='ltr'>ibi</span> <span class='ocrx_word' id='word_1_180' title='bbox 1351 1359 1510 1406; x_wconf 88' lang='lat' dir='ltr'>fraude</span> <span class='ocrx_word' id='word_1_181' title='bbox 1532 1359 1843 1415; x_wconf 86' lang='lat' dir='ltr'>inimicorum,</span> <span class='ocrx_word' id='word_1_182' title='bbox 1866 1366 1907 1408; x_wconf 71' lang='grc' dir='ltr'>δε</span> 
     </span>
     <span class='ocr_line' id='line_1_21' title="bbox 127 1423 1908 1494; baseline -0.004 -15"><span class='ocrx_word' id='word_1_183' title='bbox 127 1431 287 1480; x_wconf 82' lang='lat' dir='ltr'>amicis</span> <span class='ocrx_word' id='word_1_184' title='bbox 307 1445 466 1494; x_wconf 85' lang='lat' dir='ltr'>parum</span> <span class='ocrx_word' id='word_1_185' title='bbox 482 1425 862 1490; x_wconf 84' lang='lat' dir='ltr'>prospicientibus</span> <span class='ocrx_word' id='word_1_186' title='bbox 877 1425 1085 1471; x_wconf 88' lang='lat' dir='ltr'>Thomas</span> <span class='ocrx_word' id='word_1_187' title='bbox 1103 1423 1270 1472; x_wconf 80' lang='lat' dir='ltr'>ssodius</span> <span class='ocrx_word' id='word_1_188' title='bbox 1279 1424 1473 1471; x_wconf 89' lang='lat' dir='ltr'>Roberti</span> <span class='ocrx_word' id='word_1_189' title='bbox 1485 1425 1602 1471; x_wconf 86' lang='lat' dir='ltr'>filius</span> <span class='ocrx_word' id='word_1_190' title='bbox 1616 1424 1800 1472; x_wconf 86' lang='lat' dir='ltr'>Araniae</span> <span class='ocrx_word' id='word_1_191' title='bbox 1814 1425 1908 1472; x_wconf 90' lang='lat' dir='ltr'>Co-</span> 
     </span>
     <span class='ocr_line' id='line_1_22' title="bbox 130 1487 1912 1554; baseline -0.004 -10"><span class='ocrx_word' id='word_1_192' title='bbox 130 1512 247 1550; x_wconf 77' lang='lat' dir='ltr'>me3‚</span> <span class='ocrx_word' id='word_1_193' title='bbox 273 1495 457 1542; x_wconf 89' lang='lat' dir='ltr'>laudata</span> <span class='ocrx_word' id='word_1_194' title='bbox 476 1493 609 1554; x_wconf 85' lang='lat' dir='ltr'>supra</span> <span class='ocrx_word' id='word_1_195' title='bbox 626 1492 815 1537; x_wconf 89' lang='lat' dir='ltr'>modum</span> <span class='ocrx_word' id='word_1_196' title='bbox 836 1489 974 1535; x_wconf 88' lang='lat' dir='ltr'>etiam</span> <span class='ocrx_word' id='word_1_197' title='bbox 997 1489 1054 1535; x_wconf 90' lang='lat' dir='ltr'>ab</span> <span class='ocrx_word' id='word_1_198' title='bbox 1076 1487 1263 1542; x_wconf 68' lang='lat' dir='ltr'>invidis,</span> <span class='ocrx_word' id='word_1_199' title='bbox 1288 1494 1335 1536; x_wconf 68' lang='lat' dir='ltr'>&amp;c</span> <span class='ocrx_word' id='word_1_200' title='bbox 1362 1488 1511 1535; x_wconf 85' lang='lat' dir='ltr'>minus</span> <span class='ocrx_word' id='word_1_201' title='bbox 1535 1489 1677 1552; x_wconf 80' lang='lat' dir='ltr'>aequis</span> <span class='ocrx_word' id='word_1_202' title='bbox 1699 1490 1795 1552; x_wconf 87' lang='lat' dir='ltr'>ejus</span> <span class='ocrx_word' id='word_1_203' title='bbox 1819 1489 1912 1536; x_wconf 90' lang='lat' dir='ltr'>vir-</span> 
     </span>
     <span class='ocr_line' id='line_1_23' title="bbox 131 1552 1912 1622; baseline -0.004 -15"><span class='ocrx_word' id='word_1_204' title='bbox 131 1572 246 1614; x_wconf 79' lang='lat' dir='ltr'>tute,</span> <span class='ocrx_word' id='word_1_205' title='bbox 274 1561 314 1606; x_wconf 83' lang='lat'>&amp;</span> <span class='ocrx_word' id='word_1_206' title='bbox 337 1558 595 1622; x_wconf 76' lang='lat' dir='ltr'>splendore,</span> <span class='ocrx_word' id='word_1_207' title='bbox 616 1554 870 1617; x_wconf 73' lang='lat' dir='ltr'>opibusque</span> <span class='ocrx_word' id='word_1_208' title='bbox 891 1553 948 1599; x_wconf 91' lang='lat' dir='ltr'>ad</span> <span class='ocrx_word' id='word_1_209' title='bbox 979 1553 1171 1616; x_wconf 87' lang='lat' dir='ltr'>quanvis</span> <span class='ocrx_word' id='word_1_210' title='bbox 1201 1552 1588 1616; x_wconf 86' lang='lat' dir='ltr'>magnificentiam</span> <span class='ocrx_word' id='word_1_211' title='bbox 1630 1554 1912 1620; x_wconf 81' lang='lat' dir='ltr'>suppetenti-</span> 
     </span>
     <span class='ocr_line' id='line_1_24' title="bbox 132 1616 1913 1686; baseline -0.002 -15"><span class='ocrx_word' id='word_1_212' title='bbox 132 1625 217 1671; x_wconf 87' lang='lat' dir='ltr'>bus</span> <span class='ocrx_word' id='word_1_213' title='bbox 242 1624 421 1686; x_wconf 89' lang='lat' dir='ltr'>legatus</span> <span class='ocrx_word' id='word_1_214' title='bbox 443 1620 676 1682; x_wconf 82' lang='lat' dir='ltr'>deligitur.</span> <span class='ocrx_word' id='word_1_215' title='bbox 725 1619 806 1665; x_wconf 88' lang='lat' dir='ltr'>llle</span> <span class='ocrx_word' id='word_1_216' title='bbox 828 1616 956 1664; x_wconf 86' lang='lat' dir='ltr'>domi</span> <span class='ocrx_word' id='word_1_217' title='bbox 977 1618 1132 1666; x_wconf 88' lang='lat' dir='ltr'>omnia</span> <span class='ocrx_word' id='word_1_218' title='bbox 1149 1631 1276 1680; x_wconf 88' lang='lat' dir='ltr'>patre</span> <span class='ocrx_word' id='word_1_219' title='bbox 1293 1620 1490 1681; x_wconf 86' lang='lat' dir='ltr'>Prorege</span> <span class='ocrx_word' id='word_1_220' title='bbox 1512 1632 1610 1665; x_wconf 90' lang='lat' dir='ltr'>tuta</span> <span class='ocrx_word' id='word_1_221' title='bbox 1627 1632 1749 1666; x_wconf 81' lang='lat' dir='ltr'>ratus</span> <span class='ocrx_word' id='word_1_222' title='bbox 1764 1618 1913 1667; x_wconf 82' lang='lat' dir='ltr'>libens</span> 
     </span>
     <span class='ocr_line' id='line_1_25' title="bbox 132 1682 1914 1752; baseline -0.001 -19"><span class='ocrx_word' id='word_1_223' title='bbox 132 1687 465 1752; x_wconf 62' lang='lat' dir='ltr'>profectionem</span> <span class='ocrx_word' id='word_1_224' title='bbox 487 1684 693 1747; x_wconf 89' lang='lat' dir='ltr'>suscepit,</span> <span class='ocrx_word' id='word_1_225' title='bbox 715 1699 765 1728; x_wconf 90' lang='lat' dir='ltr'>ac</span> <span class='ocrx_word' id='word_1_226' title='bbox 777 1682 874 1743; x_wconf 87' lang='lat' dir='ltr'>jam</span> <span class='ocrx_word' id='word_1_227' title='bbox 892 1682 1080 1730; x_wconf 88' lang='lat' dir='ltr'>ineunte</span> <span class='ocrx_word' id='word_1_228' title='bbox 1103 1698 1325 1730; x_wconf 86' lang='lat' dir='ltr'>autumno</span> <span class='ocrx_word' id='word_1_229' title='bbox 1343 1699 1448 1731; x_wconf 86' lang='lat' dir='ltr'>cum</span> <span class='ocrx_word' id='word_1_230' title='bbox 1471 1683 1783 1740; x_wconf 84' lang='lat' dir='ltr'>familiarium,</span> <span class='ocrx_word' id='word_1_231' title='bbox 1801 1690 1840 1732; x_wconf 70' lang='grc' dir='ltr'>ἅτ</span> <span class='ocrx_word' id='word_1_232' title='bbox 1864 1700 1914 1732; x_wconf 88' lang='lat' dir='ltr'>a-</span> 
     </span>
     <span class='ocr_line' id='line_1_26' title="bbox 128 1746 1063 1801; baseline -0.002 -4"><span class='ocrx_word' id='word_1_233' title='bbox 128 1752 359 1801; x_wconf 83' lang='lat' dir='ltr'>micorum</span> <span class='ocrx_word' id='word_1_234' title='bbox 384 1750 607 1801; x_wconf 81' lang='lat' dir='ltr'>comitatu</span> <span class='ocrx_word' id='word_1_235' title='bbox 626 1746 891 1797; x_wconf 79' lang='lat' dir='ltr'>conscendit</span> <span class='ocrx_word' id='word_1_236' title='bbox 909 1763 1063 1795; x_wconf 86' lang='lat' dir='ltr'>naves.</span> 
     </span>
    </p>

    <p class='ocr_par' dir='ltr' id='par_1_7' title="bbox 87 1811 1932 2783">
     <span class='ocr_line' id='line_1_27' title="bbox 201 1811 1915 1879; baseline 0 -17"><span class='ocrx_word' id='word_1_237' title='bbox 201 1816 431 1867; x_wconf 79' lang='lat' dir='ltr'>XXVIII.</span> <span class='ocrx_word' id='word_1_238' title='bbox 464 1812 678 1863; x_wconf 89' lang='lat' dir='ltr'>Kennedi</span> <span class='ocrx_word' id='word_1_239' title='bbox 697 1813 869 1859; x_wconf 88' lang='lat' dir='ltr'>interea</span> <span class='ocrx_word' id='word_1_240' title='bbox 885 1813 1160 1860; x_wconf 59' lang='lat' dir='ltr'>labefactato</span> <span class='ocrx_word' id='word_1_241' title='bbox 1176 1811 1319 1876; x_wconf 88' lang='lat' dir='ltr'>Regis</span> <span class='ocrx_word' id='word_1_242' title='bbox 1339 1813 1512 1869; x_wconf 88' lang='lat' dir='ltr'>animo,</span> <span class='ocrx_word' id='word_1_243' title='bbox 1533 1817 1574 1861; x_wconf 75' lang='grc' dir='ltr'>δε</span> <span class='ocrx_word' id='word_1_244' title='bbox 1591 1813 1793 1868; x_wconf 88' lang='lat' dir='ltr'>vincula,</span> <span class='ocrx_word' id='word_1_245' title='bbox 1809 1815 1915 1879; x_wconf 87' lang='lat' dir='ltr'>qui-</span> 
     </span>
     <span class='ocr_line' id='line_1_28' title="bbox 138 1877 1916 1943; baseline -0.001 -14"><span class='ocrx_word' id='word_1_246' title='bbox 138 1881 223 1929; x_wconf 85' lang='lat' dir='ltr'>bus</span> <span class='ocrx_word' id='word_1_247' title='bbox 243 1880 377 1927; x_wconf 88' lang='lat' dir='ltr'>Bodii</span> <span class='ocrx_word' id='word_1_248' title='bbox 397 1878 495 1942; x_wconf 82' lang='lat' dir='ltr'>ejus</span> <span class='ocrx_word' id='word_1_249' title='bbox 517 1880 803 1924; x_wconf 85' lang='lat' dir='ltr'>voluntatem</span> <span class='ocrx_word' id='word_1_250' title='bbox 827 1877 869 1923; x_wconf 92' lang='lat' dir='ltr'>se</span> <span class='ocrx_word' id='word_1_251' title='bbox 891 1889 1144 1924; x_wconf 85' lang='lat' dir='ltr'>retenturos</span> <span class='ocrx_word' id='word_1_252' title='bbox 1168 1878 1434 1933; x_wconf 87' lang='lat' dir='ltr'>credebant,</span> <span class='ocrx_word' id='word_1_253' title='bbox 1451 1895 1616 1941; x_wconf 88' lang='lat' dir='ltr'>nempe</span> <span class='ocrx_word' id='word_1_254' title='bbox 1637 1879 1916 1943; x_wconf 83' lang='lat' dir='ltr'>voluptates,</span> 
     </span>
     <span class='ocr_line' id='line_1_29' title="bbox 138 1941 1919 2009; baseline 0 -18"><span class='ocrx_word' id='word_1_255' title='bbox 138 1949 193 1996; x_wconf 75' lang='grc' dir='ltr'>δε</span> <span class='ocrx_word' id='word_1_256' title='bbox 215 1943 242 1991; x_wconf 73' lang='lat' dir='ltr'>a</span> <span class='ocrx_word' id='word_1_257' title='bbox 263 1944 385 1991; x_wconf 86' lang='lat' dir='ltr'>curis</span> <span class='ocrx_word' id='word_1_258' title='bbox 405 1942 604 2007; x_wconf 74' lang='lat' dir='ltr'>publicis</span> <span class='ocrx_word' id='word_1_259' title='bbox 639 1942 792 1991; x_wconf 87' lang='lat' dir='ltr'>ocium</span> <span class='ocrx_word' id='word_1_260' title='bbox 826 1941 1049 1989; x_wconf 83' lang='lat' dir='ltr'>trahendo</span> <span class='ocrx_word' id='word_1_261' title='bbox 1071 1943 1120 1992; x_wconf 86' lang='lat' dir='ltr'>in</span> <span class='ocrx_word' id='word_1_262' title='bbox 1142 1942 1331 1997; x_wconf 87' lang='lat' dir='ltr'>crimen,</span> <span class='ocrx_word' id='word_1_263' title='bbox 1368 1945 1620 2008; x_wconf 72' lang='lat' dir='ltr'>eorumque</span> <span class='ocrx_word' id='word_1_264' title='bbox 1653 1961 1781 2007; x_wconf 85' lang='lat' dir='ltr'>opes,</span> <span class='ocrx_word' id='word_1_265' title='bbox 1814 1961 1919 2009; x_wconf 85' lang='lat' dir='ltr'>quae</span> 
     </span>
     <span class='ocr_line' id='line_1_30' title="bbox 138 2006 1919 2071; baseline 0.001 -16"><span class='ocrx_word' id='word_1_266' title='bbox 138 2009 236 2071; x_wconf 82' lang='lat' dir='ltr'>jam</span> <span class='ocrx_word' id='word_1_267' title='bbox 260 2022 389 2056; x_wconf 88' lang='lat' dir='ltr'>erant</span> <span class='ocrx_word' id='word_1_268' title='bbox 418 2008 648 2062; x_wconf 74' lang='lat' dir='ltr'>maximae,</span> <span class='ocrx_word' id='word_1_269' title='bbox 681 2009 808 2054; x_wconf 89' lang='lat' dir='ltr'>velut</span> <span class='ocrx_word' id='word_1_270' title='bbox 837 2006 958 2068; x_wconf 83' lang='lat' dir='ltr'>Regi</span> <span class='ocrx_word' id='word_1_271' title='bbox 982 2007 1298 2058; x_wconf 84' lang='lat' dir='ltr'>formidolosas</span> <span class='ocrx_word' id='word_1_272' title='bbox 1319 2007 1365 2053; x_wconf 91' lang='lat' dir='ltr'>in</span> <span class='ocrx_word' id='word_1_273' title='bbox 1391 2010 1537 2070; x_wconf 88' lang='lat' dir='ltr'>majus</span> <span class='ocrx_word' id='word_1_274' title='bbox 1561 2010 1844 2065; x_wconf 85' lang='lat' dir='ltr'>extollendo,</span> <span class='ocrx_word' id='word_1_275' title='bbox 1866 2026 1919 2058; x_wconf 87' lang='lat' dir='ltr'>ac</span> 
     </span>
     <span class='ocr_line' id='line_1_31' title="bbox 139 2071 1922 2135; baseline 0.001 -15"><span class='ocrx_word' id='word_1_276' title='bbox 139 2073 339 2124; x_wconf 77' lang='lat' dir='ltr'>nomine-</span> <span class='ocrx_word' id='word_1_277' title='bbox 360 2074 595 2135; x_wconf 77' lang='lat' dir='ltr'>peculatus</span> <span class='ocrx_word' id='word_1_278' title='bbox 625 2071 829 2134; x_wconf 66' lang='lat' dir='ltr'>praedam</span> <span class='ocrx_word' id='word_1_279' title='bbox 851 2087 907 2117; x_wconf 85' lang='lat' dir='ltr'>ex</span> <span class='ocrx_word' id='word_1_280' title='bbox 930 2087 1087 2118; x_wconf 88' lang='lat' dir='ltr'>eorum</span> <span class='ocrx_word' id='word_1_281' title='bbox 1109 2071 1243 2119; x_wconf 85' lang='lat' dir='ltr'>ruina</span> <span class='ocrx_word' id='word_1_282' title='bbox 1263 2072 1541 2120; x_wconf 86' lang='lat' dir='ltr'>ostendendo</span> <span class='ocrx_word' id='word_1_283' title='bbox 1563 2073 1768 2120; x_wconf 86' lang='lat' dir='ltr'>animum</span> <span class='ocrx_word' id='word_1_284' title='bbox 1790 2073 1922 2121; x_wconf 88' lang='lat' dir='ltr'>infir-</span> 
     </span>
     <span class='ocr_line' id='line_1_32' title="bbox 148 2136 1920 2198; baseline 0.001 -14"><span class='ocrx_word' id='word_1_285' title='bbox 148 2153 296 2191; x_wconf 87' lang='lat' dir='ltr'>mum,</span> <span class='ocrx_word' id='word_1_286' title='bbox 328 2141 373 2185; x_wconf 64' lang='grc' dir='ltr'>’ἃ</span> <span class='ocrx_word' id='word_1_287' title='bbox 404 2136 745 2198; x_wconf 83' lang='lat' dir='ltr'>suspitionibus,</span> <span class='ocrx_word' id='word_1_288' title='bbox 773 2148 911 2197; x_wconf 86' lang='lat' dir='ltr'>atque</span> <span class='ocrx_word' id='word_1_289' title='bbox 946 2136 1149 2183; x_wconf 76' lang='lat' dir='ltr'>avaritia:</span> <span class='ocrx_word' id='word_1_290' title='bbox 1177 2150 1490 2198; x_wconf 88' lang='lat' dir='ltr'>opportunum</span> <span class='ocrx_word' id='word_1_291' title='bbox 1515 2137 1638 2184; x_wconf 77' lang='lat' dir='ltr'>varie</span> <span class='ocrx_word' id='word_1_292' title='bbox 1668 2138 1920 2188; x_wconf 87' lang='lat' dir='ltr'>versabant.</span> 
     </span>
     <span class='ocr_line' id='line_1_33' title="bbox 147 2198 1925 2263; baseline 0.001 -15"><span class='ocrx_word' id='word_1_293' title='bbox 147 2202 286 2253; x_wconf 84' lang='lat' dir='ltr'>Bodii</span> <span class='ocrx_word' id='word_1_294' title='bbox 303 2217 418 2248; x_wconf 87' lang='lat' dir='ltr'>vero</span> <span class='ocrx_word' id='word_1_295' title='bbox 433 2201 513 2248; x_wconf 77' lang='lat' dir='ltr'>etsi</span> <span class='ocrx_word' id='word_1_296' title='bbox 535 2198 770 2263; x_wconf 85' lang='lat' dir='ltr'>obsequio,</span> <span class='ocrx_word' id='word_1_297' title='bbox 792 2204 832 2246; x_wconf 86' lang='lat'>&amp;</span> <span class='ocrx_word' id='word_1_298' title='bbox 851 2199 1078 2247; x_wconf 87' lang='lat' dir='ltr'>malorum</span> <span class='ocrx_word' id='word_1_299' title='bbox 1096 2200 1386 2262; x_wconf 87' lang='lat' dir='ltr'>publicorum</span> <span class='ocrx_word' id='word_1_300' title='bbox 1410 2202 1758 2250; x_wconf 85' lang='lat' dir='ltr'>diflimulatione</span> <span class='ocrx_word' id='word_1_301' title='bbox 1777 2202 1804 2249; x_wconf 75' lang='lat' dir='ltr'>a</span> <span class='ocrx_word' id='word_1_302' title='bbox 1822 2208 1925 2250; x_wconf 86' lang='lat' dir='ltr'>mo-</span> 
     </span>
     <span class='ocr_line' id='line_1_34' title="bbox 146 2264 1926 2332; baseline 0.001 -18"><span class='ocrx_word' id='word_1_303' title='bbox 146 2267 265 2314; x_wconf 86' lang='lat' dir='ltr'>lestis</span> <span class='ocrx_word' id='word_1_304' title='bbox 288 2264 646 2329; x_wconf 85' lang='lat' dir='ltr'>cogitationibus</span> <span class='ocrx_word' id='word_1_305' title='bbox 670 2267 848 2326; x_wconf 86' lang='lat' dir='ltr'>Regem</span> <span class='ocrx_word' id='word_1_306' title='bbox 872 2276 1074 2312; x_wconf 87' lang='lat' dir='ltr'>avertere</span> <span class='ocrx_word' id='word_1_307' title='bbox 1095 2278 1383 2321; x_wconf 84' lang='lat' dir='ltr'>conarentur,</span> <span class='ocrx_word' id='word_1_308' title='bbox 1409 2277 1560 2313; x_wconf 89' lang='lat' dir='ltr'>tamen</span> <span class='ocrx_word' id='word_1_309' title='bbox 1587 2275 1632 2315; x_wconf 70' lang='grc' dir='ltr'>ὅε</span> <span class='ocrx_word' id='word_1_310' title='bbox 1656 2268 1788 2332; x_wconf 88' lang='lat' dir='ltr'>vulgi</span> <span class='ocrx_word' id='word_1_311' title='bbox 1809 2284 1926 2331; x_wconf 90' lang='lat' dir='ltr'>que-</span> 
     </span>
     <span class='ocr_line' id='line_1_35' title="bbox 146 2328 1925 2391; baseline 0.002 -14"><span class='ocrx_word' id='word_1_312' title='bbox 146 2329 383 2384; x_wconf 74' lang='lat' dir='ltr'>rimoniae„</span> <span class='ocrx_word' id='word_1_313' title='bbox 397 2334 437 2376; x_wconf 75' lang='grc' dir='ltr'>δε</span> <span class='ocrx_word' id='word_1_314' title='bbox 456 2329 571 2375; x_wconf 81' lang='lat' dir='ltr'>aulae</span> <span class='ocrx_word' id='word_1_315' title='bbox 594 2328 809 2382; x_wconf 83' lang='lat' dir='ltr'>solitudO,</span> <span class='ocrx_word' id='word_1_316' title='bbox 833 2341 1036 2391; x_wconf 86' lang='lat' dir='ltr'>utraeque</span> <span class='ocrx_word' id='word_1_317' title='bbox 1057 2329 1114 2375; x_wconf 88' lang='lat' dir='ltr'>ab</span> <span class='ocrx_word' id='word_1_318' title='bbox 1136 2329 1335 2376; x_wconf 89' lang='lat' dir='ltr'>inimicis</span> <span class='ocrx_word' id='word_1_319' title='bbox 1356 2333 1499 2377; x_wconf 66' lang='lat' dir='ltr'>auctae</span> <span class='ocrx_word' id='word_1_320' title='bbox 1519 2332 1576 2378; x_wconf 89' lang='lat' dir='ltr'>de</span> <span class='ocrx_word' id='word_1_321' title='bbox 1596 2330 1830 2388; x_wconf 88' lang='lat' dir='ltr'>industria,</span> <span class='ocrx_word' id='word_1_322' title='bbox 1857 2347 1925 2381; x_wconf 90' lang='lat' dir='ltr'>te-</span> 
     </span>
     <span class='ocr_line' id='line_1_36' title="bbox 147 2393 1926 2460; baseline 0.003 -20"><span class='ocrx_word' id='word_1_323' title='bbox 147 2394 198 2460; x_wconf 81' lang='lat' dir='ltr'>gi</span> <span class='ocrx_word' id='word_1_324' title='bbox 221 2411 312 2440; x_wconf 90' lang='lat' dir='ltr'>non</span> <span class='ocrx_word' id='word_1_325' title='bbox 336 2405 574 2456; x_wconf 79' lang='lat' dir='ltr'>poterant:</span> <span class='ocrx_word' id='word_1_326' title='bbox 596 2410 681 2439; x_wconf 89' lang='lat' dir='ltr'>nec</span> <span class='ocrx_word' id='word_1_327' title='bbox 703 2393 906 2447; x_wconf 81' lang='lat' dir='ltr'>deerant,</span> <span class='ocrx_word' id='word_1_328' title='bbox 932 2393 1011 2455; x_wconf 89' lang='lat' dir='ltr'>qui</span> <span class='ocrx_word' id='word_1_329' title='bbox 1034 2396 1212 2457; x_wconf 88' lang='lat' dir='ltr'>Regem</span> <span class='ocrx_word' id='word_1_330' title='bbox 1235 2394 1483 2441; x_wconf 85' lang='lat' dir='ltr'>solitarium</span> <span class='ocrx_word' id='word_1_331' title='bbox 1507 2396 1628 2443; x_wconf 66' lang='lat' dir='ltr'>nacti</span> <span class='ocrx_word' id='word_1_332' title='bbox 1649 2396 1706 2443; x_wconf 86' lang='lat' dir='ltr'>de</span> <span class='ocrx_word' id='word_1_333' title='bbox 1724 2397 1926 2459; x_wconf 87' lang='lat' dir='ltr'>publicis</span> 
     </span>
     <span class='ocr_line' id='line_1_37' title="bbox 149 2457 1929 2524; baseline -0.001 -18"><span class='ocrx_word' id='word_1_334' title='bbox 149 2457 568 2512; x_wconf 14' lang='lat' dir='ltr'>calamitatibus,d&amp;</span> <span class='ocrx_word' id='word_1_335' title='bbox 586 2474 743 2508; x_wconf 79' lang='lat' dir='ltr'>eorum</span> <span class='ocrx_word' id='word_1_336' title='bbox 765 2457 979 2503; x_wconf 87' lang='lat' dir='ltr'>remediis</span> <span class='ocrx_word' id='word_1_337' title='bbox 997 2457 1184 2505; x_wconf 81' lang='lat' dir='ltr'>liberius</span> <span class='ocrx_word' id='word_1_338' title='bbox 1204 2459 1503 2507; x_wconf 87' lang='lat' dir='ltr'>admonerent</span> <span class='ocrx_word' id='word_1_339' title='bbox 1523 2478 1538 2509; x_wconf 75' lang='lat' dir='ltr'>z,</span> <span class='ocrx_word' id='word_1_340' title='bbox 1557 2467 1597 2507; x_wconf 83' lang='lat'>&amp;</span> <span class='ocrx_word' id='word_1_341' title='bbox 1617 2463 1717 2508; x_wconf 84' lang='lat' dir='ltr'>Rex</span> <span class='ocrx_word' id='word_1_342' title='bbox 1733 2461 1826 2524; x_wconf 89' lang='lat' dir='ltr'>ipse</span> <span class='ocrx_word' id='word_1_343' title='bbox 1848 2480 1929 2510; x_wconf 87' lang='lat' dir='ltr'>ve.</span> 
     </span>
     <span class='ocr_line' id='line_1_38' title="bbox 148 2522 1929 2591; baseline 0.002 -21"><span class='ocrx_word' id='word_1_344' title='bbox 148 2524 220 2570; x_wconf 90' lang='lat' dir='ltr'>lut</span> <span class='ocrx_word' id='word_1_345' title='bbox 241 2524 300 2569; x_wconf 84' lang='lat' dir='ltr'>ad</span> <span class='ocrx_word' id='word_1_346' title='bbox 322 2538 451 2569; x_wconf 87' lang='lat' dir='ltr'>curas</span> <span class='ocrx_word' id='word_1_347' title='bbox 469 2522 623 2570; x_wconf 87' lang='lat' dir='ltr'>viriles</span> <span class='ocrx_word' id='word_1_348' title='bbox 647 2522 891 2584; x_wconf 76' lang='lat' dir='ltr'>affurgen5‚</span> <span class='ocrx_word' id='word_1_349' title='bbox 912 2539 1015 2584; x_wconf 86' lang='lat' dir='ltr'>quae</span> <span class='ocrx_word' id='word_1_350' title='bbox 1032 2524 1175 2587; x_wconf 87' lang='lat' dir='ltr'>vulgo</span> <span class='ocrx_word' id='word_1_351' title='bbox 1197 2523 1372 2579; x_wconf 74' lang='lat' dir='ltr'>fierent,</span> <span class='ocrx_word' id='word_1_352' title='bbox 1392 2524 1725 2588; x_wconf 74' lang='lat' dir='ltr'>nunnunquam</span> <span class='ocrx_word' id='word_1_353' title='bbox 1746 2527 1929 2591; x_wconf 84' lang='lat' dir='ltr'>ingrata</span> 
     </span>
     <span class='ocr_line' id='line_1_39' title="bbox 154 2586 1931 2651; baseline 0.003 -17"><span class='ocrx_word' id='word_1_354' title='bbox 154 2587 238 2637; x_wconf 79' lang='lat' dir='ltr'>fibi</span> <span class='ocrx_word' id='word_1_355' title='bbox 259 2589 343 2634; x_wconf 80' lang='lat' dir='ltr'>effe</span> <span class='ocrx_word' id='word_1_356' title='bbox 365 2587 656 2636; x_wconf 80' lang='lat' dir='ltr'>monstrabat.</span> <span class='ocrx_word' id='word_1_357' title='bbox 722 2586 828 2635; x_wconf 79' lang='lat' dir='ltr'>Nec</span> <span class='ocrx_word' id='word_1_358' title='bbox 844 2586 998 2640; x_wconf 83' lang='lat' dir='ltr'>Rodii,</span> <span class='ocrx_word' id='word_1_359' title='bbox 1017 2604 1284 2651; x_wconf 85' lang='lat' dir='ltr'>quanquam</span> <span class='ocrx_word' id='word_1_360' title='bbox 1300 2605 1405 2635; x_wconf 90' lang='lat' dir='ltr'>eum</span> <span class='ocrx_word' id='word_1_361' title='bbox 1429 2589 1512 2635; x_wconf 80' lang='lat' dir='ltr'>fibi</span> <span class='ocrx_word' id='word_1_362' title='bbox 1532 2590 1755 2651; x_wconf 84' lang='lat' dir='ltr'>paulatim</span> <span class='ocrx_word' id='word_1_363' title='bbox 1777 2592 1931 2640; x_wconf 87' lang='lat' dir='ltr'>minus</span> 
     </span>
     <span class='ocr_line' id='line_1_40' title="bbox 150 2650 1930 2715; baseline 0.003 -17"><span class='ocrx_word' id='word_1_364' title='bbox 150 2652 564 2713; x_wconf 80' lang='lat' dir='ltr'>obtemperantem,</span> <span class='ocrx_word' id='word_1_365' title='bbox 586 2655 636 2700; x_wconf 69' lang='grc' dir='ltr'>ὃς</span> <span class='ocrx_word' id='word_1_366' title='bbox 658 2650 828 2712; x_wconf 84' lang='lat' dir='ltr'>pariter</span> <span class='ocrx_word' id='word_1_367' title='bbox 850 2650 1074 2698; x_wconf 87' lang='lat' dir='ltr'>invidiam</span> <span class='ocrx_word' id='word_1_368' title='bbox 1096 2653 1367 2715; x_wconf 85' lang='lat' dir='ltr'>popularem</span> <span class='ocrx_word' id='word_1_369' title='bbox 1389 2654 1636 2702; x_wconf 86' lang='lat' dir='ltr'>increscere</span> <span class='ocrx_word' id='word_1_370' title='bbox 1658 2654 1930 2712; x_wconf 86' lang='lat' dir='ltr'>sentiebant,</span> 
     </span>
     <span class='ocr_line' id='line_1_41' title="bbox 87 2715 1932 2783; baseline 0.003 -22"><span class='ocrx_word' id='word_1_371' title='bbox 87 2738 90 2740; x_wconf 90' lang='lat'>·</span> <span class='ocrx_word' id='word_1_372' title='bbox 146 2715 402 2778; x_wconf 77' lang='lat' dir='ltr'>quicquam</span> <span class='ocrx_word' id='word_1_373' title='bbox 426 2728 578 2762; x_wconf 87' lang='lat' dir='ltr'>tamen</span> <span class='ocrx_word' id='word_1_374' title='bbox 602 2715 626 2762; x_wconf 77' lang='grc' dir='ltr'>ὲ</span> <span class='ocrx_word' id='word_1_375' title='bbox 649 2715 877 2776; x_wconf 83' lang='lat' dir='ltr'>superiore</span> <span class='ocrx_word' id='word_1_376' title='bbox 906 2715 1095 2763; x_wconf 89' lang='lat' dir='ltr'>licentia</span> <span class='ocrx_word' id='word_1_377' title='bbox 1116 2717 1410 2774; x_wconf 88' lang='lat' dir='ltr'>omittebant,</span> <span class='ocrx_word' id='word_1_378' title='bbox 1433 2719 1586 2765; x_wconf 81' lang='lat' dir='ltr'>confisi</span> <span class='ocrx_word' id='word_1_379' title='bbox 1615 2726 1654 2766; x_wconf 76' lang='grc' dir='ltr'>δι</span> <span class='ocrx_word' id='word_1_380' title='bbox 1677 2720 1861 2783; x_wconf 87' lang='lat' dir='ltr'>pristina</span> <span class='ocrx_word' id='word_1_381' title='bbox 1882 2738 1932 2767; x_wconf 89' lang='lat' dir='ltr'>e-</span> 
     </span>
    </p>

    <p class='ocr_par' dir='ltr' id='par_1_8' title="bbox 143 2775 1937 2848">
     <span class='ocr_line' id='line_1_42' title="bbox 143 2775 1937 2848; baseline 0.004 -22"><span class='ocrx_word' id='word_1_382' title='bbox 143 2779 223 2842; x_wconf 46' lang='lat' dir='ltr'>,ius</span> <span class='ocrx_word' id='word_1_383' title='bbox 257 2778 495 2836; x_wconf 77' lang='lat' dir='ltr'>facilitate,</span> <span class='ocrx_word' id='word_1_384' title='bbox 521 2783 572 2831; x_wconf 71' lang='grc' dir='ltr'>δε</span> <span class='ocrx_word' id='word_1_385' title='bbox 604 2780 741 2828; x_wconf 88' lang='lat' dir='ltr'>venia</span> <span class='ocrx_word' id='word_1_386' title='bbox 760 2775 1095 2842; x_wconf 56' lang='lat' dir='ltr'>praeteritorum</span> <span class='ocrx_word' id='word_1_387' title='bbox 1124 2795 1341 2845; x_wconf 83' lang='lat' dir='ltr'>accaepta.</span> <span class='ocrx_word' id='word_1_388' title='bbox 1406 2783 1561 2848; x_wconf 80' lang='lat' dir='ltr'>Igitur</span> <span class='ocrx_word' id='word_1_389' title='bbox 1579 2784 1763 2832; x_wconf 87' lang='lat' dir='ltr'>adversa</span> <span class='ocrx_word' id='word_1_390' title='bbox 1793 2784 1937 2834; x_wconf 65' lang='lat' dir='ltr'>factio</span> 
     </span>
    </p>
   </div>
   <div class='ocr_carea' id='block_1_4' title="bbox 80 2906 1036 3692">
    <p class='ocr_par' dir='ltr' id='par_1_9' title="bbox 80 2906 1030 3333">
     <span class='ocr_line' id='line_1_43' title="bbox 217 2906 1024 2960; baseline 0.005 -16"><span class='ocrx_word' id='word_1_391' title='bbox 217 2906 288 2958; x_wconf 69' lang='grc' dir='ltr'>(ι.)</span> <span class='ocrx_word' id='word_1_392' title='bbox 312 2907 400 2951; x_wconf 69' lang='lat' dir='ltr'>The</span> <span class='ocrx_word' id='word_1_393' title='bbox 422 2909 586 2949; x_wconf 78' lang='lat' dir='ltr'>oecafion</span> <span class='ocrx_word' id='word_1_394' title='bbox 615 2909 661 2946; x_wconf 88' lang='lat' dir='ltr'>of</span> <span class='ocrx_word' id='word_1_395' title='bbox 687 2908 762 2950; x_wconf 84' lang='lat' dir='ltr'>this</span> <span class='ocrx_word' id='word_1_396' title='bbox 793 2910 1024 2960; x_wconf 84' lang='lat' dir='ltr'>controversy</span> 
     </span>
     <span class='ocr_line' id='line_1_44' title="bbox 161 2960 1026 3009; baseline 0.006 -12"><span class='ocrx_word' id='word_1_397' title='bbox 161 2973 238 3002; x_wconf 75' lang='lat' dir='ltr'>was</span> <span class='ocrx_word' id='word_1_398' title='bbox 266 2960 332 2998; x_wconf 84' lang='lat' dir='ltr'>the</span> <span class='ocrx_word' id='word_1_399' title='bbox 361 2961 542 2998; x_wconf 83' lang='lat' dir='ltr'>ambition</span> <span class='ocrx_word' id='word_1_400' title='bbox 568 2961 613 2999; x_wconf 92' lang='lat' dir='ltr'>of</span> <span class='ocrx_word' id='word_1_401' title='bbox 635 2963 782 3001; x_wconf 78' lang='lat' dir='ltr'>Donald</span> <span class='ocrx_word' id='word_1_402' title='bbox 801 2963 918 3009; x_wconf 82' lang='lat' dir='ltr'>Bane,</span> <span class='ocrx_word' id='word_1_403' title='bbox 939 2964 1026 3002; x_wconf 88' lang='lat' dir='ltr'>who</span> 
     </span>
     <span class='ocr_line' id='line_1_45' title="bbox 165 3012 1026 3065; baseline 0.008 -17"><span class='ocrx_word' id='word_1_404' title='bbox 165 3025 254 3060; x_wconf 82' lang='lat' dir='ltr'>gave</span> <span class='ocrx_word' id='word_1_405' title='bbox 275 3012 340 3051; x_wconf 92' lang='lat' dir='ltr'>the</span> <span class='ocrx_word' id='word_1_406' title='bbox 359 3013 453 3052; x_wconf 65' lang='lat' dir='ltr'>west&gt;</span> <span class='ocrx_word' id='word_1_407' title='bbox 472 3015 542 3053; x_wconf 84' lang='lat' dir='ltr'>and</span> <span class='ocrx_word' id='word_1_408' title='bbox 573 3015 684 3052; x_wconf 86' lang='lat' dir='ltr'>north</span> <span class='ocrx_word' id='word_1_409' title='bbox 702 3015 783 3053; x_wconf 85' lang='lat' dir='ltr'>isses</span> <span class='ocrx_word' id='word_1_410' title='bbox 804 3024 843 3053; x_wconf 93' lang='lat' dir='ltr'>to</span> <span class='ocrx_word' id='word_1_411' title='bbox 860 3012 1026 3065; x_wconf 81' lang='lat' dir='ltr'>Magnus</span> 
     </span>
     <span class='ocr_line' id='line_1_46' title="bbox 167 3065 1026 3114; baseline 0.007 -13"><span class='ocrx_word' id='word_1_412' title='bbox 167 3065 265 3112; x_wconf 81' lang='lat' dir='ltr'>king</span> <span class='ocrx_word' id='word_1_413' title='bbox 276 3066 549 3114; x_wconf 74' lang='lat' dir='ltr'>ofNorway,t0</span> <span class='ocrx_word' id='word_1_414' title='bbox 565 3067 660 3108; x_wconf 70' lang='lat' dir='ltr'>affist</span> <span class='ocrx_word' id='word_1_415' title='bbox 671 3068 755 3105; x_wconf 83' lang='lat' dir='ltr'>him</span> <span class='ocrx_word' id='word_1_416' title='bbox 767 3077 806 3106; x_wconf 87' lang='lat' dir='ltr'>to</span> <span class='ocrx_word' id='word_1_417' title='bbox 817 3069 883 3106; x_wconf 90' lang='lat' dir='ltr'>the</span> <span class='ocrx_word' id='word_1_418' title='bbox 901 3083 1026 3107; x_wconf 89' lang='lat' dir='ltr'>crown</span> 
     </span>
     <span class='ocr_line' id='line_1_47' title="bbox 166 3119 1026 3166; baseline 0.008 -12"><span class='ocrx_word' id='word_1_419' title='bbox 166 3119 213 3155; x_wconf 86' lang='lat' dir='ltr'>of</span> <span class='ocrx_word' id='word_1_420' title='bbox 244 3119 432 3164; x_wconf 77' lang='lat' dir='ltr'>scotland,</span> <span class='ocrx_word' id='word_1_421' title='bbox 461 3119 557 3157; x_wconf 83' lang='lat' dir='ltr'>after</span> <span class='ocrx_word' id='word_1_422' title='bbox 583 3120 649 3160; x_wconf 83' lang='lat' dir='ltr'>the</span> <span class='ocrx_word' id='word_1_423' title='bbox 668 3122 781 3166; x_wconf 80' lang='lat' dir='ltr'>death</span> <span class='ocrx_word' id='word_1_424' title='bbox 797 3122 842 3163; x_wconf 82' lang='lat' dir='ltr'>of</span> <span class='ocrx_word' id='word_1_425' title='bbox 863 3122 922 3160; x_wconf 86' lang='lat' dir='ltr'>his</span> <span class='ocrx_word' id='word_1_426' title='bbox 943 3123 1026 3161; x_wconf 87' lang='lat' dir='ltr'>bro·-</span> 
     </span>
     <span class='ocr_line' id='line_1_48' title="bbox 165 3171 1025 3228; baseline 0.008 -21"><span class='ocrx_word' id='word_1_427' title='bbox 165 3171 254 3209; x_wconf 80' lang='lat' dir='ltr'>ther</span> <span class='ocrx_word' id='word_1_428' title='bbox 283 3171 694 3220; x_wconf 33' lang='lat' dir='ltr'>Malcolmleanmore,</span> <span class='ocrx_word' id='word_1_429' title='bbox 709 3174 776 3212; x_wconf 85' lang='lat' dir='ltr'>lib.</span> <span class='ocrx_word' id='word_1_430' title='bbox 797 3188 834 3224; x_wconf 91' lang='lat'>7.</span> <span class='ocrx_word' id='word_1_431' title='bbox 855 3189 935 3226; x_wconf 87' lang='lat' dir='ltr'>cap.</span> <span class='ocrx_word' id='word_1_432' title='bbox 958 3189 1025 3228; x_wconf 82' lang='lat'>23.</span> 
     </span>
     <span class='ocr_line' id='line_1_49' title="bbox 173 3224 1030 3272; baseline 0.008 -12"><span class='ocrx_word' id='word_1_433' title='bbox 173 3224 282 3272; x_wconf 76' lang='lat' dir='ltr'>King</span> <span class='ocrx_word' id='word_1_434' title='bbox 302 3225 516 3261; x_wconf 85' lang='lat' dir='ltr'>Alexander</span> <span class='ocrx_word' id='word_1_435' title='bbox 535 3225 606 3270; x_wconf 72' lang='lat'>111.</span> <span class='ocrx_word' id='word_1_436' title='bbox 639 3231 830 3270; x_wconf 71' lang='lat' dir='ltr'>recovered</span> <span class='ocrx_word' id='word_1_437' title='bbox 854 3229 919 3266; x_wconf 88' lang='lat' dir='ltr'>the</span> <span class='ocrx_word' id='word_1_438' title='bbox 955 3230 1030 3267; x_wconf 84' lang='lat' dir='ltr'>said</span> 
     </span>
     <span class='ocr_line' id='line_1_50' title="bbox 80 3270 1029 3333; baseline 0.008 -21"><span class='ocrx_word' id='word_1_439' title='bbox 80 3270 82 3276; x_wconf 78' lang='grc'><strong>’</strong></span> <span class='ocrx_word' id='word_1_440' title='bbox 154 3277 252 3318; x_wconf 69' lang='lat' dir='ltr'>‚isses</span> <span class='ocrx_word' id='word_1_441' title='bbox 271 3278 367 3314; x_wconf 86' lang='lat' dir='ltr'>after</span> <span class='ocrx_word' id='word_1_442' title='bbox 384 3277 449 3314; x_wconf 88' lang='lat' dir='ltr'>the</span> <span class='ocrx_word' id='word_1_443' title='bbox 464 3277 580 3315; x_wconf 79' lang='lat' dir='ltr'>battle</span> <span class='ocrx_word' id='word_1_444' title='bbox 599 3279 643 3317; x_wconf 85' lang='lat' dir='ltr'>of</span> <span class='ocrx_word' id='word_1_445' title='bbox 655 3280 780 3328; x_wconf 79' lang='lat' dir='ltr'>Largs,</span> <span class='ocrx_word' id='word_1_446' title='bbox 800 3282 867 3319; x_wconf 86' lang='lat' dir='ltr'>lib.</span> <span class='ocrx_word' id='word_1_447' title='bbox 890 3295 929 3331; x_wconf 91' lang='lat'>7.</span> <span class='ocrx_word' id='word_1_448' title='bbox 949 3295 1029 3333; x_wconf 86' lang='lat' dir='ltr'>cap.</span> 
     </span>
    </p>

    <p class='ocr_par' dir='ltr' id='par_1_10' title="bbox 172 3329 1034 3478">
     <span class='ocr_line' id='line_1_51' title="bbox 172 3329 1032 3379; baseline 0.009 -13"><span class='ocrx_word' id='word_1_449' title='bbox 172 3330 239 3366; x_wconf 79' lang='lat'>62.</span> <span class='ocrx_word' id='word_1_450' title='bbox 273 3331 339 3367; x_wconf 87' lang='lat' dir='ltr'>but</span> <span class='ocrx_word' id='word_1_451' title='bbox 358 3329 617 3379; x_wconf 78' lang='lat' dir='ltr'>Orkney-and</span> <span class='ocrx_word' id='word_1_452' title='bbox 648 3331 848 3372; x_wconf 81' lang='lat' dir='ltr'>Schetland</span> <span class='ocrx_word' id='word_1_453' title='bbox 866 3335 963 3376; x_wconf 87' lang='lat' dir='ltr'>seem</span> <span class='ocrx_word' id='word_1_454' title='bbox 993 3345 1032 3374; x_wconf 81' lang='lat' dir='ltr'>to</span> 
     </span>
     <span class='ocr_line' id='line_1_52' title="bbox 174 3381 1034 3436; baseline 0.009 -17"><span class='ocrx_word' id='word_1_455' title='bbox 174 3381 268 3424; x_wconf 69' lang='lat' dir='ltr'>have</span> <span class='ocrx_word' id='word_1_456' title='bbox 289 3386 400 3429; x_wconf 44' lang='lat' dir='ltr'>stood„</span> <span class='ocrx_word' id='word_1_457' title='bbox 418 3382 723 3436; x_wconf 70' lang='lat' dir='ltr'>iu‘controversy</span> <span class='ocrx_word' id='word_1_458' title='bbox 750 3399 834 3432; x_wconf 62' lang='lat' dir='ltr'>exter</span> <span class='ocrx_word' id='word_1_459' title='bbox 865 3388 926 3433; x_wconf 77' lang='lat' dir='ltr'>till</span> <span class='ocrx_word' id='word_1_460' title='bbox 958 3388 1034 3432; x_wconf 83' lang='lat' dir='ltr'>this</span> 
     </span>
     <span class='ocr_line' id='line_1_53' title="bbox 173 3443 285 3478; baseline 0 -5"><span class='ocrx_word' id='word_1_461' title='bbox 173 3443 285 3478; x_wconf 64' lang='lat' dir='ltr'>time.</span> 
     </span>
    </p>

    <p class='ocr_par' dir='ltr' id='par_1_11' title="bbox 176 3488 1036 3691">
     <span class='ocr_line' id='line_1_54' title="bbox 229 3488 1036 3539; baseline 0.009 -13"><span class='ocrx_word' id='word_1_462' title='bbox 229 3491 290 3538; x_wconf 90' lang='lat'>(2)</span> <span class='ocrx_word' id='word_1_463' title='bbox 321 3490 388 3532; x_wconf 82' lang='lat' dir='ltr'>See</span> <span class='ocrx_word' id='word_1_464' title='bbox 407 3488 474 3527; x_wconf 88' lang='lat' dir='ltr'>lib.</span> <span class='ocrx_word' id='word_1_465' title='bbox 497 3501 557 3527; x_wconf 92' lang='lat'>10.</span> <span class='ocrx_word' id='word_1_466' title='bbox 585 3502 664 3539; x_wconf 88' lang='lat' dir='ltr'>cap.</span> <span class='ocrx_word' id='word_1_467' title='bbox 682 3491 747 3528; x_wconf 84' lang='lat'>28.</span> <span class='ocrx_word' id='word_1_468' title='bbox 768 3494 839 3529; x_wconf 84' lang='lat' dir='ltr'>and</span> <span class='ocrx_word' id='word_1_469' title='bbox 867 3492 934 3532; x_wconf 82' lang='lat' dir='ltr'>the</span> <span class='ocrx_word' id='word_1_470' title='bbox 948 3502 1036 3532; x_wconf 82' lang='lat' dir='ltr'>note</span> 
     </span>
     <span class='ocr_line' id='line_1_55' title="bbox 179 3541 1036 3591; baseline 0.011 -15"><span class='ocrx_word' id='word_1_471' title='bbox 179 3552 229 3576; x_wconf 84' lang='lat' dir='ltr'>on</span> <span class='ocrx_word' id='word_1_472' title='bbox 248 3541 458 3591; x_wconf 77' lang='lat' dir='ltr'>thatplace.</span> <span class='ocrx_word' id='word_1_473' title='bbox 479 3543 550 3579; x_wconf 88' lang='lat' dir='ltr'>His</span> <span class='ocrx_word' id='word_1_474' title='bbox 569 3544 734 3590; x_wconf 85' lang='lat' dir='ltr'>collegue</span> <span class='ocrx_word' id='word_1_475' title='bbox 752 3544 791 3581; x_wconf 85' lang='lat' dir='ltr'>in</span> <span class='ocrx_word' id='word_1_476' title='bbox 805 3545 881 3582; x_wconf 87' lang='lat' dir='ltr'>this</span> <span class='ocrx_word' id='word_1_477' title='bbox 893 3547 1036 3584; x_wconf 87' lang='lat' dir='ltr'>embas-</span> 
     </span>
     <span class='ocr_line' id='line_1_56' title="bbox 176 3592 1036 3691; baseline 0.014 -62"><span class='ocrx_word' id='word_1_478' title='bbox 176 3592 382 3691; x_wconf 36' lang='lat' dir='ltr'>sswas-fic„</span> <span class='ocrx_word' id='word_1_479' title='bbox 391 3597 606 3641; x_wconf 60' lang='lat' dir='ltr'>Alexander</span> <span class='ocrx_word' id='word_1_480' title='bbox 623 3596 758 3648; x_wconf 72' lang='lat' dir='ltr'>Napiex</span> <span class='ocrx_word' id='word_1_481' title='bbox 768 3597 824 3641; x_wconf 65' lang='lat' dir='ltr'>‚of</span> <span class='ocrx_word' id='word_1_482' title='bbox 838 3598 1036 3645; x_wconf 57' lang='lat' dir='ltr'>Merchim</span> 
     </span>
    </p>

    <p class='ocr_par' dir='ltr' id='par_1_12' title="bbox 208 3657 1012 3692">
     <span class='ocr_line' id='line_1_57' title="bbox 208 3657 1012 3692; baseline 0.01 -6"><span class='ocrx_word' id='word_1_483' title='bbox 208 3657 286 3692; x_wconf 66' lang='lat'>012⁸,</span> <span class='ocrx_word' id='word_1_484' title='bbox 886 3674 887 3678; x_wconf 61' lang='lat'>¹</span> <span class='ocrx_word' id='word_1_485' title='bbox 1009 3672 1012 3675; x_wconf 90' lang='lat'>&#39;</span> 
     </span>
    </p>
   </div>
   <div class='ocr_carea' id='block_1_5' title="bbox 1080 2898 1942 3019">
    <p class='ocr_par' dir='ltr' id='par_1_13' title="bbox 1080 2881 1942 3019">
     <span class='ocr_line' id='line_1_58' title="bbox 1133 2898 1942 2965; baseline 0.006 -15.963"><span class='ocrx_word' id='word_1_486' title='bbox 1133 2911 1197 2963; x_wconf 85' lang='lat'>(3)</span> <span class='ocrx_word' id='word_1_487' title='bbox 1218 2898 1358 2951; x_wconf 74' lang='lat' dir='ltr'>Others</span> <span class='ocrx_word' id='word_1_488' title='bbox 1374 2914 1457 2951; x_wconf 87' lang='lat' dir='ltr'>read</span> <span class='ocrx_word' id='word_1_489' title='bbox 1475 2913 1669 2965; x_wconf 70' lang='lat' dir='ltr'>oppositas,</span> <span class='ocrx_word' id='word_1_490' title='bbox 1680 2913 1762 2953; x_wconf 86' lang='lat' dir='ltr'>tho&#39;</span> <span class='ocrx_word' id='word_1_491' title='bbox 1775 2914 1807 2953; x_wconf 89' lang='lat' dir='ltr'>it</span> <span class='ocrx_word' id='word_1_492' title='bbox 1823 2915 1855 2953; x_wconf 81' lang='lat' dir='ltr'>is</span> <span class='ocrx_word' id='word_1_493' title='bbox 1873 2928 1942 2954; x_wconf 74' lang='lat' dir='ltr'>ea·</span> 
     </span>
     <span class='ocr_line' id='line_1_59' title="bbox 1080 2963 1938 3019; baseline 0.007 -18"><span class='ocrx_word' id='word_1_494' title='bbox 1080 2963 1117 3013; x_wconf 92' lang='lat' dir='ltr'>sy</span> <span class='ocrx_word' id='word_1_495' title='bbox 1134 2973 1172 3001; x_wconf 87' lang='lat' dir='ltr'>to</span> <span class='ocrx_word' id='word_1_496' title='bbox 1198 2968 1427 3014; x_wconf 74' lang='lat' dir='ltr'>understand,</span> <span class='ocrx_word' id='word_1_497' title='bbox 1444 2967 1528 3004; x_wconf 86' lang='lat' dir='ltr'>that</span> <span class='ocrx_word' id='word_1_498' title='bbox 1554 2967 1619 3005; x_wconf 86' lang='lat' dir='ltr'>the</span> <span class='ocrx_word' id='word_1_499' title='bbox 1638 2968 1742 3006; x_wconf 88' lang='lat' dir='ltr'>lands</span> <span class='ocrx_word' id='word_1_500' title='bbox 1767 2969 1938 3019; x_wconf 74' lang='lat' dir='ltr'>polsess&#39;ed</span> 
     </span>
    </p>
   </div>
   <div class='ocr_carea' id='block_1_6' title="bbox 1036 3016 1939 3068">
    <p class='ocr_par' dir='ltr' id='par_1_14' title="bbox 1036 3016 1939 3068">
     <span class='ocr_line' id='line_1_60' title="bbox 1036 3016 1939 3068; baseline 0.007 -13"><span class='ocrx_word' id='word_1_501' title='bbox 1036 3060 1045 3066; x_wconf 26' lang='grc' dir='ltr'><strong>Ν</strong></span> <span class='ocrx_word' id='word_1_502' title='bbox 1082 3016 1128 3066; x_wconf 90' lang='lat' dir='ltr'>by</span> <span class='ocrx_word' id='word_1_503' title='bbox 1145 3019 1285 3068; x_wconf 88' lang='lat' dir='ltr'>private</span> <span class='ocrx_word' id='word_1_504' title='bbox 1302 3032 1406 3067; x_wconf 88' lang='lat' dir='ltr'>men,</span> <span class='ocrx_word' id='word_1_505' title='bbox 1425 3023 1495 3057; x_wconf 89' lang='lat' dir='ltr'>and</span> <span class='ocrx_word' id='word_1_506' title='bbox 1513 3020 1580 3057; x_wconf 91' lang='lat' dir='ltr'>the</span> <span class='ocrx_word' id='word_1_507' title='bbox 1607 3020 1687 3058; x_wconf 90' lang='lat' dir='ltr'>isses</span> <span class='ocrx_word' id='word_1_508' title='bbox 1715 3021 1939 3061; x_wconf 79' lang='lat' dir='ltr'>themselves</span> 
     </span>
    </p>
   </div>
   <div class='ocr_carea' id='block_1_7' title="bbox 1081 3073 1946 3337">
    <p class='ocr_par' dir='ltr' id='par_1_15' title="bbox 1081 3073 1946 3337">
     <span class='ocr_line' id='line_1_61' title="bbox 1081 3073 1938 3124; baseline 0.008 -17"><span class='ocrx_word' id='word_1_509' title='bbox 1081 3083 1179 3108; x_wconf 88' lang='lat' dir='ltr'>were</span> <span class='ocrx_word' id='word_1_510' title='bbox 1200 3073 1264 3109; x_wconf 91' lang='lat' dir='ltr'>but</span> <span class='ocrx_word' id='word_1_511' title='bbox 1281 3086 1352 3110; x_wconf 80' lang='lat' dir='ltr'>one</span> <span class='ocrx_word' id='word_1_512' title='bbox 1369 3075 1439 3110; x_wconf 90' lang='lat' dir='ltr'>and</span> <span class='ocrx_word' id='word_1_513' title='bbox 1458 3073 1523 3111; x_wconf 88' lang='lat' dir='ltr'>the</span> <span class='ocrx_word' id='word_1_514' title='bbox 1541 3073 1639 3111; x_wconf 88' lang='lat' dir='ltr'>same</span> <span class='ocrx_word' id='word_1_515' title='bbox 1656 3075 1779 3124; x_wconf 75' lang='lat' dir='ltr'>thing.</span> <span class='ocrx_word' id='word_1_516' title='bbox 1809 3076 1938 3114; x_wconf 85' lang='lat' dir='ltr'>There</span> 
     </span>
     <span class='ocr_line' id='line_1_62' title="bbox 1083 3124 1940 3177; baseline 0.007 -16"><span class='ocrx_word' id='word_1_517' title='bbox 1083 3124 1126 3161; x_wconf 87' lang='lat' dir='ltr'>be</span> <span class='ocrx_word' id='word_1_518' title='bbox 1141 3127 1280 3162; x_wconf 87' lang='lat' dir='ltr'>certain</span> <span class='ocrx_word' id='word_1_519' title='bbox 1290 3126 1397 3164; x_wconf 76' lang='lat' dir='ltr'>lands</span> <span class='ocrx_word' id='word_1_520' title='bbox 1409 3126 1448 3164; x_wconf 88' lang='lat' dir='ltr'>in</span> <span class='ocrx_word' id='word_1_521' title='bbox 1463 3127 1620 3177; x_wconf 84' lang='lat' dir='ltr'>Orkney</span> <span class='ocrx_word' id='word_1_522' title='bbox 1635 3130 1705 3165; x_wconf 82' lang='lat' dir='ltr'>and</span> <span class='ocrx_word' id='word_1_523' title='bbox 1720 3128 1940 3176; x_wconf 86' lang='lat' dir='ltr'>Schetland,</span> 
     </span>
     <span class='ocr_line' id='line_1_63' title="bbox 1082 3178 1943 3233; baseline 0.007 -19"><span class='ocrx_word' id='word_1_524' title='bbox 1082 3178 1200 3215; x_wconf 86' lang='lat' dir='ltr'>called</span> <span class='ocrx_word' id='word_1_525' title='bbox 1219 3179 1333 3216; x_wconf 88' lang='lat' dir='ltr'>Udall</span> <span class='ocrx_word' id='word_1_526' title='bbox 1352 3181 1471 3226; x_wconf 79' lang='lat' dir='ltr'>lands,</span> <span class='ocrx_word' id='word_1_527' title='bbox 1489 3179 1619 3221; x_wconf 82' lang='lat' dir='ltr'>which</span> <span class='ocrx_word' id='word_1_528' title='bbox 1648 3181 1783 3231; x_wconf 86' lang='lat' dir='ltr'>belong</span> <span class='ocrx_word' id='word_1_529' title='bbox 1801 3191 1839 3220; x_wconf 90' lang='lat' dir='ltr'>to</span> <span class='ocrx_word' id='word_1_530' title='bbox 1856 3195 1943 3233; x_wconf 68' lang='lat' dir='ltr'>par⁴</span> 
     </span>
     <span class='ocr_line' id='line_1_64' title="bbox 1082 3230 1944 3286; baseline 0.006 -19"><span class='ocrx_word' id='word_1_531' title='bbox 1082 3230 1219 3268; x_wconf 85' lang='lat' dir='ltr'>ticular</span> <span class='ocrx_word' id='word_1_532' title='bbox 1227 3245 1321 3268; x_wconf 86' lang='lat' dir='ltr'>men</span> <span class='ocrx_word' id='word_1_533' title='bbox 1333 3232 1376 3270; x_wconf 85' lang='lat' dir='ltr'>in</span> <span class='ocrx_word' id='word_1_534' title='bbox 1388 3234 1565 3283; x_wconf 86' lang='lat' dir='ltr'>Norway,</span> <span class='ocrx_word' id='word_1_535' title='bbox 1579 3237 1648 3273; x_wconf 88' lang='lat' dir='ltr'>and</span> <span class='ocrx_word' id='word_1_536' title='bbox 1661 3243 1699 3272; x_wconf 89' lang='lat' dir='ltr'>to</span> <span class='ocrx_word' id='word_1_537' title='bbox 1713 3235 1854 3280; x_wconf 84' lang='lat' dir='ltr'>whom,</span> <span class='ocrx_word' id='word_1_538' title='bbox 1867 3235 1944 3286; x_wconf 83' lang='lat' dir='ltr'>says</span> 
     </span>
     <span class='ocr_line' id='line_1_65' title="bbox 1085 3283 1946 3337; baseline 0.003 -16"><span class='ocrx_word' id='word_1_539' title='bbox 1085 3283 1166 3322; x_wconf 88' lang='lat' dir='ltr'>Mr.</span> <span class='ocrx_word' id='word_1_540' title='bbox 1192 3285 1398 3332; x_wconf 89' lang='lat' dir='ltr'>Crawford‚</span> <span class='ocrx_word' id='word_1_541' title='bbox 1421 3286 1487 3324; x_wconf 89' lang='lat' dir='ltr'>the</span> <span class='ocrx_word' id='word_1_542' title='bbox 1514 3287 1748 3326; x_wconf 86' lang='lat' dir='ltr'>inhabitants</span> <span class='ocrx_word' id='word_1_543' title='bbox 1776 3288 1849 3325; x_wconf 88' lang='lat' dir='ltr'>still</span> <span class='ocrx_word' id='word_1_544' title='bbox 1875 3301 1946 3337; x_wconf 81' lang='lat' dir='ltr'>pay</span> 
     </span>
    </p>
   </div>
   <div class='ocr_carea' id='block_1_8' title="bbox 1060 3338 1943 3386">
    <p class='ocr_par' dir='ltr' id='par_1_16' title="bbox 1060 3338 1943 3386">
     <span class='ocr_line' id='line_1_66' title="bbox 1060 3338 1943 3386; baseline 0.006 -12"><span class='ocrx_word' id='word_1_545' title='bbox 1060 3373 1063 3374; x_wconf 19' lang='lat'><em>⁷</em></span> <span class='ocrx_word' id='word_1_546' title='bbox 1085 3338 1209 3386; x_wconf 83' lang='lat' dir='ltr'>yearly</span> <span class='ocrx_word' id='word_1_547' title='bbox 1237 3347 1332 3385; x_wconf 87' lang='lat' dir='ltr'>rent,</span> <span class='ocrx_word' id='word_1_548' title='bbox 1360 3342 1431 3378; x_wconf 88' lang='lat' dir='ltr'>and</span> <span class='ocrx_word' id='word_1_549' title='bbox 1450 3340 1637 3379; x_wconf 85' lang='lat' dir='ltr'>therefore</span> <span class='ocrx_word' id='word_1_550' title='bbox 1656 3354 1711 3378; x_wconf 88' lang='lat' dir='ltr'>we</span> <span class='ocrx_word' id='word_1_551' title='bbox 1729 3341 1824 3378; x_wconf 87' lang='lat' dir='ltr'>must</span> <span class='ocrx_word' id='word_1_552' title='bbox 1856 3338 1943 3379; x_wconf 73' lang='lat' dir='ltr'>read</span> 
     </span>
    </p>
   </div>
   <div class='ocr_carea' id='block_1_9' title="bbox 1087 3389 1947 3550">
    <p class='ocr_par' dir='ltr' id='par_1_17' title="bbox 1087 3389 1947 3550">
     <span class='ocr_line' id='line_1_67' title="bbox 1087 3389 1945 3444; baseline 0.005 -17"><span class='ocrx_word' id='word_1_553' title='bbox 1087 3389 1232 3440; x_wconf 84' lang='lat' dir='ltr'>pignori</span> <span class='ocrx_word' id='word_1_554' title='bbox 1243 3393 1436 3442; x_wconf 83' lang='lat' dir='ltr'>oppofitas,</span> <span class='ocrx_word' id='word_1_555' title='bbox 1446 3395 1516 3430; x_wconf 88' lang='lat' dir='ltr'>and</span> <span class='ocrx_word' id='word_1_556' title='bbox 1530 3403 1595 3431; x_wconf 86' lang='lat' dir='ltr'>not</span> <span class='ocrx_word' id='word_1_557' title='bbox 1607 3394 1799 3444; x_wconf 82' lang='lat' dir='ltr'>oppositos,</span> <span class='ocrx_word' id='word_1_558' title='bbox 1812 3406 1945 3431; x_wconf 85' lang='lat' dir='ltr'>mean-</span> 
     </span>
     <span class='ocr_line' id='line_1_68' title="bbox 1088 3443 1947 3497; baseline 0.003 -17"><span class='ocrx_word' id='word_1_559' title='bbox 1088 3444 1154 3491; x_wconf 85' lang='lat' dir='ltr'>ing</span> <span class='ocrx_word' id='word_1_560' title='bbox 1172 3443 1321 3492; x_wconf 87' lang='lat' dir='ltr'>insulas,</span> <span class='ocrx_word' id='word_1_561' title='bbox 1338 3447 1409 3483; x_wconf 86' lang='lat' dir='ltr'>and</span> <span class='ocrx_word' id='word_1_562' title='bbox 1429 3455 1495 3484; x_wconf 90' lang='lat' dir='ltr'>not</span> <span class='ocrx_word' id='word_1_563' title='bbox 1512 3459 1615 3495; x_wconf 84' lang='lat' dir='ltr'>agros</span> <span class='ocrx_word' id='word_1_564' title='bbox 1640 3462 1652 3496; x_wconf 78' lang='lat'>5</span> <span class='ocrx_word' id='word_1_565' title='bbox 1694 3447 1751 3483; x_wconf 88' lang='lat' dir='ltr'>for</span> <span class='ocrx_word' id='word_1_566' title='bbox 1767 3446 1833 3483; x_wconf 87' lang='lat' dir='ltr'>the</span> <span class='ocrx_word' id='word_1_567' title='bbox 1849 3446 1947 3497; x_wconf 79' lang='lat' dir='ltr'>king</span> 
     </span>
     <span class='ocr_line' id='line_1_69' title="bbox 1089 3496 1947 3550; baseline 0.005 -17"><span class='ocrx_word' id='word_1_568' title='bbox 1089 3496 1135 3533; x_wconf 90' lang='lat' dir='ltr'>of</span> <span class='ocrx_word' id='word_1_569' title='bbox 1149 3497 1345 3536; x_wconf 78' lang='lat' dir='ltr'>Denmark</span> <span class='ocrx_word' id='word_1_570' title='bbox 1370 3500 1479 3537; x_wconf 88' lang='lat' dir='ltr'>could</span> <span class='ocrx_word' id='word_1_571' title='bbox 1504 3508 1571 3538; x_wconf 90' lang='lat' dir='ltr'>not</span> <span class='ocrx_word' id='word_1_572' title='bbox 1597 3499 1843 3548; x_wconf 77' lang='lat' dir='ltr'>impignorare</span> <span class='ocrx_word' id='word_1_573' title='bbox 1867 3500 1947 3550; x_wconf 88' lang='lat' dir='ltr'>pri-</span> 
     </span>
    </p>
   </div>
   <div class='ocr_carea' id='block_1_10' title="bbox 1087 3552 1946 3646">
    <p class='ocr_par' dir='ltr' id='par_1_18' title="bbox 1087 3552 1946 3646">
     <span class='ocr_line' id='line_1_70' title="bbox 1087 3552 1946 3602; baseline 0.006 -16"><span class='ocrx_word' id='word_1_574' title='bbox 1087 3559 1171 3587; x_wconf 88' lang='lat' dir='ltr'>vate</span> <span class='ocrx_word' id='word_1_575' title='bbox 1189 3563 1295 3587; x_wconf 87' lang='lat' dir='ltr'>mens</span> <span class='ocrx_word' id='word_1_576' title='bbox 1313 3552 1417 3590; x_wconf 86' lang='lat' dir='ltr'>lands</span> <span class='ocrx_word' id='word_1_577' title='bbox 1433 3552 1493 3592; x_wconf 86' lang='lat' dir='ltr'>for</span> <span class='ocrx_word' id='word_1_578' title='bbox 1504 3552 1565 3592; x_wconf 82' lang='lat' dir='ltr'>his</span> <span class='ocrx_word' id='word_1_579' title='bbox 1576 3552 1788 3602; x_wconf 77' lang='lat' dir='ltr'>daughter-&#39;s</span> <span class='ocrx_word' id='word_1_580' title='bbox 1800 3552 1946 3601; x_wconf 82' lang='lat' dir='ltr'>tocher,</span> 
     </span>
     <span class='ocr_line' id='line_1_71' title="bbox 1090 3602 1351 3646; baseline 0.008 -4"><span class='ocrx_word' id='word_1_581' title='bbox 1090 3602 1158 3646; x_wconf 81' lang='lat' dir='ltr'>but</span> <span class='ocrx_word' id='word_1_582' title='bbox 1173 3602 1234 3642; x_wconf 80' lang='lat' dir='ltr'>his</span> <span class='ocrx_word' id='word_1_583' title='bbox 1251 3618 1351 3646; x_wconf 79' lang='lat' dir='ltr'>own.</span> 
     </span>
    </p>
   </div>
   <div class='ocr_carea' id='block_1_11' title="bbox 1851 3709 1956 3774">
    <p class='ocr_par' dir='ltr' id='par_1_19' title="bbox 1851 3709 1956 3774">
     <span class='ocr_line' id='line_1_72' title="bbox 1851 3709 1956 3774; baseline 0.019 -16"><span class='ocrx_word' id='word_1_584' title='bbox 1851 3709 1956 3774; x_wconf 87' lang='lat' dir='ltr'>jam</span> 
     </span>
    </p>
   </div>
  </div>
 </body>
</html>
