2045 3857
598 145 930 212 'LIBER
1022 140 1458 208 NONUS..
1757 150 1883 226 ἷζε

107 257 299 303 demum
320 246 513 297 mensem
535 244 739 308 capiunt.
781 244 1046 291 Macduffus
1064 242 1176 290 Fifae
1189 243 1377 297 Comes,
1399 244 1480 304 qui
1502 243 1725 305 oppidum
1745 243 1887 293 Balli-

110 321 180 366 οη
203 314 384 365 nomine
408 320 616 356 tenuerat
637 326 742 356 cum
766 312 988 364 uxore‚&
1011 306 1168 355 liberis
1192 306 1249 352 ad
1270 306 1582 353 Kildrumiarn
1604 309 1794 356 Marriae
1815 325 1886 356 ar·

106 399 212 429 cem
225 381 274 426 in
295 373 540 422 custodiam
566 373 718 421 missus
756 393 766 421 :
805 374 1013 420 Andreas
1053 369 1292 420 Moravius
1316 369 1657 426 Tilibardinus,
1696 374 1779 436 qui
1805 391 1886 425 va-

106 447 222 492 dum
245 444 388 488 Iernae
408 437 554 485 amnis
573 439 743 502 Anglis
766 438 1212 491 commonstraverat,
1236 434 1462 498 supplicio
1484 435 1688 481 affeRus.
1739 439 1886 485 Passe-

112 495 244 554 tensis
262 503 381 549 liber
399 502 561 565 oppidi
585 519 740 550 muros
763 504 956 549 affirmat
977 501 1071 548 solo
1094 511 1312 563 aequatos.
1367 500 1423 546 Id
1442 499 1558 546 mihi
1580 500 1676 545 veri
1699 498 1886 551 similius

104 570 305 622 videtur,
326 567 468 629 quam
490 568 618 630 quod
658 566 738 613 alii
758 566 978 618 scribunt,
1001 565 1213 628 praefidio
1231 564 1446 625 impolito
1468 563 1682 636 custodiri
1700 563 1883 624 jussum,

111 635 160 681 in
184 644 310 679 tanta
326 631 573 695 praesertim
592 631 798 678 fidelium
821 630 1092 684 amicorum,
1118 633 1168 680 ὃς
1185 629 1429 675 hominum
1447 628 1719 676 militarium
1745 646 1887 691 penu-

108 715 193 745 na.

172 762 258 808 IX.
296 759 471 808 Eodem
492 760 586 807 fere
605 772 813 823 tempore
831 758 1052 806 Balliolus
1075 757 1332 804 Annandiae
1349 769 1462 812 erat,
1486 756 1887 821 recipiendispro-

110 827 389 891 pinquarum
412 826 654 890 regionum
678 824 942 887 proceribus
960 824 1164 870 intentus
1191 841 1201 870 :
1227 839 1342 885 quos
1365 823 1430 868 ita
1443 822 1590 869 subita
1608 822 1801 870 mutatio
1818 841 1889 871 reo

96 906 210 939 -rum
233 890 527 945 concusserat,
554 904 603 937 ut
625 890 760 936 etiarn
784 890 857 951 (1)
876 889 1136 936 Alexander
1158 887 1351 934 Bruffius
1371 888 1584 940 Caristae,
1609 894 1650 936 δι
1674 888 1890 934 Gallovi-

96 956 435 1003 diae’dominus
457 954 702 1017 desperatis
737 953 932 1002 Davidis
966 951 1217 1015 propinqui
1255 951 1320 998 sui
1342 952 1497 1006 rebus,
1540 952 1583 998 ei
1617 953 1660 999 {e
1682 953 1887 1002 dederet.

108 1022 253 1069 Hunc
277 1036 426 1067 rerum
449 1018 747 1066 secundarum
773 1019 1015 1065 successum
1055 1017 1228 1063 secutus
1263 1017 1323 1063 est
1345 1017 1539 1064 hostium
1576 1030 1888 1081 contemptus,

112 1091 154 1133 Sc
176 1102 232 1132 ex
254 1096 520 1145 contemptu
545 1083 845 1146 negligentia.
915 1084 967 1129 ld
993 1098 1098 1128 cum
1121 1098 1204 1144 per
1224 1082 1531 1143 exploratores
1550 1083 1718 1130 Prorex
1740 1082 1890 1130 rescis-

107 1151 172 1196 set
195 1166 248 1196 eo
272 1148 390 1195 misit
415 1151 485 1208 (2)
510 1147 809 1194 Arcibaldum
835 1146 1121 1209 Duglaffium
1147 1145 1320 1197 iacobi,
1347 1146 1427 1207 qui
1449 1146 1495 1192 in
1519 1147 1745 1209 Hispania
1767 1147 1891 1210 peri·

108 1214 146 1261 it
167 1214 371 1268 fratrem,
387 1224 436 1259 ut
455 1212 484 1258 fi
506 1228 598 1274 qua
612 1211 653 1258 se
667 1213 850 1258 offerret
868 1212 1041 1258 occasio
1059 1210 1101 1256 ei
1121 1227 1177 1255 ne
1200 1210 1379 1256 deeffet.
1418 1211 1502 1257 me
1524 1211 1673 1258 secum
1693 1212 1890 1275 assump-

107 1277 170 1325 tis
198 1273 532 1342 (3)·Gulielmo
556 1275 791 1339 Duglaffio
819 1275 1010 1321 Lidaliae
1032 1274 1234 1337 Regulo,
1258 1275 1431 1321 Ioanne
1450 1274 1650 1322 Thomas
1672 1277 1888 1326 Randolfi

108 1343 224 1397 filio,
263 1348 304 1390 δε
329 1342 515 1389 Simone
538 1341 737 1388 Fraserio
760 1340 889 1387 mille
924 1337 1168 1386 comitatus
1192 1338 1425 1402 equitibus
1454 1340 1718 1388 Maufetum
1742 1343 1886 1391 venit.

108 1408 227 1454 Inde
245 1407 458 1454 omnibus
477 1405 577 1452 satis
594 1406 843 1468 exploratis
863 1404 919 1451 de
943 1406 1074 1450 nofte
1093 1419 1280 1450 movens
1303 1403 1547 1451 Balliolum
1572 1405 1765 1467 sopitum
1788 1418 1889 1454 tan-

112 1484 161 1519 to
183 1488 287 1519 cum
309 1472 529 1526 tumultu,
554 1477 594 1517 &
619 1470 926 1532 trepidatione
945 1468 1138 1515 hostium
1160 1468 1354 1522 invadit,
1382 1481 1430 1515 ut
1450 1468 1543 1528 ipse
1562 1470 1822 1519 seminudus
1841 1472 1888 1520 in

108 1552 234 1598 equo
258 1553 342 1583 nec
365 1536 574 1589 fraenato,
599 1551 683 1581 nec
706 1537 838 1582 strato
863 1533 1023 1597 fugere
1046 1533 1098 1580 fit
1120 1536 1318 1579 coaetus.
1389 1535 1666 1597 Complures
1701 1552 1758 1582 ex
1779 1535 1867 1584 inti
1884 1566 1897 1577 ι

110 1601 200 1648 mis
222 1601 319 1662 ejus
344 1599 502 1646 amicis
527 1600 676 1646 occisi.
732 1600 997 1646 Alexander
1019 1598 1212 1646 Bruffius
1232 1600 1390 1661 captus
1415 1614 1497 1660 per
1519 1601 1740 1647 loannem
1763 1601 1892 1648 Ran-

111 1666 296 1713 dolfum
332 1664 644 1727 propinquum
666 1664 846 1711 veniam
869 1662 1149 1727 impetravit.
1218 1662 1449 1710 Henricus
1486 1663 1705 1711 Balliolus
1739 1682 1794 1712 eo
1816 1667 1892 1714 die

102 1747 329 1795 ornagnam
354 1727 639 1776 fortitudinis
658 1729 842 1777 laudern
866 1729 989 1791 apud
1013 1728 1224 1791 utrosque
1254 1729 1315 1774 est
1337 1729 1553 1774 affecutus
1580 1746 1590 1774 ε
1624 1730 1704 1792 qui
1727 1729 1774 1777 in
1798 1743 1893 1779 tam

113 1795 293 1858 trepida
315 1796 427 1858 fuga
446 1794 559 1841 dum
581 1794 679 1840 suos
704 1795 762 1842 ab
784 1794 1054 1841 instantibus
1077 1806 1243 1848 tuetur,
1271 1792 1440 1839 multos
1464 1793 1657 1852 hostium
1680 1796 1892 1844 vulnera-

112 1859 181 1906 vit
199 1878 217 1907 ·:
250 1858 497 1908 nonnullos
519 1859 754 1906 interemit
779 1877 790 1906 ε
825 1859 1010 1906 tandem
1034 1857 1267 1905 fortissime
1289 1874 1500 1921 pugnans
1523 1858 1712 1907 occidit.
1801 1863 1893 1909 Ce-

114 1923 266 1972 cidere
297 1938 515 1989 praeteiea
548 1924 757 1972 faEtionis
781 1923 998 1987 Anglicae
1023 1922 1122 1979 viri
1149 1923 1341 1969 illustres
1375 1924 1568 1970 Ioannes
1600 1925 1892 1982 MaubraiuS,

115 1990 331 2048 Valterus
367 1989 632 2045 Cuminiu3‚
669 1995 718 2039 ὃς
758 1987 957 2051 Richard
968 2005 1015 2035 us
1051 1987 1285 2035 Kircbius.
1364 1987 1483 2034 Haec
1504 1989 1627 2053 gesta
1648 1989 1750 2038 sunt
1781 1993 1839 2039 ad
1863 1998 1890 2040 8

105 2053 346 2100 Calendas
369 2053 586 2108 Ianuarii,
611 2069 732 2101 anno
764 2073 777 2102 1
800 2072 822 2116 3
841 2069 862 2117 3
883 2071 924 2102 2.

181 2119 241 2164 X.
277 2118 367 2165 His
389 2118 650 2165 succeffibus
689 2119 928 2166 Bruffianae
967 2118 1108 2181 partis
1131 2119 1340 2165 homines
1362 2118 1576 2168 nonnihil
1601 2119 1790 2168 recreati
1812 2137 1891 2170 co·

111 2196 228 2229 eunt
271 2183 531 2246 frequentes
555 2183 616 2229 ad
634 2184 880 2247 Proregem
905 2184 1137 2229 Andream
1166 2184 1451 2238 Mmavium,
1479 2195 1528 2231 ut
1548 2186 1606 2232 de
1628 2185 1801 2233 summa
1822 2202 1892 2234 re-

115 2263 219 2293 rum
240 2249 478 2302 consulant
500 2266 510 2294 :
544 2246 722 2294 nemini
759 2248 969 2295 omnium
992 2261 1089 2295 erat
1109 2248 1460 2322 dubium,·quin
1483 2250 1703 2298 Balliolus
1726 2267 1818 2298 non
1838 2253 1894 2300 fi-

40 2328 45 2333 ·
117 2309 184 2366 bi,
207 2311 282 2359 sed
305 2313 464 2375 Anglo
481 2329 676 2375 regnum
700 2326 877 2375 pararet
898 2331 908 2359 ε
943 2312 1192 2376 omniaque
1214 2330 1270 2360 ex
1292 2331 1388 2374 ejus
1420 2314 1685 2378 praescripto
1705 2315 1892 2366 faceret.

115 2377 279 2439 Itaque
297 2393 402 2424 eum
428 2376 507 2423 fibi
545 2378 716 2424 hostem
740 2377 964 2424 destinant
985 2396 995 2424 z
1029 2394 1178 2440 eoque
1196 2377 1480 2442 diligentius
1505 2380 1678 2436 omnia,
1720 2398 1823 2445 quae
1844 2382 1894 2431 in

123 2441 244 2488 bello
271 2442 368 2488 usui
390 2443 474 2488 effe
508 2442 701 2504 possent,
736 2456 785 2488 ut
807 2441 1015 2489 adversus
1038 2442 1348 2504 potentiorem
1370 2444 1675 2492 adversarium
1706 2463 1895 2509 compa-

112 2517 233 2552 rant.
303 2506 561 2562 Bervicum,
605 2507 724 2554 unde
752 2507 961 2570 Anglum
987 2507 1097 2554 belli
1117 2506 1303 2554 initium
1337 2508 1648 2571 opinabantur
1667 2510 1894 2560 faeturum

119 2570 273 2623 valido
296 2572 502 2634 praesidio
541 2572 772 2618 muniunt.
842 2571 964 2619 Urbi
988 2572 1305 2620 Alexandrum
1328 2573 1571 2620 Setonium
1596 2576 1803 2638 equitem
1837 2577 1898 2623 il-

116 2634 300 2682 lustrem
323 2635 593 2699 praeficiunt.
644 2636 1230 2685 Patriciuvaumbarium
1254 2654 1404 2684 arcem
1428 2638 1561 2695 tueri,
1586 2656 1639 2686 ac
1661 2640 1818 2689 vicino
1839 2643 1898 2690 li-

120 2699 224 2746 miti
245 2702 425 2763 pvraeess'e
439 2701 607 2761 jubent
628 2719 640 2748 :
676 2701 941 2748 Gulielmus
964 2701 1224 2766 Duglassius
1248 2701 1444 2749 Lidaliae
1474 2702 1698 2766 ReguluS,
1723 2705 1781 2754 de
1802 2723 1899 2770 quo

106 2763 213 2812 jllis
237 2765 520 2828 temporibus
542 2766 716 2812 summa
736 2778 850 2822 erat,
874 2770 923 2816 ὃς
946 2765 1248 2822 fortitudinis,
1273 2770 1323 2816 δί
1340 2766 1598 2829 prudentiae
1619 2768 1780 2833 opinio
1798 2773 1900 2819 An-

121 2828 336 2876 nandiam
360 2830 419 2877 ad
441 2830 637 2878 limitem
660 2831 996 2878 occidentalem
1018 2832 1240 2879 tuendum
1267 2830 1438 2878 miffus.
1506 2833 1714 2881 Andreas
1737 2836 1900 2884 Mora-

123 2892 225 2940 vius
248 2895 556 2959 Rosburgurn,
596 2895 676 2942 ubi
708 2896 752 2942 se
773 2895 992 2944 Balliolus
1018 2909 1115 2942 tum
1138 2895 1420 2950 continebat,
1445 2897 1758 2960 proficiscitur.
1827 2903 1901 2949 Ita

121 2955 367 3006 distributis
387 2958 594 3024 imperiis
617 2959 761 3016 domi,
787 2960 984 3009 mittitur
1001 2960 1050 3008 in
1072 2962 1106 3008 F
1109 2961 1313 3010 ranciam
1333 2960 1528 3009 Ioannes
1548 2963 1824 3024 Randolfus,
1849 2979 1903 3014 ut

178 3088 238 3137 (1)
260 3088 364 3127 Slain
391 3097 428 3127 at
445 3091 724 3139 Halidon-hill,
744 3105 823 3143 cap.
843 3103 905 3142 14.
924 3092 985 3130 his
1040 3094 1148 3131 them
1178 3093 1245 3131 the
1266 3093 1404 3143 barony
1432 3092 1474 3131 of
1490 3093 1637 3142 Calder,
1655 3095 1721 3146 (he
1740 3097 1905 3147 wearing

103 3143 106 3145 ’
124 3142 275 3179 brother
292 3142 474 3190 Thomas,
494 3157 572 3195 cap.
587 3158 653 3185 20.
668 3146 825 3184 married
840 3147 986 3184 Dorna-
1039 3146 1274 3197 the'zDuglass
1289 3147 1403 3196 arms)
1419 3147 1592 3198 whereby
1606 3149 1656 3186 he
1668 3159 1731 3199 got
1745 3161 1783 3189 to
1797 3151 1901 3189 him-

125 3195 215 3244 gilla
234 3195 411 3242 Cumine,
427 3199 560 3235 widow
574 3199 620 3236 of
632 3199 699 3236 the
717 3213 897 3248 governor
907 3203 985 3237 Ar·
1041 3199 1114 3238 self
1140 3199 1206 3238 the
1223 3209 1393 3250 property
1410 3201 1456 3238 of
1467 3200 1534 3238 the
1567 3202 1673 3244 lande
1698 3205 1744 3242 of
1769 3205 1902 3242 Sandi-

123 3248 274 3286 chibald
296 3248 463 3297 Duglass,
478 3252 658 3300 daughter
675 3254 747 3290 and
764 3253 849 3291 heir
865 3252 911 3291 of
924 3256 986 3291 red
1033 3254 1145 3292 lands
1160 3253 1201 3291 in
1235 3253 1473 3302 Duglasdale,
1492 3256 1564 3292 and
1581 3256 1719 3295 affured
1749 3257 1911 3295 himself

125 3300 227 3352 john
246 3302 424 3348 Cumine,
445 3303 532 3341 who
563 3305 646 3343 bare
663 3315 704 3343 to
722 3305 807 3350 him
832 3319 879 3345 an
897 3308 987 3357 only
1039 3307 1086 3345 of
1107 3307 1172 3345 the
1202 3306 1361 3358 lordihip
1391 3306 1438 3345 of
1463 3308 1661 3360 Galloway
1693 3312 1764 3348 and
1797 3310 1905 3349 other

121 3353 304 3403 daughter
331 3356 493 3394 Eleanor
508 3357 641 3404 Bruce,
663 3358 791 3397 whom
809 3361 885 3398 earl
903 3359 985 3398 Du·
1041 3361 1160 3400 lands.

121 3407 217 3456 igla'ss
234 3408 304 3446 her
320 3408 465 3446 uterine
483 3409 634 3448 brother
661 3411 822 3462 (feartng
839 3414 907 3451 lest
923 3414 984 3452 the
1092 3415 1154 3464 (2)
1183 3414 1282 3453 Lord
1298 3414 1345 3453 of
1357 3415 1572 3466 Galloway,
1589 3416 1656 3455 lib.
1679 3417 1714 3455 8.
1736 3430 1769 3454 c.
1795 3429 1858 3462 17.

128 3461 254 3498 ihould
268 3463 379 3499 claim
394 3463 592 3512 Galloway
607 3464 650 3511 by
665 3464 732 3502 her
746 3460 865 3514 right)
875 3466 983 3504 wise-
1094 3467 1159 3519 (3)
1186 3468 1347 3506 Natural
1378 3468 1442 3507 son
1470 3479 1512 3507 to
1546 3472 1636 3516 good
1662 3469 1740 3507 lord
1761 3469 1904 3522 james,

122 3513 166 3560 ly
193 3513 370 3553 bestowed
400 3515 441 3552 in
470 3517 650 3565 marriage
681 3531 778 3569 upon
809 3518 870 3557 his
898 3533 985 3557 own
1038 3520 1162 3560 kin-:d
1179 3521 1218 3558 in
1239 3521 1367 3572 Spain,
1386 3522 1452 3560 lib.
1474 3523 1512 3559 8.
1534 3535 1612 3572 cap.
1636 3534 1698 3572 17.
1716 3523 1761 3562 of
1775 3525 1906 3563 whom

124 3565 235 3605 vaffal
255 3567 314 3608 Sir
327 3569 455 3622 James
487 3570 720 3621 Sandilands,
738 3572 810 3614 and
835 3585 929 3624 gave
945 3581 985 3620 to
1037 3574 1157 3623 much
1176 3574 1209 3621 is
1226 3574 1369 3633 spoken
1384 3574 1582 3619 hereafter.

1812 3683 1909 3732 Da·
