1992 3801
183 147 316 209 252
495 127 856 194 RERUM
947 126 1658 203 Scomcanum-

183 222 366 272 fuissent
389 224 517 273 saclae-
540 226 658 275 inter
673 230 884 283 Francos,
900 229 1096 290 Anglos,
1116 231 1172 281 ὃς
1185 230 1362 286 Seotos,
1380 229 1653 294 Francique,
1668 229 1839 292 quibus
1851 245 1953 282 erat

187 289 474 347 mandatum,
493 304 541 339 ut
562 310 615 340 ea
637 295 692 338 de
714 310 761 339 re
781 295 938 338 Scotos
958 292 1402 350 facerentcertiores,
1421 294 1728 359 negligentius
1751 296 1795 345 se,
1808 297 1955 359 gcffis-

187 353 302 400 sent.
367 355 581 403 Proceres
606 357 863 419 Anglorvm
892 354 1037 402 Scotis
1073 354 1259 402 finitimi
1290 358 1443 406 locum
1472 360 1554 407 fibi
1576 360 1732 405 datum
1755 361 1862 415 rati,
1904 373 1956 412 ut

189 432 360 482 magna
380 419 534 482 aliqua
555 422 684 466 clade
706 419 874 465 hostem
896 436 950 467 ex
974 419 1220 482 improviso
1243 421 1487 475 afficerent,
1505 437 1596 470 »nec
1619 436 1722 470 ante
1743 423 1954 471 inducia·

186 497 290 529 rum
314 483 715 530 denunciationem
750 482 942 545 spatium
974 483 1219 531 ulciscendi
1253 484 1298 531 ei
1318 485 1645 548 relinquerent,
1684 499 1860 551 cogunt
1893 488 1952 536 ad

180 546 349 596 decem
371 548 596 611 equitum,
618 547 691 593 sex
710 546 1043 610 sagittariorum
1063 549 1210 608 millia
1233 567 1245 594 z
1278 564 1331 595 ac
1355 551 1554 597 Scotiam
1578 550 1754 613 ingreffi
1777 553 1952 599 ducen-

148 631 154 637 ·
187 610 312 658 tibus
340 612 711 668 Northumbriae,
737 618 777 658 δε
800 611 1120 676 Notingamiae
1143 611 1408 660 Comitibus
1429 614 1521 661 late
1539 613 1634 659 fusa
1652 615 1954 677 populatione

156 688 161 692 ⁷
182 676 341 723 omnia
363 677 536 723 vastant
558 693 570 722 ;
606 675 681 723 sed
716 675 948 739 praecipue
969 676 1331 740 Duglaffiorum,
1368 683 1408 725 δε
1446 680 1516 740 (1)
1561 678 1876 726 Lindefiorum
1900 696 1951 727 a·
1986 675 1988 679 ¹

184 757 329 805 gross
377 740 518 796 Senti,
555 740 633 802 qui
663 740 922 787 rumoribus
945 742 1155 804 accaeptis
1178 742 1237 789 de
1265 741 1460 789 induciis
1483 759 1667 790 omnem
1691 741 1953 807 bellicogi-

181 804 404 851 tationem
426 803 701 865 abjecerant,
737 804 1026 852 vehementer
1049 814 1086 853 δι
1119 806 1207 852 suae
1229 806 1544 869 negligentiae,
1568 812 1608 854 &
1631 807 1822 855 hostium
1848 825 1954 871 per-

129 870 133 873 ’
182 868 304 916 fidiae
325 868 446 921 irati,
476 868 615 930 quam
641 868 842 930 primum
875 871 1068 930 poffent,
1093 871 1240 916 ultum
1263 869 1328 916 ire
1351 872 1564 918 statuunt.
1631 873 1812 918 Rumor
1830 872 1951 920 inte·

182 932 271 979 rim
292 932 556 979 incursionis
577 932 836 996 Anglorum
851 934 1065 988 Francos,
1086 932 1166 996 qui
1185 933 1560 994 renunciarejussi
1580 934 1948 991 erantinducia5‚
1980 979 1990 988 ,

181 997 271 1044 suae
294 995 514 1043 tarditatis
538 995 793 1042 admonuit.
844 997 910 1043 Hi
935 1012 1039 1043 cum
1062 996 1156 1042 sera
1176 995 1462 1045 festinatione
1484 996 1760 1060 superiorem
1777 999 1950 1048 cessati-

142 1083 145 1085 ·
178 1077 315 1109 onem
328 1059 553 1122 corrigere
565 1059 969 1114 contenderent‚ac
984 1061 1028 1106 in
1040 1060 1053 1106 i
1060 1060 1415 1123 psoincurfionis
1431 1062 1859 1111 ardoreLondinum'
1872 1080 1950 1112 ve-

181 1126 359 1178 nissent,
372 1124 440 1171 ibi
453 1124 671 1186 benigne,
687 1127 735 1173 ἃ
749 1123 1035 1187 hospitaliter
1055 1124 1253 1188 excepti,
1270 1141 1322 1172 ac
1336 1125 1531 1180 blandis,
1546 1130 1596 1178 ὃς
1610 1125 1768 1174 amicis
1782 1128 1950 1175 invita-

179 1189 385 1238 tionibus
419 1189 600 1244 retenti,
625 1189 774 1236 'donec
794 1188 1004 1236 rescitum
1028 1190 1089 1236 est
1112 1190 1292 1252 Anglos
1325 1206 1382 1237 ex
1403 1189 1574 1237 hostico
1604 1192 1802 1238 reversos
1822 1193 1908 1240 effe
1931 1211 1944 1240 ;

179 1267 279 1301 tum
301 1254 486 1300 demum
504 1252 664 1300 dimiffi
683 1267 788 1299 cum
807 1252 854 1299 in
869 1254 1070 1301 Scotiam
1085 1253 1378 1308 veniss‘ent,ac
1400 1255 1613 1303 mandata
1627 1255 1945 1318 exposuissent,

213 1319 411 1382 laerz'rque
430 1317 580 1365 omnis
603 1317 838 1373 nobilitaS,
863 1334 915 1364 ac
938 1319 1156 1372 maxime,
1179 1317 1261 1380 qui
1282 1317 1590 1366 recentiffimae
1612 1319 1754 1366 cladis
1780 1321 1948 1368 damna

175 1337 420 1440 Fenserant,
441 1381 648 1436 fremere,
685 1381 883 1444 eamque
915 1382 1273 1430 ludificationem
1297 1384 1558 1447 Anglorum
1589 1398 1681 1430 non
1712 1383 1948 1432 ferendam
1979 1380 1981 1384 ’

175 1449 390 1496 clamare.
459 1450 548 1495 Eos
565 1464 670 1494 cum
695 1448 794 1493 Rex
815 1447 973 1493 frustra
989 1448 1167 1509 placare
1189 1460 1445 1503 conaretur,
1471 1464 1523 1494 ac
1540 1447 1737 1495 induciis
1755 1450 1947 1498 omnino

178 1513 367 1560 staturus
393 1511 638 1566 videretur,
671 1510 742 1557 illi
762 1527 859 1557 rem
890 1511 1187 1574 disceptando
1207 1513 1455 1574 prolatant,
1482 1513 1630 1559 donec
1653 1514 1769 1559 clam
1795 1530 1876 1576 per
1895 1530 1948 1561 a·

177 1577 322 1624 micos
345 1576 612 1640 quindecim
636 1575 729 1623 fere
754 1576 959 1623 millibus
973 1577 1185 1640 equitum
1205 1576 1408 1624 collcc‘tis
1427 1577 1539 1624 stato
1551 1576 1626 1624 die
1647 1579 1720 1639 (2)
1739 1577 1944 1642 Duglas-

176 1642 281 1697 fius,
315 1647 356 1689 &
379 1641 635 1696 Lindcfiuf,
671 1656 723 1686 ac
745 1639 1028 1687 Dumbarius
1050 1643 1166 1688 clam
1190 1657 1248 1687 ex
1270 1642 1374 1688 aula
1394 1641 1625 1697 secedunt,
1655 1646 1698 1692 ἃ
1728 1657 1832 1689 cum
1855 1643 1944 1690 suis

173 1706 407 1768 conjuncti
434 1705 653 1768 Angliam
674 1703 832 1751 infesto
846 1704 1045 1765 exercitu
1061 1705 1384 1768 ingrediuntur
1404 1724 1415 1751 :
1441 1711 1481 1752 &
1500 1706 1668 1753 vastato
1683 1706 1945 1754 Nort-hum-

175 1770 287 1817 briae
322 1771 379 1818 ad
401 1771 592 1818 Novum
624 1771 817 1815 castrum
850 1767 988 1832 usque
1024 1787 1151 1832 agro,
1192 1785 1274 1833 per
1301 1768 1502 1817 Comitis
1528 1769 1867 1833 Notingamiae,
1901 1776 1943 1820 &-
1985 1798 1987 1804 v

174 1835 526 1883 Maubraiorurn
549 1834 774 1881 ditionem
798 1835 960 1880 reversl
979 1834 1204 1897 quicquid
1223 1834 1358 1889 ferre,
1381 1834 1655 1896 flammaque
1674 1834 1835 1881 foedari
1857 1852 1943 1898 po-

173 1899 280 1956 tuit,
305 1910 621 1962 corrumpunt,
646 1913 698 1944 ac
720 1897 925 1944 diruunt.
992 1901 1119 1945 Tum
1143 1900 1330 1951 demum
1353 1915 1458 1946 cum
1479 1899 1659 1961 ingenti
1679 1898 1940 1955 hominum,

172 1980 486 2028 pecorumque
502 1963 658 2026 praeda
680 1963 720 2010 se
743 1963 933 2010 domum
956 1963 1216 2019 conferunt,
1240 1979 1293 2012 ac
1311 1964 1458 2016 statim
1474 1962 1683 2010 inducias
1700 1963 1943 2026 publican-

167 2030 250 2087 das
271 2041 447 2078 curant.
1595 2041 1597 2044 ⁴

208 2090 210 2101 ’
237 2096 411 2142 XLIX.
448 2093 543 2141 Sub
559 2109 713 2141 earum
739 2093 876 2141 finem
901 2109 1021 2141 anno
1048 2091 1284 2142 millesimo
1303 2093 1617 2142 trecentesimo
1635 2092 1942 2156 octuagesimo

172 2160 337 2223 quinto
359 2158 487 2206 venit
508 2175 533 2205 a
555 2160 685 2223 Rege
708 2157 1128 2221 Gallorum'miss‘us
1153 2159 1346 2205 Ioannes
1369 2158 1639 2206 Viennensis
1659 2157 1799 2205 claffis
1823 2158 1940 2205 Gal-

172 2227 277 2272 ricae
301 2223 540 2288 praefectus
562 2240 666 2270 cum
687 2222 1033 2270 auxiliariorum
1051 2220 1232 2269 circiter
1249 2222 1429 2270 duobus
1449 2223 1652 2271 millibus
1677 2241 1687 2270 ε
1726 2221 1751 2269 ὲ
1771 2221 1939 2284 quibus

170 2300 358 2338 centum
380 2300 510 2336 erant
530 2289 706 2352 equites
730 2287 1009 2351 cataphracti
1042 2305 1053 2333 :
1099 2286 1306 2342 ducenti,
1341 2287 1423 2350 qui
1456 2287 1768 2350 scorpionibus
1801 2290 1938 2350 (quos

168 2350 390 2419 posterior
408 2365 516 2401 aetas
545 2352 710 2400 maluit
731 2352 1018 2399 arcubalistas
1041 2351 1293 2414 appellare)
1331 2352 1423 2398 tela
1448 2351 1700 2399 mitterent.
1769 2348 1940 2398 Caeteri

169 2416 350 2481 pedites
374 2415 621 2480 promiscui
643 2416 825 2480 generis
844 2429 988 2463 erant.
1025 2416 1288 2463 Attulerant
1309 2419 1359 2466 &
1380 2415 1628 2478 pecuniam
1647 2416 1696 2462 in
1714 2413 1787 2461 sex
1810 2429 1940 2463 men-

169 2483 282 2531 fium
307 2481 546 2543 stipendia.
613 2482 839 2528 Praeterea
860 2497 1065 2535 munera,
1091 2485 1131 2526 &
1154 2480 1202 2528 in
1224 2479 1279 2526 iis
1301 2478 1660 2544 quadringentas
1681 2478 1939 2542 panoplias,

167 2564 272 2610 quae
296 2545 405 2593 viris
427 2545 620 2592 fortibus
644 2545 974 2592 dividerentur.
1053 2546 1098 2592 Is
1131 2557 1359 2592 convento
1391 2537 1521 2608 Rege
1553 2542 1941 2602 Northumbriam

167 2627 259 2665 una
279 2625 387 2662 curn
412 2609 580 2657 Iacobo
603 2609 840 2672 Duglaffio
857 2608 1075 2680 ingressus
1110 2607 1256 2655 tribus
1277 2608 1456 2656 arcibus
1479 2608 1660 2663 dirutis,
1685 2623 1789 2654 cum
1821 2608 1940 2654 ulte-

167 2675 262 2729 rius
284 2674 504 2739 progredi
525 2675 714 2728 vellent,
738 2671 1012 2736 largioribus
1031 2690 1112 2736 per
1130 2685 1402 2720 autumnum
1426 2672 1530 2719 fusis
1548 2671 1774 2719 imbribus
1790 2671 1939 2719 redire

168 2750 416 2803 coguntur.
465 2737 753 2786 Acceleravit
775 2739 912 2784 etiam
935 2754 1093 2784 eorum
1118 2737 1316 2785 reditum
1339 2750 1487 2784 certus
1509 2737 1567 2784 de
1581 2736 1814 2783 Richardo
1835 2736 1937 2782 An-

166 2805 245 2868 glo
270 2819 440 2851 rumor.
511 2801 692 2862 Majore
709 2801 850 2855 enim,
869 2800 1009 2865 quam
1028 2817 1228 2864 unquam
1250 2801 1362 2850 alias
1382 2800 1508 2848 irain
1528 2802 1689 2848 Scotos
1710 2799 1935 2855 incensus,

167 2868 294 2930 qubd
313 2884 404 2914 non
429 2867 568 2914 modo
586 2866 668 2930 ips}
690 2881 886 2929 regnum
908 2865 1003 2926 ejus
1026 2867 1154 2912 omni
1174 2865 1283 2913 belli
1305 2865 1436 2912 clade
1456 2864 1734 2920 infestarent,
1757 2863 1831 2911 sed
1856 2880 1939 2926 pe-

166 2932 374 2994 regrinos
393 2932 529 2978 etiam
555 2930 831 2978 accersissent
858 2947 868 2975 ε
903 2935 942 2975 ἃ*
967 2947 1021 2976 eo
1044 2944 1250 2993 tempore
1269 2929 1566 2993 potifiimum,
1590 2945 1684 2993 quo
1704 2929 1868 2976 Gallus
1887 2927 1938 2975 in

166 2995 390 3058 Angliam
430 3011 536 3043 cum
574 2994 755 3041 infinita
785 2994 1082 3041 multitudine
1113 2994 1354 3041 hominum
1390 2992 1691 3041 transmittere
1729 2993 1940 3055 parabat.

167 3059 352 3121 Anglus
375 3057 516 3120 igitur
539 3058 741 3105 maximo
763 3054 1160 3114 exercitu'coac'to,
1191 3057 1239 3105 in
1261 3073 1355 3121 quo
1376 3057 1617 3120 scriptores.
1631 3073 1788 3104 eorum
1810 3056 1936 3110 sexa-

162 3119 299 3190 ginta
317 3121 465 3169 millia
486 3122 716 3186 pediturn,
732 3125 836 3170 oc‘to
854 3122 1062 3186 equiturn
1082 3122 1209 3174 suiss'e
1233 3123 1435 3177 tradunt,
1460 3122 1670 3170 statuerat
1690 3121 1757 3167 ita
1774 3121 1935 3168 Scoto-

222 3259 283 3307 (1)
309 3258 566 3310 Wachopdale
585 3263 654 3297 :md
691 3259 916 3310 Crawford5
955 3261 1021 3306 the
1075 3263 1178 3306 hands
1215 3260 1310 3299 with
1345 3260 1411 3299 the
1435 3260 1528 3298 earls
1556 3261 1762 3308 ofAngus,
1799 3258 1934 3308 taking

164 3314 262 3363 first*
287 3311 352 3351 the
371 3313 519 3357 ancient
536 3312 745 3363 patrimony
763 3314 808 3351 of
821 3308 1020 3353 the‘Lind-
1075 3316 1179 3352 lands
1199 3315 1236 3357 in
1255 3313 1463 3362 Angus'for
1479 3312 1600 3361 them,
1634 3321 1810 3362 regnante
1827 3314 1932 3350 Iaco-

165 3367 256 3417 says‚
290 3366 356 3405 the
374 3365 484 3413 other
501 3366 669 3414 acquired
691 3366 734 3415 by
758 3366 822 3403 the
842 3367 1021 3415 marriage
1077 3369 1122 3405 bo
1142 3367 1233 3419 3tio.
1985 3401 1992 3405 .

163 3421 215 3457 of
235 3417 300 3458 th'e
329 3418 494 3463 hereti-ix
511 3418 556 3455 of
567 3417 649 3457 that
668 3417 741 3455 ilk.
808 3418 936 3455 When
956 3419 1026 3456 the.
1129 3421 1190 3470 (z)
1219 3419 1306 3464 The
1320 3420 1413 3460 earls
1425 3418 1471 3459 of
1482 3417 1845 3469 Daglassssrawford
1859 3417 1928 3454 and

163 3474 257 3510 earls
276 3472 322 3509 of
333 3471 524 3511 Crawfurd
547 3470 618 3517 bad
646 3470 773 3508 settle'd
800 3470 1021 3507 themselves
1074 3473 1227 3517 March,
1557 3469 1562 3472 ’
1883 3479 1888 3483 ’

165 3523 208 3562 in
221 3524 387 3564 elenen<
406 3523 447 3570 in
459 3522 695 3577 Angus,they
705 3522 901 3563 excambed
920 3522 1023 3570 these
1113 3530 1115 3532 ·

1834 3639 1942 3677 rum
