1992 3801
83 117 306 209 “316
452 130 829 195 *RERUM
921 128 1612 200 Sco‘rmARuM

177 228 297 274 nihil·
329 225 451 273 enim
464 229 561 290 jam
577 229 700 276 aliud
716 231 1055 292 superesse,an
1077 242 1168 276 tarn
1192 233 1312 278 vasta
1333 232 1560 295 cupiditas
1580 232 1753 295 expleri
1772 232 1941 296 posset:

179 308 317 352 quam
337 291 598 354 opinionem
617 295 736 357 intra
754 308 920 355 paucos
940 296 1035 340 dies
1055 295 1244 340 alterum
1268 299 1397 358 aeque
1414 298 1588 360 foedum
1607 296 1781 343 facinus
1803 301 1945 347 auxit.

178 357 290 402 Erat
311 355 359 402 in
373 357 639 404 Gallovidia
657 360 726 417 (ι)
753 359 1010 403 Maclclana
1024 358 1197 404 familia
1219 375 1400 421 genere,
1419 366 1473 417 x&
1497 361 1662 421 opibus
1685 361 1818 407 facile
1852 365 1946 426 pri.

180 420 340 467 maria.
409 422 516 483 Ejus
540 421 726 468 familiae
753 423 821 482 (2)
843 437 1054 484 princeps
1075 434 1197 469 tutor
1216 439 1317 469 cum
1343 424 1368 471 ὲ
1391 425 1697 488 Duglassianis
1715 430 1947 487 quendam

180 484 359 532 affiduis
383 484 557 546 injuriis
581 485 660 531 fibi
685 486 903 531 faciendis
918 487 1149 532 molestum
1167 488 1416 544 occidisset,
1443 489 1532 534 una
1553 506 1656 535 cum
1681 488 1816 535 fratre
1839 494 1949 554 capi

179 559 271 603 ωε,
296 549 321 595 a
346 550 580 611 Duglassio
602 550 647 595 in
680 565 904 596 carcerem
929 565 1023 596 erat
1044 551 1291 612 conjectus.
1360 554 1461 599 Rex
1479 570 1559 616 per
1589 554 1759 615 captivi
1776 555 1948 602 amicos

178 613 345 659 certior
363 614 522 668 faetus,
546 631 597 660 ac
619 614 912 660 vehementer
932 628 1135 677 rogam,
1162 632 1216 661 ne
1239 617 1717 670 hominennnobileoe,
1762 622 1809 666 &
1831 619 1949 666 aliod

178 677 260 739 qui
282 678 426 724 virum
453 679 625 725 bonum
651 679 811 725 smeret
834 695 922 725 non
948 680 1004 726 ad
1020 679 1274 739 judicium,
1294 680 1367 728 sed
1391 684 1447 728 ad
1469 688 1643 728 certum
1668 681 1859 728 exitium
1886 683 1946 732 ad

177 743 374 788 eundem
406 742 629 803 judicem,
659 748 697 789 &
730 743 974 805 capitalem
1004 742 1247 791 inimicum
1280 744 1326 791 in
1356 745 1429 807 jus
1461 746 1596 800 trahi,
1620 747 1696 792 cui
1726 763 1817 792 non
1852 762 1945 795 tam

175 805 370 870 praesens
391 807 562 853 crimen
581 807 699 854 foret
722 807 997 862 nociturum,
1017 807 1157 870 quam
1188 810 1316 871 quod
1346 809 1585 857 meliorum
1609 810 1808 872 partium
1833 811 1946 859 sem-

175 887 260 934 per
279 870 441 918 fuisset.
509 872 625 918 Illuc
646 871 788 934 igitur
805 873 908 919 Rex
931 873 1000 934 (3)
1031 873 1276 919 Patricium
1297 874 1491 920 Graium
1530 875 1780 921 Maclelani
1802 893 1947 924 avun-

176 942 333 981 culum
356 935 554 998 equitem
590 936 811 990 nobilem,
837 952 888 982 ac
917 935 1138 999 Duglassii
1174 939 1314 983 etiam
1347 939 1656 1000 propinquum
1682 939 1841 994 mittit,
1865 939 1949 1003 qui

168 999 371 1060 juberet,
406 1013 451 1044 ut
473 999 656 1062 captivo
686 1000 732 1046 in
770 1000 919 1045 aulam
946 999 1088 1054 misso,
1112 999 1180 1044 ib1
1212 1004 1283 1062 (4)
1303 1001 1404 1061 jure
1427 1018 1530 1048 cum
1556 1017 1610 1048 eo
1643 1003 1944 1064 experiretur.

176 1065 345 1110 Comes
378 1063 573 1109 Graium
603 1063 865 1110 humaniter
895 1063 1077 1125 accipit.
1148 1065 1397 1127 Captivum
1430 1082 1535 1113 cum
1563 1067 1749 1113 curasset
1774 1068 1947 1115 interea
1974 1074 1978 1078 ’

172 1126 401 1190 supplicio
424 1128 714 1175 afficiendum
738 1142 956 1191 tanquam
980 1131 1006 1173 a
1028 1126 1259 1183 facinoriS,
1284 1131 1410 1192 quod
1432 1130 1473 1177 se
1494 1130 1644 1177 invito
1675 1130 1702 1177 ὲ
1731 1131 1818 1177 suis
1840 1150 1945 1196 per·

173 1205 402 1255 petratum
425 1205 539 1246 erat,
556 1192 745 1239 consilio
767 1194 941 1240 alienus
962 1193 1159 1239 Graium
1183 1207 1330 1256 rogat,
1354 1209 1401 1240 ut
1423 1195 1464 1241 se
1489 1195 1608 1259 Regi
1629 1195 1824 1243 excuset.
1857 1197 1945 1245 Ille

172 1272 283 1302 vero
307 1257 346 1301 se
368 1258 524 1319 aperte
547 1257 747 1304 ludibrio
770 1257 975 1303 habitum
1001 1274 1186 1304 cernens
1209 1259 1324 1304 adeo
1347 1260 1522 1314 exarsit,
1549 1275 1596 1306 ut
1619 1260 1794 1307 Comiti
1834 1279 1943 1325 pro·-

171 1321 496 1384 pinquitatem‚
523 1321 789 1376 amicitiam,
815 1327 864 1370 ὃς
900 1323 927 1368 fi
952 1338 1044 1385 quo
1067 1336 1285 1382 praeterea
1307 1324 1638 1371 necessitudinis
1656 1324 1840 1378 vinculo
1871 1338 1939 1373 te-

171 1398 374 1440 meretur,
398 1402 453 1432 ex
471 1402 525 1432 eo
545 1386 619 1432 die
642 1387 953 1433 renunciaret:
978 1387 1288 1449 professusque
1308 1389 1375 1442 fit,
1390 1388 1431 1435 se
1449 1387 1792 1452 quibuscunque
1808 1389 1946 1437 rebus

170 1452 330 1512 poss'et,
355 1450 593 1497 inimicum
629 1464 850 1514 perpetuo
874 1451 1095 1497 futurum.
1162 1451 1352 1498 Nuncio
1382 1453 1427 1499 in
1452 1454 1602 1500 aulam
1628 1456 1804 1517 perlato
1827 1455 1944 1501 adeo

169 1513 416 1578 indignum
441 1515 656 1562 omnibus
678 1514 855 1562 facinus
876 1517 934 1561 est
952 1515 1112 1569 visum,
1128 1529 1175 1561 ut
1193 1516 1287 1577 jam
1316 1518 1460 1578 palam
1482 1518 1727 1565 fremerent
1743 1518 1941 1583 Duglas-

169 1579 280 1627 sitem
320 1578 486 1642 privati
520 1581 709 1626 modum
744 1579 1086 1643 supergressum,
1111 1581 1236 1644 quod
1267 1581 1348 1627 diu
1377 1582 1699 1635 meditabatur,
1724 1582 1765 1629 se
1787 1584 1941 1645 palam

168 1660 254 1707 pro
279 1645 408 1707 Rege
430 1660 601 1706 gerere.
669 1646 740 1692 Εὸ
762 1644 885 1691 haud
904 1644 1044 1691 dubie
1066 1645 1291 1706 pertinere
1315 1657 1384 1692 tot
1403 1647 1640 1694 Comitum
1666 1647 1938 1703 Crafordiae‚

168 1708 350 1762 Rflffiae,
370 1708 610 1763 Moraviae‚
632 1708 907 1755 Ormundiae
927 1725 1029 1754 cum
1055 1725 1111 1754 eo
1133 1709 1532 1772 conspirationem.
1601 1711 1720 1758 Illuc
1742 1711 1949 1774 speciare-

167 1773 349 1818 occulta
373 1787 477 1819 cum
493 1773 651 1836 Anglo
670 1772 918 1837 colloquia,
938 1772 1084 1820 caedes
1107 1773 1351 1828 bonorum,
1374 1775 1649 1838 diripiendae
1668 1775 1814 1838 plebis
1836 1793 1941 1840 per-

168 1837 342 1884 missam
368 1837 618 1885 licentiam.
663 1839 762 1901 Jam
788 1837 1098 1885 innocentiam
1121 1855 1203 1900 pro
1224 1838 1411 1902 ignavia
1431 1839 1682 1894 contemni,
1700 1841 1834 1887 fidem
1857 1841 1938 1888 Βά-

166 1902 318 1948 versus
342 1902 518 1965 Regem
551 1919 634 1964 pro
665 1902 856 1966 perfidia
877 1902 1045 1965 puniri.
1114 1903 1277 1949 Nimia
1300 1904 1440 1968 Regis
1475 1904 1763 1968 indulgentia
1784 1905 1939 1967 publi-

166 1981 246 2013 cos
263 1967 408 2013 hostes
428 1966 706 2014 insolescere.
759 1967 1007 2015 Enimvero
1029 1969 1268 2031 capesseret
1289 1967 1381 2032 ipse
1399 1968 1648 2031 aliquando
1669 1968 1940 2032 imperium,
1988 1978 1992 2025 J

165 2046 218 2077 ac
243 2048 324 2094 pro
347 2030 607 2095 magistratu
632 2044 753 2095 agat.
820 2033 892 2078 Ita
920 2032 1105 2078 demum
1130 2033 1461 2095 appariturum,
1486 2033 1569 2095 qui
1589 2033 1750 2089 hostes,
1776 2033 1856 2097 qui
1889 2051 1941 2081 a·

165 2095 277 2142 mici
298 2097 463 2142 ess'ent:
489 2108 566 2142 aut
589 2098 618 2143 fi
642 2096 690 2143 id
714 2096 862 2144 minus
886 2096 1040 2159 aperte
1063 2110 1250 2160 propter
1270 2099 1557 2160 quorundam
1581 2099 1833 2161 potentiam
1857 2116 1939 2146 au·

163 2161 308 2215 deret,
334 2161 570 2223 perfidiam
602 2160 688 2208 suis
714 2160 995 2224 opprimeret
1025 2163 1196 2208 artibus
1223 2179 1233 2207 ε
1268 2163 1331 2207 sm
1354 2179 1409 2209 ne
1431 2161 1480 2209 id
1513 2163 1701 2226 quidem
1729 2164 1935 2219 auderet,

164 2225 277 2287 quid
301 2225 425 2272 aliud
450 2225 684 2288 superesse,
710 2227 789 2272 nisi
817 2238 865 2272 ut
885 2226 968 2288 qui
992 2226 1048 2273 ad
1071 2243 1177 2273 eum
1200 2226 1323 2273 diem
1346 2225 1394 2274 in
1417 2227 1506 2274 fide
1527 2227 1828 2291 perstitissent,
1853 2228 1936 2275 ali·

161 2291 350 2351 quando
374 2291 556 2337 tandem
581 2289 662 2337 fibi
688 2289 987 2338 consul-erent.
1085 2328 1088 2330 v

227 2355 478 2402 XXXVII.
512 2354 602 2402 His
636 2355 917 2402 sermonibus
947 2371 1210 2419 quanquam
1244 2361 1285 2402 δε
1314 2355 1411 2403 vita
1443 2356 1857 2420 Duglassianorum,
1889 2362 1931 2406 δι
1969 2400 1971 2403 .

161 2434 306 2481 prona
327 2418 375 2465 in
413 2417 703 2482 suspitionem
726 2422 910 2482 Regum
934 2421 1176 2467 credulitas
1199 2420 1335 2467 fidem
1360 2421 1578 2475 facerent,
1603 2421 1722 2476 Rex,
1748 2421 1836 2467 five
1859 2421 1933 2469 in-

159 2482 318 2545 genita
343 2483 537 2546 quadam
556 2484 760 2538 lenitate,
780 2485 870 2530 five
887 2484 983 2545 jam
1005 2484 1206 2532 facinore
1228 2485 1446 2532 destinato
1484 2485 1769 2548 Duglassium
1810 2487 1867 2533 ad
1890 2486 1935 2534 se

147 2544 360 2594 accersit.
428 2549 470 2594 I=s
495 2561 564 2594 tot
585 2547 840 2595 facinorum
862 2549 944 2595 fibi
961 2548 1186 2604 conscius,
1224 2566 1399 2597 memor
1421 2549 1553 2597 toties
1575 2551 1756 2597 veniam
1781 2550 1932 2612 impe-

160 2623 343 2667 tratam,
379 2611 516 2658 etiam
557 2629 648 2659 non
671 2613 857 2675 ignarus
880 2612 1019 2676 quam
1043 2630 1214 2660 novum
1257 2631 1362 2661 cum
1387 2613 1631 2661 Crafordio
1655 2614 1806 2661 foedus
1825 2617 1931 2664 effer

157 2676 457 2732 invidiosum,
496 2678 575 2723 etsi
598 2676 645 2723 in
680 2678 823 2742 Regis
866 2678 1112 2725 clementia
1133 2694 1347 2742 magnam
1374 2678 1496 2742 spem
1534 2679 1740 2736 haberet,
1777 2692 1930 2728 tamen

158 2740 411 2803 proclivior
430 2740 479 2788 in
502 2741 713 2789 timorem
737 2742 888 2789 renuit
909 2742 956 2789 in
975 2743 1126 2790 aulam
1148 2744 1322 2797 venire,
1346 2743 1393 2790 in
1415 2759 1509 2806 qua
1526 2755 1611 2799 tot,
1635 2744 1824 2807 tamque
1844 2760 1930 2807 po·

159 2815 305 2852 tentes
325 2805 512 2854 haberet
532 2806 744 2867 inimicos
769 2825 781 2853 ε
814 2806 1030 2871 quosdam
1069 2807 1208 2854 etiam
1243 2825 1389 2872 nuper
1421 2810 1499 2855 suo
1521 2808 1659 2871 capiti
1675 2807 1929 2869 insidiatos.

159 2869 537 2929 Hunc‘timorem
577 2884 625 2918 ut
648 2870 924 2918 discuterent
957 2871 1092 2918 multi
1107 2871 1318 2919 homines
1351 2871 1549 2928 nobiles,
1571 2873 1653 2934 qui
1674 2888 1778 2920 cum
1798 2874 1931 2937 Rege

159 2934 363 2988 aderant,
390 2935 578 2982 mittunt
595 2936 650 2982 ad
665 2936 992 2999 eumdiploma
1004 2935 1212 2983 omnium
1235 2935 1570 3001 chirographic,
1591 2940 1640 2987 ὃς
1664 2936 1824 3002 sigillis
1845 2953 1928 3002 ap-

159 2997 332 3059 positis,
354 2998 628 3047 sacramento
649 3000 915 3062 interposito
958 2999 1156 3063 polliciti
1193 3000 1236 3047 se
1257 3001 1431 3048 etiamsi
1452 3004 1554 3049 Rex
1575 3002 1823 3065 quicquam
1846 3002 1928 3050 ad·-

157 3060 309 3107 versus
333 3063 532 3109 Comitis
549 3063 737 3113 salutem
759 3064 913 3112 moliri
929 3064 1056 3119 velit,
1081 3063 1361 3113 incolumem
1384 3079 1536 3114 tamen
1551 3066 1799 3113 emissuros.
1822 3067 1926 3114 Du-

159 3125 338 3189 glassius
361 3125 496 3173 totie's
519 3141 732 3190 expertus
764 3129 905 3193 Regis
925 3129 1234 3185 clementiam,
1255 3144 1420 3193 praeter
1441 3131 1575 3178 fidem
1602 3131 1833 3194 publicam
1857 3140 1930 3178 tot

134 3251 138 3257 1
157 3189 386 3237 nobilium
406 3190 609 3238 virorum
631 3193 1047 3255 pollicitationibus
1068 3193 1359 3242 confirmatus
1380 3197 1629 3244 Sterlinum
1647 3194 1775 3243 venit
1793 3211 1926 3260 mag-

214 3319 277 3371 (1)
302 3318 391 3358 The
408 3319 633 3367 Maclelans,
654 3322 765 3360 lairds
782 3323 827 3360 of
839 3323 1021 3372 Rombie,
1066 3324 1225 3362 liflxman
1242 3332 1283 3362 tu
1306 3324 1406 3363 have
1418 3324 1512 3363 been
1528 3324 1594 3363 the
1607 3325 1682 3363 first
1698 3325 1744 3364 of
1755 3324 1844 3363 than
1854 3322 1925 3361 fir«

158 3375 371 3413 afterwards
388 3374 490 3410 lords
502 3373 547 3410 of
556 3373 835 3423 Kirknbright.>
1066 3390 1191 3424 name,
1208 3378 1299 3427 laird
1316 3378 1361 3416 of
1386 3379 1543 3427 Foules3
1567 3380 1634 3416 and
1650 3378 1732 3416 that
1748 3379 1797 3415 he
1814 3388 1919 3414 came

212 3428 274 3479 (2)
303 3426 391 3464 The
409 3434 511 3464 tutor
525 3426 570 3463 of
582 3426 753 3465 Bombie.
818 3430 820 3432 ’
1066 3439 1107 3469 to
1125 3433 1298 3469 scotland
1320 3443 1423 3480 1424
1439 3444 1449 3469 ε
1477 3431 1572 3470 since
1585 3431 1634 3469 he
1651 3432 1682 3469 is
1695 3431 1783 3468 here
1800 3429 1927 3468 called

213 3484 275 3531 (3)
302 3480 394 3518 Fi-rst
411 3480 494 3520 lora
523 3480 625 3528 Gray
652 3480 698 3516 of
710 3481 858 3518 Foulea.
911 3480 1010 3520 This
1065 3480 1176 3522 uncle
1192 3493 1232 3523 to
1247 3483 1313 3522 the
1330 3492 1432 3522 tutor
1447 3485 1492 3522 of
1504 3484 1663 3523 Bombie
1679 3491 1792 3536 1430.

156 3534 261 3583 place
282 3531 443 3571 seemeth
457 3540 495 3570 to
509 3532 622 3570 make
634 3533 894 3585 much-against
906 3534 1017 3572 those
1117 3537 1200 3589 (4)-
1210 3536 1355 3580 Pam-fue
1366 3537 1454 3579 him
1472 3538 1518 3589 by
1533 3538 1631 3578 lawa

156 3585 244 3624 who
260 3586 382 3627 affirm
399 3597 470 3626 one
487 3585 534 3625 fir
549 3587 717 3625 Andrew
729 3587 832 3636 Gtay
848 3599 895 3641 an
907 3588 1009 3637 Engs
1402 3612 1408 3619 -
1514 3626 1517 3628 ,
1590 3613 1612 3618 ›-
1635 3613 1639 3617 .
1696 3615 1698 3617 -
1862 3610 1866 3613 -
