2025 3831
260 178 590 242 'Lrssaa
671 172 1555 237 Decimus‘rea‘rrus.
1686 168 1818 252 367

38 294 126 341 per
151 273 326 339 equites
360 268 505 318 missos
543 269 830 331 exploratum
858 268 1079 331 cognovit
1120 269 1300 314 nullum
1331 268 1600 325 exercitum,
1642 269 1819 316 nullam

44 342 238 388 hostiurn
264 351 445 383 manum
493 333 677 394 usquam
718 335 865 385 coisse,
911 331 1096 379 dimiffis
1139 333 1196 378 ad
1232 331 1526 394 praedandum
1551 335 1828 383 cohortibus·

40 406 172 452 brevi
197 417 306 463 pene
328 413 467 444 totam
494 397 878 443 Northumbriam
900 398 990 442 late
1015 397 1063 443 in
1085 413 1243 442 omnes
1267 409 1416 458 partes
1441 396 1534 442 fusa
1555 400 1820 459 populatio-

44 487 102 515 ne
124 465 323 514 vastavit.
393 464 510 508 Haec
532 478 613 523 per
635 462 811 523 aliquot
848 460 943 506 dies
968 462 1078 507 dum
1102 474 1340 522 geruntur,
1378 476 1527 522 neque
1558 461 1820 525 Anglorum

45 531 281 593 quisquam
319 526 375 571 ad
398 528 584 572 Petrum
606 526 837 580 deficeret,
875 531 915 570 δι
952 525 1220 572 nunciatum
1243 523 1363 587 Regi
1385 526 1506 578 esset,
1544 541 1624 586 per
1645 527 1822 575 vicinas

37 596 251 658 ,regiones
274 590 525 637 exercitum
543 589 785 641 conscribi,
811 588 1116 651 periculosum
1134 602 1253 635 ratus
1277 589 1375 634 suos
1391 589 1546 649 praeda
1564 605 1722 651 graves
1742 609 1823 638 ex·

43 657 227 723 peditiS,
270 661 309 701 δε
332 654 591 701 recentibus
626 654 878 716 Anglorum
914 654 1062 716 copiis
1096 652 1256 715 objici,
1283 654 1434 699 statuit
1455 653 1503 699 in
1528 654 1728 701 Set->tiam
1753 674 1823 702 re-

42 723 158 775 dire,
179 735 230 766 ac
253 719 456 782 deposita
477 718 647 780 praeda,
674 734 780 764 cum
806 718 1005 778 primum
1041 735 1120 780 per
1142 717 1246 763 anni
1274 729 1453 779 tempus
1475 717 1636 765 liceret
1655 735 1821 767 novam

38 784 387 848 ‘expeditionem
411 799 584 845 parare.
675 783 845 844 Neque
873 783 1122 836 metuebat,
1150 799 1205 829 ne
1227 782 1370 844 Angli
1393 782 1636 830 abeuntem
1669 783 1826 847 seque-

46 862 220 903 rentur,
244 863 292 895 ut
314 847 394 909 qui
415 864 507 894 non
529 846 780 909 ignoraret,
821 862 969 908 neque
993 846 1261 892 subitarium
1284 846 1478 892 militem
1502 847 1582 893 diu
1604 845 1652 894 in
1676 851 1825 897 castris

45 915 166 978 posse
193 912 436 966 continer,
459 927 606 974 neque
627 928 706 974 per
723 911 929 972 inopem,
955 916 994 957 Sc
1024 927 1167 973 nuper
1190 911 1400 957 vastatam
1422 911 1659 974 regionem
1686 917 1826 977 poss‘e,

46 979 184 1026 nullis
222 992 327 1023 ante
350 976 614 1040 praeparatis
641 975 974 1023 commeatibus
1013 973 1155 1038 sequi.
1223 977 1283 1022 Et
1305 976 1462 1022 Petrus
1504 990 1664 1024 contra
1687 996 1827 1041 quam

43 1042 317 1105 speraverat,
363 1040 500 1087 nullis
525 1041 783 1104 Anglorum
807 1038 990 1086 auxiliis
1013 1041 1070 1086 ad
1094 1039 1134 1085 se
1158 1040 1447 1093 coeuntibuS,
1488 1042 1660 1089 veritus
1680 1060 1753 1098 ne,
1796 1045 1827 1092 si

40 1107 223 1153 vdiutius
262 1107 308 1151 in
332 1105 501 1151 hostico
526 1118 827 1158 morarentur,
867 1117 1129 1152 commenta
1148 1105 1224 1158 saa
1244 1105 1396 1167 palam
1421 1104 1596 1161 fierent,
1628 1108 1756 1156 velut
1777 1113 1830 1160 ὃς

37 1171 142 1234 'ipse
164 1170 432 1216 sententiam
456 1168 598 1232 Regis
622 1170 851 1231 probaret,
876 1185 982 1214 eum
1005 1170 1100 1215 adit
1125 1187 1136 1215 ε
1183 1175 1223 1215 δε
1247 1169 1507 1231 compositis
1530 1172 1680 1226 vultu,
1706 1176 1756 1223 ὃς
1779 1191 1831 1219 0-

49 1235 225 1282 ratione
256 1236 314 1280 ad
335 1234 656 1280 misericordias
679 1234 887 1280 habitum
916 1245 1049 1296 rogat
1070 1233 1352 1295 suppliciter,
1377 1250 1433 1280 ne
1457 1233 1504 1280 in
1525 1252 1717 1298 regnum
1748 1239 1831 1285 fibi

45 1300 278 1354 demtum,
307 1305 353 1347 ὃς
376 1299 548 1344 civium
571 1298 752 1345 suorum
775 1313 983 1344 cruorem
1007 1311 1101 1344 tam
1130 1298 1350 1344 hostiliter
1371 1297 1615 1347 saeviretur.
1685 1303 1833 1350 Tanti

49 1365 134 1411 fibi
156 1365 336 1410 nullum
359 1364 442 1409 effe
465 1363 771 1416 dominatum,
799 1377 848 1407 ut
871 1361 999 1409 suum
1030 1360 1297 1425 sanguinem
1319 1361 1384 1408 ita
1407 1364 1641 1425 profundi,
1681 1371 1720 1413 Sc
1760 1368 1832 1414 so-

47 1429 150 1475 lum
189 1429 390 1492 patrium
418 1427 538 1474 ferro
561 1427 840 1489 flammaque
863 1426 921 1473 fic
957 1426 1274 1474 miserabiliter
1295 1428 1453 1473 vastari
1483 1442 1705 1477 cerneret.
1772 1434 1833 1480 Et

51 1494 155 1540 Rex
176 1510 320 1556 prope
342 1493 450 1553 ‘jam
473 1492 723 1546 intelleEtQ
769 1508 861 1553 quo
898 1491 1216 1553 intempestiva
1250 1491 1452 1538 hominis
1474 1493 1555 1540 illa
1589 1495 1834 1545 clementia

52 1558 289 1620 speciaret,
315 1556 545 1619 respondit
566 1555 607 1601 se
630 1558 792 1610 vereri,
818 1571 874 1602 ne
898 1556 1243 1620 regnumillud,
1279 1557 1327 1603 in
1355 1573 1448 1618 quo
1471 1574 1607 1605 nemo
1626 1576 1730 1607 eum
1758 1565 1829 1622 (1)

53 1639 148 1669 non
173 1624 312 1668 modo
334 1623 530 1683 Regem,
572 1619 646 1668 sed
669 1637 753 1668 nec
775 1619 924 1666 civem
948 1621 1227 1684 agnosceret,
1270 1637 1363 1667 non
1397 1621 1496 1675 fibi,
1521 1621 1595 1669 sed
1617 1623 1732 1671 hosti
1755 1626 1834 1674 suo

53 1685 241 1749 capitali
263 1687 404 1734 servet
430 1704 440 1733 :
473 1686 538 1732 ita
555 1686 612 1732 de
634 1684 872 1734 communi
893 1685 1114 1732 sententia
1129 1686 1318 1734 domum
1339 1685 1527 1743 reditur,
1545 1693 1586 1735 Sc
1609 1692 1834 1739 exercitus

57 1751 324 1799 dimittitur.

122 1816 230 1863 XV.
264 1818 365 1864 Rex
389 1817 571 1880 Anglus
607 1817 664 1864 de
686 1829 814 1864 motu
837 1821 878 1864 Sc
900 1816 1053 1864 reditu
1077 1819 1319 1864 Scotorum
1346 1817 1512 1865 certior
1530 1819 1674 1868 fathus
1697 1839 1838 1884 expe·

57 1881 234 1929 ditione
257 1883 465 1930 adversus
489 1899 566 1928 eos
599 1882 648 1929 in
671 1881 935 1946 proximum
957 1899 1126 1929 annum
1152 1882 1333 1929 decreta
1355 1882 1559 1930 validum
1582 1887 1837 1936 exercitum

56 1946 445 2008 conscribijubet.
514 1947 613 2009 Ipse
652 1947 844 2002 interea,
884 1964 941 1995 ne
962 1947 1109 1993 hiems
1131 1947 1249 1994 iners
1273 1948 1377 1994 ess'et
1398 1947 1612 1996 ordinum
1635 1967 1840 1998 conven-

58 2025 157 2060 tum
174 2012 328 2060 habet.
353 2012 425 2060 Ibi
447 2013 519 2075 (2)
540 2012 738 2058 concilio
757 2012 854 2074 ejus
869 2012 924 2058 de
944 2012 1068 2058 bello
1081 2011 1264 2059 Scotico
1277 2012 1580 2075 comprobato
1593 2014 1640 2061 in
1654 2015 1843 2063 subsidi-

57 2093 138 2124 um
172 2078 274 2124 leve
297 2078 522 2126 tributum
546 2077 720 2140 populo
742 2076 964 2124 indicitur
997 2096 1007 2123 :
1043 2075 1119 2123 sed
1148 2077 1273 2140 quod
1297 2077 1479 2141 gravius
1513 2079 1641 2126 domi
1665 2080 1841 2129 bellum

58 2141 296 2198 excitavit,
320 2159 460 2207 quam
484 2143 558 2189 cui
581 2143 904 2206 restinguendo
943 2140 1053 2187 foris
1072 2155 1168 2189 erat
1190 2142 1476 2189 destinatum.
1549 2143 1841 2206 Qerebatur

59 2206 186 2253 enim
208 2207 372 2271 vulgus
396 2220 465 2253 tot
484 2207 617 2253 bellis
636 2206 756 2253 intra
779 2222 946 2268 paucos
966 2222 1107 2253 annos
1129 2208 1261 2269 gestis
1278 2208 1568 2269 juventutem
1588 2209 1843 2257 deleftibus

60 2272 148 2316 esse
169 2270 452 2334 absumptam
480 2276 491 2317 ;’
529 2287 624 2317 rem
644 2270 914 2318 familiarem
935 2271 1068 2317 valde
1090 2284 1388 2327 attenuatam,
1412 2287 1642 2335 proceres,
1666 2279 1707 2321 δι
1731 2290 1844 2322 con-

50 2335 249 2382 sultores
284 2336 476 2399 Regios,
520 2352 614 2381 non
636 2337 776 2382 modo
797 2335 853 2381 iis
877 2334 1213 2382 calamitatibus
1237 2352 1328 2383 non
1352 2337 1653 2393 commoveri,
1694 2338 1770 2386 sed
1793 2340 1844 2387 in

58 2417 174 2464 pace
199 2416 317 2448 nova
335 2400 456 2448 bella
476 2416 695 2463 quaerere.
729 2400 870 2448 Nova
893 2416 1041 2446 rerum
1065 2400 1272 2448 omnium
1297 2401 1539 2466 egentibus
1562 2402 1736 2451 tributa
1755 2405 1846 2451 im-

22 2526 26 2527 ?
55 2481 251 2528 ponere,
273 2478 322 2512 ut
338 2481 452 2528 quos
476 2466 647 2512 ferrum
669 2482 762 2512 non
785 2464 1098 2526 absumpserit,
1115 2464 1164 2510 hi
1186 2465 1359 2528 inopia,
1381 2472 1422 2513 δε
1441 2465 1633 2513 miseriis
1655 2470 1845 2516 confici-

52 2543 211 2577 ·antur.
232 2529 324 2578 Hae
336 2529 635 2593 querimoniae
649 2545 755 2577 cum
770 2529 970 2592 publicae
985 2528 1079 2576 fere
1094 2529 1478 2585 effent,C0rnavii
1496 2531 1636 2595 longe
1651 2549 1745 2594 prae
1758 2549 1848 2580 ca:-

49 2595 174 2651 ¹teris
197 2594 574 2658 indignabantur,
597 2594 774 2659 quippe
795 2610 901 2641 cum
925 2610 1087 2657 agrum
1113 2610 1283 2659 magna
1301 2612 1360 2642 ex
1381 2609 1510 2658 parte
1535 2597 1732 2644 sterilem
1767 2615 1848 2646 co-

65 2661 230 2715 lerent,
255 2661 428 2707 bellum
448 2660 512 2707 eis
535 2659 684 2724 magis
706 2657 1025 2724 quaestuosum,
1049 2675 1190 2721 quam
1212 2659 1524 2723 sumptuosum
1550 2662 1634 2708 effe
1658 2661 1849 2711 consue-

63 2736 207 2773 verat.
276 2725 427 2788 Igitur
447 2724 657 2772 homines
680 2724 900 2779 bellicofi,
936 2723 1018 2787 qui
1038 2739 1137 2770 rem
1171 2722 1446 2771 familiarem
1469 2725 1616 2789 magis
1659 2729 1848 2789 peculio

58 2789 268 2838 castrensi
283 2805 467 2853 augere,
484 2806 624 2852 quam
638 2789 823 2836 tributis
844 2788 1120 2835 imminuere
1142 2787 1363 2844 solebant,
1389 2789 1590 2851 primum
1617 2794 1850 2841 coaftores

66 2860 109 2904 &
127 2853 352 2901 ministros
374 2853 548 2919 Regios
570 2853 805 2916 occidunt.
856 2852 1042 2900 Deinde
1065 2865 1158 2900 tam
1180 2854 1365 2901 audacis
1379 2851 1612 2911 facinoris,
1639 2857 1760 2903 unde
1779 2875 1852 2905 re·

58 2930 225 2982 ceptus
248 2920 307 2965 ad
329 2917 689 2966 misericordiam
721 2935 815 2966 non
838 2929 950 2973 erat,
991 2915 1075 2964 fibi
1112 2912 1284 2965 conscii
1317 2919 1615 2983 multitudine
1644 2921 1704 2967 ad
1725 2938 1853 2970 arma

23 3037 26 3040 ⁴
63 2983 213 3031 indies
236 2980 492 3031 affluentius
513 2996 788 3047 properante
810 2983 1077 3030 Londinum
1100 2982 1250 3030 versus
1269 2982 1358 3046 iter
1376 2982 1623 3046 capessunt.
1678 2987 1768 3034 Sed
1791 2989 1850 3035 de

64 3047 137 3096 his
160 3047 379 3103 motibus,
399 3063 517 3111 quos¹
533 3047 719 3112 longius
738 3046 951 3111 prosequi
972 3044 1150 3095 animus
1174 3063 1266 3094 non
1289 3049 1367 3104 est,
1387 3047 1492 3095 satis
1515 3049 1572 3096 ad
1596 3066 1751 3098 meum
1775 3053 1852 3100 in-

66 3109 272 3161 stitutum
294 3112 489 3160 arbitror
510 3112 679 3168 dicere,
719 3113 847 3176 quod
884 3123 1034 3159 totum
1068 3128 1174 3159 eum
1207 3129 1379 3160 annum
1413 3115 1484 3176 (3)
1512 3114 1734 3162 Cornavii
1755 3117 1850 3164 Re·

43 3192 175 3242 ⁸gem
195 3177 405 3241 Anglum
425 3177 491 3224 ita
506 3177 815 3234 exercuerint,
839 3190 890 3225 ut
924 3192 1050 3223 arma
1065 3175 1312 3243 copiasque
1333 3177 1393 3225 ad
1415 3177 1592 3227 bellum
1614 3179 1850 3228 Scoticum

67 3253 244 3305 paratas
268 3241 315 3286 in
335 3241 525 3288 rebelles
543 3251 718 3289 vertere
740 3241 794 3289 fit
811 3243 1012 3290 cantuss.
1551 3244 1553 3246 ’

63 3335 65 3339 -
133 3307 267 3354 XVI.
285 3307 464 3352 Interea
476 3306 653 3362 Scottis,
671 3305 759 3368 qui
771 3307 929 3354 animo
945 3318 1225 3371 praeceperat
1243 3306 1417 3356 hostem
1435 3308 1667 3372 superiora
1679 3310 1848 3355 damna

48 3395 50 3397 >
69 3384 163 3418 non
183 3371 414 3434 passurum
433 3369 598 3426 inulta,
613 3376 652 3418 δι
671 3386 753 3434 per
762 3372 1071 3436 exploratores
1090 3387 1390 3438 cognoverat,
1411 3371 1624 3438 ingentes
1646 3373 1694 3420 in
1708 3372 1752 3419 se
1772 3388 1853 3420 co·

84 3509 88 3513 ·
126 3497 190 3547 (1)
216 3501 307 3539 Non
324 3502 435 3539 modo
452 3500 510 3539 for
541 3514 615 3539 non
635 3501 747 3539 modo
763 3515 853 3550 non,
890 3516 928 3541 as
1038 3502 1104 3552 (2)
1135 3506 1207 3544 At.
1226 3504 1400 3543 confilio.

73 3549 118 3588 in
131 3551 268 3592 several
288 3554 399 3592 other
427 3555 563 3610 places,
599 3556 640 3595 in
671 3555 864 3598 imitation
887 3556 935 3597 of
1034 3556 1103 3607 (3)
1122 3558 1212 3600 The
1224 3558 1509 3606 Coruini-men,
1523 3557 1652 3608 people
1667 3555 1712 3596 of
1720 3556 1843 3596 Corn-

73 3603 207 3648 Cicero
223 3610 294 3648 and
312 3608 420 3660 Livy.
985 3611 1092 3653 wan.

1763 3717 1862 3781 pias
