1992 3801
117 164 248 228 5η
447 145 1590 215 RERUMScoTrcARUM·

118 258 247 305 gem,
289 247 330 288 ec
354 244 544 306 patriam
567 245 610 291 se
634 247 755 290 luere
776 259 936 305 poenas
959 237 1152 290 sentiant
1177 248 1194 290 ?
1238 242 1358 304 Qis
1392 245 1536 309 igitur
1558 245 1756 302 dubitet;
1780 250 1915 313 qufstb.

118 309 152 353 fl
176 323 244 352 res
266 307 323 353 ad
344 324 468 355 arma
494 310 674 370 posthac
697 308 879 368 speetet,
904 307 1032 368 quod
1049 306 1146 353 fore
1163 309 1336 356 neceffe
1352 311 1434 365 est,
1467 310 1546 358 nifi
1573 320 1694 357 nunc
1717 311 1763 358 in
1789 329 1895 363 ortu

119 371 308 418 flamma
341 370 554 434 sopiatur.
623 373 741 433 Qis
763 371 954 435 inquam
977 371 1176 427 dubitet,
1198 373 1311 436 quin
1335 389 1390 420 ea
1420 391 1521 437 pars
1543 375 1717 422 firmior
1741 376 1794 422 lit
1819 378 1893 425 fu-

123 447 242 491 tura,
265 434 312 482 in
338 448 466 484 tanto
488 436 732 499 praesertim
771 437 1281 497 malorum‘proventu„
1299 438 1377 484 cui
1399 439 1556 492 omnia
1577 438 1767 502 impune
1789 441 1914 494 lices,

124 512 222 555 ant,
264 517 401 562 quam
425 503 499 548 cui
532 501 688 547 omnia
722 517 801 562 per
840 500 952 554 vim,
996 499 1276 559 &injuriam
1310 502 1392 549 sint
1416 503 1672 564 patienda?
1719 506 1848 567 quod
1873 507 1913 554 si:

125 564 225 612 haec
244 565 538 612 incommoda
557 565 736 612 inanem
758 566 881 615 istam
905 569 1164 611 clementiae
1187 565 1385 627 speciem
1405 583 1495 614 non
1520 568 1907 631 sequerentur,ta·

127 644 233 676 men
260 646 407 691 neque
430 630 696 691 Proregem‚
722 646 871 693 neque
894 630 1072 693 Regem
1096 629 1245 694 ipsum
1283 631 1405 693 poffe
1438 632 1533 678 ullo
1552 631 1655 692 jure
1679 632 1903 695 spoliato·
1952 632 1956 636 ⁴

128 709 234 740 rum
258 694 376 739 bona
399 694 651 740 latronibus
674 694 951 741 condonare.
1020 693 1075 740 Id
1098 694 1221 742 enim
1243 695 1272 740 fi
1296 694 1484 750 faciant,
1522 695 1644 743 suam
1672 698 1777 760 ipsis
1801 715 1909 760 per-

131 759 284 804 sonam
310 759 649 821 deponendam,
675 760 904 805 latronum
927 758 1011 808 effe
1033 758 1360 807 assumendam.
1416 761 1574 815 Multo
1596 761 1720 808 enim
1744 763 1908 810 crude·
1943 774 1947 780 “

130 821 219 869 lius
246 822 273 868 si
296 822 391 869 haec
416 823 662 881 recipiatur
684 823 911 884 conditio,
953 824 1179 885 popul-um
1219 839 1245 869 a
1264 823 1471 886 Regibus
1493 823 1781 888 impunitatis
1801 843 1912 874 auc-

132 887 326 939 toribus,
353 903 490 948 quam
515 887 572 934 ab
598 888 669 948 (1)
708 887 903 934 hostium
930 887 1283 949 populatoribus
1321 887 1558 948 spoliari.''
1623 890 1732 936 Hoc
1763 908 1912 954 genus
1976 899 1978 901 ’

134 951 281 998 multa
313 967 414 996 curn
437 967 521 1016 pro
561 965 751 1014 utraque
771 963 898 1014 parte
923 951 1044 997 diela
1066 950 1264 1005 fuissent,
1305 949 1507 1013 virilique
1538 950 1719 999 fuissent
1756 955 1922 1016 paucis

135 1014 365 1061 sententiis
384 1015 674 1076 impunitatis
697 1018 920 1071 auctoreS,
940 1017 1110 1065 Prorex
1129 1014 1450 1079 pronunciavit
1468 1015 1791 1063 seconcordiae
1806 1034 1913 1065 cau—

137 1080 179 1124 sa
204 1080 370 1125 damna
393 1079 472 1126 fibi
498 1079 729 1143 privatim,
755 1096 807 1127 ac
830 1079 948 1143 Regi
972 1078 1102 1126 illata
1123 1079 1505 1128 condonaturum.
1575 1081 1692 1127 Rem
1717 1081 1919 1131 alienam

137 1143 397 1191 condonare
419 1160 503 1190 nec
521 1145 650 1206 posse.
697 1161 780 1192 nec
802 1145 936 1191 velle.
1006 1144 1149 1207 Qod
1177 1145 1205 1190 fi
1231 1144 1496 1199 Huntlaeus,
1535 1157 1615 1191 aut
1638 1146 1733 1206 ejus
1757 1145 1914 1203 amici,

138 1206 221 1270 qui
243 1208 403 1254 seciam
440 1209 537 1270 ejus
559 1207 698 1256 secuti
724 1209 924 1264 fuissent,
946 1212 1189 1272 transigere
1213 1225 1316 1255 cum
1342 1208 1544 1270 spoliatis
1568 1210 1760 1271 possent,
1800 1210 1848 1257 id
1872 1211 1924 1264 (α

133 1272 326 1319 ‘lubente
350 1273 592 1325 facturum,
617 1287 975 1336 curaturumquc
1012 1284 1062 1319 ut
1092 1271 1251 1320 arbitri
1272 1289 1330 1319 ex
1353 1272 1590 1321 voluntate
1613 1274 1812 1337 partium
1836 1276 1919 1327 da·

143 1349 318 1390 rentur,
342 1337 421 1399 qui
445 1337 603 1386 damni
627 1338 967 1386 aestimationem
991 1351 1311 1400 temperarent.

206 1401 459 1450 XXXVII.
491 1404 545 1449 In
569 1402 647 1448 has
672 1403 960 1451 conditiones
979 1402 1244 1458 concordia,
1282 1414 1329 1449 nt
1350 1399 1610 1456 videbatur,
1636 1400 1832 1449 stabilita
1851 1402 1920 1455 se·

142 1477 251 1512 cuta
273 1467 333 1512 cst
371 1466 460 1513 alia
497 1483 637 1530 parva
672 1469 719 1514 in
756 1466 950 1531 speciem
974 1466 1230 1522 contentio,
1250 1466 1320 1514 sed
1346 1481 1449 1530 quae
1470 1467 1641 1526 majore
1663 1483 1803 1529 quam
1826 1468 1921 1530 pri-

142 1546 195 1577 or
213 1531 460 1579 certamine
484 1531 731 1594 disceptata
761 1533 827 1580 sit.
897 1532 1218 1582 Controversia
1239 1531 1287 1578 in
1309 1548 1364 1579 eo
1386 1542 1499 1584 erat,
1523 1530 1791 1578 omnibnsne
1816 1548 1928 1594 pro..

144 1594 331 1650 misene,
371 1597 452 1660 qui
475 1597 748 1644 Huntlaeum
772 1597 912 1646 secuti
939 1608 1086 1650 erant,
1131 1597 1264 1642 venia
1288 1594 1439 1643 danda
1473 1595 1596 1649 ess'et,
1634 1612 1689 1641 an
1727 1595 1930 1647 seorsum.

146 1660 309 1716 causae,
334 1660 586 1724 meritaque
606 1661 884 1724 singulorum
904 1661 1287 1723 expenderentur.
1365 1657 1483 1713 Alii,
1506 1660 1616 1723 quia
1636 1676 1741 1707 cum
1766 1661 1926 1709 Hunt-

148 1725 236 1772 laeo
259 1726 415 1774 durius
438 1728 585 1772 ac‘tum
614 1726 760 1772 videri
782 1727 1013 1777 volebant,
1046 1726 1175 1788 quod
1205 1725 1374 1772 damna
1412 1724 1523 1771 laesis
1543 1724 1716 1771 solvere
1735 1741 1925 1789 cogere,-

151 1801 243 1845 tur‚
275 1790 352 1836 hic
389 1789 513 1837 aliud
539 1791 580 1837 ei
603 1789 834 1855 indulgeri
857 1807 1053 1853 aequum,
1074 1789 1316 1837 censebant
1353 1808 1363 1836 :
1412 1804 1562 1850 neque
1579 1791 1929 1859 'omneQapud,

151 1854 250 1904 suos
270 1854 464 1917 gratiam
488 1855 610 1903 tolli.
697 1855 872 1905 Contra
893 1845 1206 1918 disputabatur
1230 1854 1346 1901 nihil
1378 1854 1534 1915 magis¹
1563 1852 1611 1901 in
1645 1854 1735 1901 hoc
1758 1870 1928 1917 genere
1979 1890 1983 1894 -

154 1919 381 1968 bellorum
417 1920 730 1982 spectandum,
763 1938 900 1984 quam
929 1933 979 1966 ut
1000 1918 1218 1966 factiones
1241 1920 1485 1966 lolvantur.
1554 1919 1722 1982 Neque
1745 1918 1834 1966 alia
1855 1936 1929 1967 ra·
1974 1926 1976 1932 ’

158 1985 285 2032 tione
308 1984 357 2034 id
381 1983 561 2047 facilius
582 1985 801 2040 obtineri,
819 1984 959 2049 quarn
987 1986 1016 2030 fi
1040 1984 1220 2049 gratiae,
1242 1988 1282 2033 ἃ
1313 1982 1699 2046 poenaejudicium
1718 1999 1854 2045 penes
1877 2001 1928 2031 u-

154 2064 267 2098 num
290 2049 342 2099 fit
359 2047 635 2112 principem.
666 2051 871 2113 AEquam
893 2049 1108 2099 omnibus
1132 2048 1262 2096 statui
1291 2050 1501 2103 multam,
1519 2064 1716 2111 quorum
1737 2047 1942 2110 imparia,

160 2114 247 2161 sint
269 2114 437 2163 delicta
460 2133 472 2161 ε
504 2115 554 2161 id
574 2131 715 2177 quam
750 2114 962 2179 iniquum
985 2115 1054 2169 sit,
1078 2130 1236 2160 ornnes
1259 2113 1534 2177 intelligere.
1602 2112 1757 2160 Poenae
1779 2125 1935 2164 autem

161 2177 500 2229 aestimationem
525 2179 750 2227 Huntlaeo
764 2180 952 2226 minime
970 2179 1179 2225 omnium
1197 2179 1363 2225 debere
1380 2177 1580 2239 relinqui
1600 2194 1612 2224 ε
1636 2176 1717 2239 qui
1736 2180 1808 2239 (ut
1833 2194 1931 2225 cre-

160 2241 304 2290 dibile
333 2244 414 2302 est)
440 2243 742 2296 maximorum
765 2244 1038 2292 deliciorum
1062 2244 1115 2290 sit
1146 2242 1397 2290 laevissimas
1422 2258 1578 2304 poenas
1600 2243 1857 2296 exacturus,
1881 2245 1935 2292 δε

160 2307 208 2354 in
235 2307 422 2356 minime
445 2308 607 2356 noxios
629 2320 778 2360 toturn
801 2325 916 2356 onus
949 2308 1279 2355 inclinaturus:
1321 2306 1513 2371 quippe,
1547 2306 1630 2371 qui
1662 2321 1758 2356 non
1787 2306 1934 2366 cujus.-
1970 2315 1973 2318 “

165 2388 257 2435 que
278 2372 454 2427 merita,
472 2372 546 2421 sed
568 2390 754 2437 operam
775 2373 857 2420 fibi
881 2386 1087 2420 navatam
1118 2373 1172 2421 sit
1192 2373 1240 2418 in
1264 2372 1413 2435 poenis
1434 2369 1689 2434 irrogandis
1711 2371 1935 2432 expensu-

168 2453 257 2484 rus.
328 2437 399 2487 Ut
433 2454 555 2484 enim
579 2436 769 2502 quisque
795 2440 995 2486 maxime
1027 2429 1291 2492 crudeliter,
1338 2442 1376 2483 δι
1411 2436 1555 2498 impie
1582 2434 1788 2481 fueritin
1812 2435 1951 2485 bello,
1987 2438 1990 2441 ’

167 2499 381 2557 versatus,
417 2502 484 2551 ita
504 2502 702 2565 primum
727 2504 907 2566 gratiae,
943 2509 980 2550 &
1006 2501 1220 2550 amicitiae
1254 2503 1406 2548 locum
1429 2498 1675 2547 obtinebit.
1760 2500 1948 2552 Contra..¹

169 2565 375 2613 leviflirni
400 2566 575 2615 sceleris
599 2568 902 2630 graviffimam
927 2583 1111 2630 poenam
1133 2567 1416 2629 dependent,
1452 2563 1534 2627 qui
1563 2563 1620 2609 ad
1636 2561 1820 2627 'flagitia
1840 2562 1941 2628 seg«

171 2629 322 2677 niores
345 2631 525 2679 fuerant
548 2649 561 2679 2
597 2639 636 2679 &
655 2630 743 2680 suae
765 2632 1012 2688 modestiae,
1045 2636 1093 2681 ὃς
1117 2630 1286 2678 favoris
1307 2646 1416 2693 erga
1437 2630 1614 2693 Regem
1637 2630 1831 2675 multam
1853 2628 1941 2677 sol-

169 2707 294 2742 vent.
1986 2732 1989 2735 ,

237 2760 516 2809 XXXVIII.
550 2761 642 2811 Hae
663 2759 864 2809 rationes
884 2760 950 2808 ita
972 2759 1209 2808 confilium
1234 2758 1284 2807 in
1306 2758 1423 2807 hanc
1445 2771 1622 2822 partem
1644 2755 1952 2819 inclinarunt„
1975 2769 1977 2773 ·

176 2836 229 2870 ut
246 2828 582 2882 decerneretur,
609 2837 657 2872 ut
678 2825 870 2873 seorsum
899 2827 958 2874 de
980 2824 1166 2889 singulis
1183 2823 1481 2887 judicaretur.
1549 2823 1625 2870 Ne
1649 2833 1799 2869 tamen
1823 2817 1943 2885 nihil
1974 2827 1980 2832 ”

174 2887 219 2934 ei
241 2889 397 2936 datum
435 2889 684 2946 videretur,
707 2889 980 2946 comestum,
1017 2904 1067 2938 ut
1102 2885 1370 2937 domesticos
1386 2885 1566 2950 judicio
1586 2900 1824 2949 exemptos
1847 2886 1949 2951 ipse,

175 2951 254 2997 suo
277 2952 464 3000 arbitrio
485 2955 718 3003 multaret.
785 2955 911 3002 Illud
942 2971 1070 3008 vero,
1110 2954 1239 3016 quod
1276 2969 1557 3018 magnopere
1586 2951 1840 3007 laborabat,
1884 2967 1943 2998 ne

178 3016 349 3064 Prorex
371 3033 476 3066 cum
511 3019 658 3081 copiis
695 3020 751 3064 ad
790 3019 1193 3083 septentrionalem
1230 3017 1362 3082 regni
1383 3019 1565 3081 plagam
1589 3015 1945 3080 proficisceretur

177 3079 399 3129 obstinate
420 3086 655 3147 negatum.
710 3084 838 3134 Cum
853 3084 945 3133 hoc
965 3082 1164 3131 maxime
1187 3085 1319 3145 pac‘to
1342 3083 1398 3128 ad
1421 3083 1594 3132 Fanum
1618 3080 1817 3127 Andreae
1837 3086 1952 3129 cum.v
1976 3086 1982 3102 ⁸

179 3143 405 3193 Huntlaeo
425 3146 696 3196 transactum
718 3149 840 3204 effet,
859 3164 966 3196 cum
987 3147 1164 3194 duabus
1186 3146 1571 3196 mercenariorum
1589 3141 1874 3199 cohortibus,
1900 3149 1954 3201 &i

180 3207 283 3254 satis
306 3224 474 3274 magna
489 3211 743 3260 amicorum
760 3228 897 3259 manu
917 3210 1085 3259 Pr'orex
1105 3209 1307 3273 primum
1320 3210 1656 3264 Abredoniam,
1677 3207 1846 3256 deinde
1863 3207 1947 3256 El-

182 3271 358 3342 ginam,
382 3276 570 3325 demum
591 3277 918 3325 Ennerness'um
954 3276 1147 3323 delatus.
1217 3275 1404 3324 Accolae
1441 3275 1499 3322 ad
1536 3291 1590 3334 ea
1621 3272 1798 3338 oppida
1837 3287 1949 3319 con-

185 3338 342 3386 venire
357 3338 457 3402 juffi
482 3357 495 3387 :
543 3355 703 3389 omnes
722 3352 971 3404 paruerunt
990 3359 1002 3388 ;
1056 3356 1084 3386 a
1119 3339 1390 3404 quibusdam
1412 3339 1627 3407 pecunia,
1648 3354 1766 3402 rquae
1787 3336 1952 3383 multas<

235 3466 296 3515 (1)
317 3469 374 3505 Ita
393 3470 486 3518 apud
505 3469 672 3522 propert.
692 3469 894 3507 Medorum
908 3469 1041 3515 hostes,
1094 3483 1197 3511 cum.
1253 3471 1367 3508 Hunc
1393 3467 1625 3509 idiotismum
1658 3464 1797 3516 patitur
1819 3461 1957 3510 lingua-

172 3518 207 3558 ³.
223 3533 258 3557 e.
278 3520 398 3564 hostes
415 3522 548 3560 Medos
567 3528 583 3571 ς’
607 3524 770 3573 equitem
791 3522 938 3569 Parthi,
957 3522 986 3559 i.
1005 3537 1038 3561 e.
1093 3525 1214 3561 nostra
1244 3525 1453 3562 vernacula.
1517 3535 1550 3560 e.
1582 3535 1620 3570 g.
1663 3531 1685 3556 a
1714 3517 1834 3564 forger
1863 3515 1907 3550 of
1924 3528 1948 3552 a

176 3573 318 3622 equites
335 3573 491 3616 Parthos
508 3590 523 3628 3
561 3577 620 3616 vel
648 3576 863 3628 equitatum
884 3576 1039 3618 Parthi·
1092 3577 1229 3625 monk,
1245 3589 1266 3617 a
1285 3578 1424 3631 pedant
1439 3575 1485 3617 of
1497 3568 1798 3626 a'grammarian2
1819 3569 1894 3608 &0¹-

1867 3660 1955 3705 1201-
