2045 3857
510 136 839 202 LIBER
935 134 1425 221 QurNTUS.
1731 155 1854 223 117

84 265 143 295 na
164 247 250 293 five
270 242 433 293 sorore,
455 238 543 285 five
565 255 622 285 ex
643 236 853 301 legitima
876 250 1015 282 uxore
1035 234 1143 291 filia.
1197 236 1299 299 Ego
1318 235 1382 281 eis
1405 236 1555 297 potius
1579 236 1750 283 accedo*
1771 240 1856 301 qui

84 313 277 360 sororem
300 304 428 351 fuiffe
450 303 636 351 tradunt
661 321 671 349 :
707 314 845 364 atque
867 315 1066 346 errorem
1087 315 1145 346 ex
1162 316 1218 347 eo
1241 313 1396 348 natum
1424 315 1554 360 puto,
1587 303 1714 364 quod
1736 300 1856 351 Ute-

83 378 175 425 rius
197 372 330 419 aliam
349 385 405 414 ex
427 369 685 415 concubina
708 370 891 413 Annam
913 363 1124 411 sustuliffe
1145 364 1340 411 dicatur.
1390 366 1498 411 Hoc
1517 379 1694 428 patrato
1715 369 1856 416 trium

84 443 266 502 Regum
287 433 460 481 foedere
491 434 648 480 multae
678 432 735 478 de
760 429 1014 477 Saxo-nibus
1037 441 1178 492 partae
1200 427 1403 476 victoriae
1425 447 1436 475 ε
1474 444 1526 475 ac
1547 446 1715 478 nomen
1738 434 1857 481 Ute-

84 503 142 551 rii
162 515 401 563 magnum,
425 504 464 546 δι
489 496 782 544 formidabile
805 511 885 557 per
908 507 1051 542 totam
1069 494 1360 541 Britanniam
1381 494 1464 540 effe
1486 507 1704 557 coeperat.
1739 500 1858 546 Om.

84 566 218 614 nibus
239 565 332 612 fere
355 564 588 610 Saxonum
610 560 804 609 ducibus
821 559 998 614 occifis,
1022 564 1063 605 &
1081 558 1366 622 superstitum
1384 558 1525 605 fracia
1542 560 1766 622 potentia,
1787 581 1878 610 re--

84 628 254 692 busque
276 644 420 691 prope
441 629 566 689 apud
587 642 666 673 eos
694 624 938 687 desperatis
961 624 1151 672 Uterius
1184 623 1303 670 inter
1327 624 1552 670 maximos
1593 625 1736 670 aetatis
1770 628 1859 675 suae

81 697 235 758 Reges
257 705 436 757 poterat
457 689 695 745 recenseri,
728 689 811 736 nisi
847 688 1025 750 flagitio
1047 688 1174 737 foedo
1208 705 1313 736 cum
1346 688 1528 751 ingenti
1550 689 1715 735 scelere
1749 707 1860 739 con-

77 759 240 822 juncto
263 757 442 821 magnis
475 755 720 803 virtutibus
751 753 978 800 maculam
1002 752 1256 816 asperfiffet.
1336 754 1445 799 Erat
1486 753 1607 800 inter
1626 755 1860 819 principes
1930 805 1933 807 .

85 823 411 872 Britannorum
436 820 625 868 Gorlois
646 820 835 875 virtute,
874 822 923 867 δε
949 817 1156 881 potentia
1174 819 1337 865 clarus.
1397 817 1449 878 Ej
1459 835 1507 864 us
1526 833 1716 866 uxorem
1736 822 1864 884 Iger-

83 905 190 935 nem
210 888 357 934 forma
377 887 662 951 praestantem
684 885 874 933 Uterius
897 884 1049 930 adhuc
1065 883 1275 946 privatus,
1290 883 1546 946 deperibat.
1632 886 1721 932 Sed
1756 902 1864 936 cum

87 953 248 1000 omnia
267 953 390 1000 circa
406 969 508 999 eam
529 952 716 1014 obsepta
736 948 966 1013 pudicitia
986 947 1175 1011 libidini
1191 948 1287 1009 ejus
1309 949 1554 1004 obstarent,
1573 949 1761 1007 tandem
1782 968 1866 1015 per

85 1018 347 1065 Merlinum
385 1017 622 1064 hominem
646 1015 886 1071 audacem,
921 1019 963 1061 δε
996 1013 1255 1060 maleficum
1292 1013 1497 1061 mulieri-s
1531 1014 1866 1065 continentiam

85 1094 339 1145 expugnat.
407 1084 477 1128 Ex
499 1082 585 1128 hac
616 1079 753 1143 stupri
774 1079 1103 1126 consuetudine
1135 1091 1266 1125 natus
1290 1080 1350 1125 est
1382 1079 1446 1124 eis
1482 1079 1601 1126 filius
1624 1081 1866 1139 ArSturus.

88 1147 278 1194 Uterius
301 1146 510 1211 legitima
527 1163 668 1192 uxore
701 1157 900 1198 mortua,
930 1143 1049 1190 liber
1081 1159 1108 1189 a
1127 1142 1322 1190 vinculis
1345 1134 1645 1205 nuptialibu3‚
1683 1150 1734 1196 &
1764 1149 1868 1195 Rex

88 1211 234 1258 faetus
276 1215 348 1274 (ut
370 1211 451 1258 fibi
478 1209 798 1274 persuadebat)
832 1208 1001 1254 solutus
1024 1208 1205 1272 legibus
1228 1224 1334 1254 cum
1370 1210 1555 1272 Igernes
1591 1210 1867 1261 desiderium

90 1276 207 1323 ferre
225 1293 319 1323 non
342 1277 500 1339 posset,
525 1273 817 1322 temerarium
841 1289 896 1321 ex
919 1290 1073 1320 amore
1095 1272 1334 1321 confilium
1356 1273 1496 1337 capit.
1555 1274 1765 1324 Crimine
1786 1279 1870 1326 ad·-

42 1382 45 1383 ⁷
91 1341 241 1388 versus
267 1341 482 1388 Gorloim
507 1342 701 1388 conficto
721 1355 870 1385 arcem
894 1339 991 1400 ejus
1012 1338 1226 1386 obseffam
1250 1337 1390 1401 capit.
1450 1337 1604 1402 Ipsum
1625 1340 1867 1391 interimit.

93 1407 309 1469 Igernem
333 1421 523 1454 uxorem
544 1405 688 1460 ducit,
713 1409 754 1450 &
776 1405 1028 1451 Arcturum
1045 1402 1419 1468 filiumlagnoscit
1441 1421 1452 1449 ε
1489 1415 1626 1467 atque
1647 1407 1778 1454 omni
1798 1408 1871 1455 in—

92 1470 334 1534 dulgentia
366 1470 416 1516 in
449 1471 573 1534 spem
595 1470 727 1535 regni
761 1469 942 1516 educat.
1012 1470 1081 1516 Ut
1113 1480 1267 1516 autem
1297 1468 1448 1515 uxoris
1471 1469 1663 1518 infamia
1683 1474 1873 1534 quando

94 1536 192 1597 tegi
215 1551 305 1581 non
327 1547 524 1598 poterat,
556 1535 729 1585 ¹saltem
752 1534 1006 1582 elevaretur
1040 1534 1245 1581 fabulam
1266 1532 1537 1596 confingunt
1559 1551 1652 1582 non
1685 1537 1873 1586 diffimi-

93 1599 186 1645 lem
210 1598 268 1653 ei,
293 1617 394 1662 quae
417 1600 475 1648 de
497 1602 627 1663 Jove,
653 1606 693 1648 δε
713 1600 940 1647 Alcmena
960 1600 1008 1645 in
1032 1599 1219 1646 theatris
1249 1599 1365 1661 saepe
1388 1598 1571 1645 aclitata
1592 1600 1756 1649 fuerat.
1800 1605 1873 1651 U-

95 1664 263 1710 ter-ium
287 1664 457 1712 scilicet
478 1679 573 1713 arte
607 1664 800 1713 Merlini
821 1666 869 1713 in
905 1664 1067 1711 faciem
1091 1662 1333 1710 Gorloidis
1351 1664 1525 1710 versum
1549 1665 1746 1728 primam
1768 1684 1875 1716 cum

95 1729 260 1791 Jgerne
282 1730 481 1778 habuiffe
502 1731 894 1779 consuetudinem.
930 1731 991 1776 Et
1007 1741 1103 1777 erat
1124 1729 1161 1774 is
1182 1728 1408 1776 Merlinus
1432 1729 1512 1791 qui
1533 1747 1676 1793 pravo
1699 1733 1871 1795 potius,

94 1810 237 1855 quarn
255 1794 384 1842 nullo
414 1795 617 1848 facinore
638 1795 779 1844 vellet
799 1795 1052 1844 nobilitari.
1541 1838 1543 1840 .

161 1859 343 1905 XXIII.
378 1862 597 1908 ArCturus
619 1860 837 1926 igiturex
858 1862 947 1908 hoc
980 1859 1154 1907 furtivo
1188 1859 1421 1923 congreffu
1447 1860 1630 1924 genitus
1667 1862 1744 1909 ubi
1779 1865 1876 1926 pri-

96 1937 225 1969 mum
246 1923 270 1970 ὲ
286 1925 437 1986 pueris
460 1926 640 1973 exceffit
658 1944 750 1974 non
765 1928 911 1974 solum
924 1924 1128 1989 corporis
1147 1925 1454 1979 lineamentis,
1483 1926 1558 1972 sed
1575 1926 1718 1974 animi
1736 1929 1875 1977 etiam

21 2042 26 2045 Α
95 1985 254 2034 indole
274 1989 375 2035 talis
393 1991 623 2054 apparuit,
658 2005 709 2039 ut
732 1997 782 2043 ὃς
817 2004 1077 2056 parentum,
1114 1995 1155 2037 δε
1177 1990 1461 2052 reliquorum
1484 1991 1656 2038 civium
1680 1993 1875 2051 animm,

99 2052 346 2115 oculosque
367 2053 416 2102 in
440 2057 482 2103 se
503 2069 808 2113 converteret,
832 2063 872 2103 &
895 2057 1058 2103 futurae
1082 2053 1414 2118 magnitudinis
1439 2056 1584 2102 multa
1605 2055 1778 2104 indicia
1798 2076 1878 2107 ex-

101 2115 281 2163 hiberet
302 2136 312 2164 ε
338 2136 537 2183 eumque
559 2134 745 2169 mortuo
762 2135 891 2185 patre
909 2137 1070 2167 omnes
1088 2122 1267 2183 Regem
1292 2117 1373 2164 fibi
1391 2119 1680 2168 destinarent.
1719 2126 1779 2171 Et
1798 2142 1880 2188 pa·
1954 2150 1955 2153 ¹

102 2191 170 2226 ter
189 2180 277 2228 hoc
311 2185 438 2231 velut
473 2187 688 2248 populari
722 2185 877 2232 omine
897 2188 1046 2239 laetus,
1070 2183 1202 2248 vulgi
1225 2183 1527 2246 cupiditatem
1549 2184 1616 2232 ita
1635 2189 1764 2235 omni
1786 2202 1882 2237 arte

100 2243 304 2299 fovebat,
319 2250 480 2311 utjam
500 2251 653 2297 cund'ti
669 2250 901 2297 incertam
915 2250 1039 2313 spem
1054 2251 1280 2303 venirent,
1302 2248 1343 2294 se
1359 2266 1451 2295 non
1471 2249 1613 2296 alium
1631 2253 1764 2315 regni
1787 2253 1882 2302 ha:-

100 2309 259 2356 redem
281 2313 534 2361 habituros.
580 2316 748 2364 Uterio
767 2332 873 2361 cum
899 2313 1225 2377 septemdecim
1246 2315 1468 2377 regnasset
1481 2331 1623 2362 annos
1637 2316 1732 2364 vita
1751 2318 1885 2367 func-

101 2385 152 2420 to
184 2376 329 2424 statim
364 2379 407 2426 ei
429 2379 638 2426 suffectu-s
674 2379 763 2427 fuit
787 2382 1027 2435 Arcturus,
1069 2379 1269 2426 multum
1307 2378 1546 2426 obnitente
1569 2382 1726 2429 Lotho
1753 2384 1885 2448 Rege

103 2438 354 2499 Pistorum,
375 2444 457 2507 qui
477 2445 577 2491 suos
600 2445 771 2491 liberos
795 2445 948 2507 (binos
972 2445 1096 2491 enim
1117 2444 1317 2490 habebat
1338 2459 1395 2490 ex
1413 2445 1551 2491 Anna
1571 2447 1752 2495 Arcturi
1771 2449 1886 2496 ami-

102 2514 151 2550 ta
173 2519 320 2562 natos,
338 2508 436 2569 jam
459 2522 559 2556 tum
576 2509 821 2573 pueritiam
844 2511 1057 2575 egreffos)
1083 2509 1281 2573 graviter
1302 2509 1580 2571 querebatur
1597 2527 1742 2575 regno
1763 2513 1886 2561 frau-

103 2567 220 2624 dari,
249 2572 546 2637 spuriumque
571 2591 629 2621 ex
650 2575 876 2623 adulterio
898 2575 1110 2638 genitum
1133 2574 1197 2620 eis
1219 2573 1440 2637 praeferri.
1510 2576 1687 2623 Contra
1717 2578 1886 2626 Britto-

103 2650 184 2680 nes
209 2638 400 2687 universi
421 2656 505 2701 pro
527 2641 724 2687 Arfituro
747 2641 920 2687 stabant
940 2650 1039 2687 :ac
1060 2655 1145 2703 pro
1166 2638 1319 2701 spurio
1340 2638 1604 2686 habendum
1624 2643 1856 2706 negabant
1874 2664 1884 2691 :

105 2699 236 2760 quod
259 2703 447 2750 Uterius
472 2718 665 2752 matrem
686 2705 784 2766 ejus
817 2706 897 2752 etfi
919 2721 976 2751 eo
991 2705 1088 2766 jam
1114 2717 1238 2759 nato,
1275 2719 1468 2751 uxorem
1490 2719 1643 2752 tamen
1677 2707 1888 2765 duxisset,

103 2762 257 2825 eisque
280 2768 453 2831 nuptiis
473 2770 620 2816 filium
639 2769 841 2833 legitimi
858 2771 962 2816 loco
997 2768 1080 2816 fibi
1101 2769 1335 2831 recepiffet
1358 2786 1369 2815 :
1403 2770 1542 2831 atque
1559 2787 1617 2816 ex
1639 2787 1694 2818 eo
1715 2771 1891 2837 semper

97 2843 215 2873 ‘eum
239 2848 323 2894 pro
345 2833 558 2899 legitimo
576 2834 803 2881 habuerit.
873 2834 962 2882 Sed
985 2850 1252 2899 quanquam
1273 2835 1396 2880 hunc
1412 2832 1530 2897 juris
1552 2836 1754 2883 colorem
1772 2855 1890 2901 prae-

103 2895 362 2954 tenderent,
398 2901 497 2960 plus
521 2911 675 2946 tamen
712 2901 908 2946 Areturo
929 2898 1105 2962 profuit
1126 2900 1342 2962 praeclara
1364 2898 1560 2965 indoleS,
1592 2904 1642 2950 δε
1663 2900 1892 2951 virtutum

106 2954 336 3018 specimen
359 2962 619 3027 saepiuscule
641 2964 901 3011 exhibitum
928 2982 938 3010 :
989 2970 1030 3012 δε
1050 2963 1180 3010 velut
1201 2963 1340 3010 tacita
1361 2964 1574 3026 quaedam
1597 2965 1645 3012 in
1677 2968 1900 3015 omnium,

108 3023 286 3091 animos
316 3025 527 3090 impressa
547 3028 772 3076 divinatio
794 3030 852 3075 de
879 3029 976 3092 ejus
997 3028 1206 3075 claritate
1233 3027 1403 3075 futura.
1471 3029 1700 3094 Adeoque
1734 3048 1893 3081 omnes

108 3099 158 3130 m
178 3089 275 3148 ejus
296 3105 445 3152 partes
469 3094 617 3142 ierant
636 3093 914 3156 praecipites,
941 3106 991 3140 ut
1013 3093 1191 3140 Lothus
1213 3110 1305 3140 non
1329 3092 1473 3139 solum
1497 3093 1578 3140 illa
1589 3095 1704 3156 juris
1724 3095 1913 3160 specie,-

111 3151 184 3212 (Ι)
203 3169 305 3214 quae
323 3169 443 3203 certe
460 3160 556 3220 post
572 3158 621 3204 id
642 3159 817 3222 semper
833 3157 879 3204 in
901 3157 1138 3205 Britannia
1155 3157 1319 3212 valuit,
1340 3157 1414 3203 sed
1440 3157 1614 3215 studiis,
1640 3165 1680 3206 &
1699 3164 1897 3225 popula-

107 3216 150 3261 ri
172 3220 318 3279 gratia
339 3219 569 3283 superatus
603 3240 630 3270 a
659 3239 804 3287 regno
827 3223 1030 3286 petendo
1051 3222 1273 3270 destiterit
1296 3241 1308 3278 ;
1358 3223 1516 3285 eoque
1529 3223 1730 3280 facilius,
1765 3227 1902 3290 quod.

108 3280 282 3337 liberas
304 3284 472 3345 quibus
496 3304 689 3350 regnum
712 3289 916 3350 petebat,
953 3286 1239 3335 Brittonibus
1261 3285 1445 3334 infensis
1467 3288 1758 3336 committere
1801 3308 1894 3338 non

111 3345 323 3395 auderet..
345 3351 416 3410 (2)
442 3351 689 3409 Moverant
709 3352 847 3400 etiam
865 3369 1022 3418 preces
1037 3351 1289 3400 amicorum
1309 3351 1394 3415 qui
1410 3352 1697 3401 affirmabant
1714 3357 1903 3405 nullum.

165 3477 228 3528 (Ι).
253 3478 351 3516 This
370 3487 540 3529 pretence
560 3481 605 3519 of
621 3483 694 3520 law
713 3483 816 3534 (that
834 3482 900 3520 the
915 3482 982 3519 fa·v
1027 3496 1102 3520 was
1132 3482 1225 3533 kept
1254 3492 1293 3520 as
1323 3495 1345 3519 a
1375 3481 1461 3519 firm
1486 3480 1559 3520 lav
1590 3482 1630 3520 in
1662 3483 1714 3522 all
1750 3480 1899 3524 Britain

110 3528 195 3566 ther
215 3533 257 3578 by
286 3534 474 3582 marrying
493 3534 557 3570 the
578 3536 728 3574 mother
744 3537 791 3574 of·
806 3536 873 3573 the
893 3535 974 3576 lus-⁴
1028 3536 1247 3574 thereafter.

110 3587 205 3630 nard,
226 3585 298 3622 had
317 3586 473 3636 thereby
503 3591 609 3625 made
631 3589 714 3627 him
747 3588 972 3638 legitimate)
1084 3590 1152 3641 (2)
1184 3591 1271 3628 MS.
1314 3598 1526 3629 moverunt.

1803 3715 1907 3746 1¹80*-
