2091 3796
118 156 203 217 30
439 133 803 199 RERUM
895 131 1586 202 Seni-reanum

117 232 274 298 spatiis
296 232 515 294 angustis,
552 243 610 278 ut
641 228 721 280 vix
743 232 962 279 colonum
988 224 1234 295 unum'aut
1253 234 1448 282 alterum
1472 235 1501 281 fi
1536 234 1796 284 colerentur
1816 238 1912 286 ale·

116 311 235 345 rent.
304 296 425 344 Aliae
446 295 583 344 nudis
602 296 822 360 scopuli8‚
843 310 922 344 aut
939 297 1111 361 opertis
1131 298 1286 345 musco
1308 299 1581 362 squalentes.
1723 295 1730 297 ”

184 362 409 410 XLVIII.
446 362 684 413 Orcadum
704 362 907 409 maxima
926 362 1082 410 multis
1106 375 1311 410 veterum
1328 366 1536 410 Pomona
1555 377 1759 413 vocatur.
1799 367 1904 415 Ho-

119 427 195 474 die
220 425 552 474 Continentem
581 427 843 490 appellant,
863 427 992 493 quod
1014 428 1156 491 longe
1177 427 1288 476 alias
1319 427 1641 492 magnitudine
1662 432 1915 492 praecedat.

115 494 250 540 Patet
271 492 396 541 enim
418 492 465 539 in
489 488 682 556 longum
708 492 904 556 triginta
925 492 1075 541 millia
1095 493 1318 557 passuum.
1376 494 1498 541 Haec
1520 491 1621 543 satis
1645 494 1916 558 frequenter

113 558 366 606 habitatur.
436 557 597 606 Habet
619 556 745 604 enim
770 557 1018 605 duodecim
1037 558 1128 606 five
1152 558 1335 614 Curias,
1351 558 1425 606 seu
1443 557 1683 622 parochias
1709 560 1912 610 rusticas.

113 626 341 673 Praeterea
360 623 586 687 oppidum
614 639 776 678 unum,
795 622 921 686 quod
945 622 1090 679 Dani,
1110 640 1309 688 quorum
1331 624 1379 672 in
1399 622 1576 671 ditione
1599 624 1806 673 Orcades
1825 625 1909 674 diu

111 689 319 749 fuerunt,
364 688 696 736 Cracoviacam
735 687 1034 752 appellabant
1059 708 1070 736 :
1124 706 1249 736 nunc
1270 688 1459 737 nomine
1481 701 1700 753 corrupto
1736 690 1915 740 Kircua

117 755 265 802 Scotis
284 753 472 801 dicitur.
524 754 580 802 In
601 753 692 800 hoc
710 753 813 800 duae
836 753 939 800 sunt
960 753 1089 802 velut
1112 754 1309 801 modicae
1334 771 1457 801 arces
1479 754 1775 819 propinque,
1796 757 1911 804 alte-

109 836 166 876 ra
187 819 350 883 Regis,
376 820 519 866 alter-a
538 812 772 883 Episcopi.
813 819 940 866 Inter
960 835 1034 866 eas
1058 819 1193 867 situm
1214 821 1275 867 est
1298 821 1545 883 templum,
1571 832 1622 867 ut
1642 818 1691 867 in
1715 821 1828 869 locis
1850 821 1910 869 il·-

110 879 171 933 lis
194 884 297 932 satis
322 883 645 948 magnificum.
716 883 842 930 Inter
866 884 1113 946 templum,
1138 890 1181 933 ὅτ
1211 901 1333 932 arces
1358 884 1576 947 utrinque
1598 884 1700 932 sunt
1722 902 1814 933 non
1837 885 1909 937 in.-

108 950 379 1015 srequentia
401 948 609 1004 aedificia‚
629 964 743 1010 quas
762 948 874 995 duas
898 948 1033 994 urbes
1055 949 1222 996 incolae
1246 950 1482 1011 appellant
1507 967 1518 995 :
1553 949 1744 997 alteram
1762 952 1909 1025 Regi-

113 1033 206 1071 arn,
228 1015 419 1062 alteram
442 1013 779 1077 Episcopalern.
848 1013 977 1059 Tota
997 1012 1144 1059 insula
1165 1013 1368 1060 excurrit
1385 1013 1435 1060 in
1453 1013 1771 1074 promontoria
1792 1033 1804 1062 ε
1837 1032 1910 1064 m-

111 1093 182 1128 ter
204 1097 306 1144 quae
326 1080 444 1132 finus
468 1078 604 1125 maris
621 1076 759 1124 infufi
774 1076 986 1124 stationes
1002 1077 1199 1124 navibus
1218 1090 1357 1133 tutaS,
1383 1082 1423 1126 δι
1449 1076 1636 1125 interim
1657 1090 1816 1140 portus
1841 1079 1913 1129 fa.

114 1147 259 1193 ciunt.
330 1146 418 1192 Sex
442 1143 627 1191 diversis
649 1143 697 1189 in
725 1142 839 1189 locis
861 1141 998 1203 hujus
1020 1140 1176 1190 insulae
1202 1144 1389 1190 metalla
1409 1141 1511 1190 sunt
1532 1143 1604 1203 (ι)
1628 1143 1815 1206 plumbi
1837 1145 1905 1194 al-

110 1211 180 1266 bi,
208 1215 248 1258 δε
270 1209 394 1272 nigri
417 1222 508 1256 tam
528 1207 663 1271 probi
687 1224 825 1270 quam
854 1207 1041 1270 usquam
1058 1206 1106 1254 in
1131 1206 1369 1256 Britannia
1390 1208 1658 1271 reperiatur.
1699 1209 1818 1258 Haec
1835 1207 1910 1258 in-

112 1276 208 1335 sula
231 1293 256 1321 a
281 1274 554 1322 Cathanefia
580 1273 763 1319 circiter
783 1273 959 1336 viginti
989 1284 1189 1336 quatuor
1211 1271 1361 1321 millia
1383 1273 1503 1321 abest
1525 1271 1765 1334 interjeeto
1789 1275 1909 1326 freto

111 1340 304 1394 Pierico,
330 1340 387 1386 de
409 1340 538 1401 cujus
563 1351 725 1384 natura
742 1337 841 1398 jam
864 1337 1085 1384 diximus.
1156 1339 1210 1384 In
1233 1354 1289 1385 eo
1311 1338 1430 1385 freto
1452 1337 1731 1402 sparguntur
1750 1338 1909 1391 insulae

110 1406 393 1468 complureS,
430 1422 455 1451 e
481 1403 651 1467 quibus
687 1405 868 1450 Stroma
891 1416 1090 1466 quatuor
1113 1420 1139 1449 a
1163 1402 1436 1450 Cathanefia
1460 1401 1608 1450 millia
1629 1402 1769 1459 abest,
1813 1421 1907 1453 non

68 1530 69 1533 Ἰ
110 1470 383 1519 infoecunda
400 1486 483 1532 pro
507 1468 842 1532 magnitudine.
901 1467 990 1514 Sed
1013 1467 1131 1515 hanc
1149 1467 1212 1515 ob
1233 1467 1631 1532 propinquitatem
1654 1479 1780 1516 terrae
1804 1468 1910 1518 Bri-

112 1535 301 1590 tanniae‚
328 1545 366 1583 ἁ
399 1534 528 1597 quod
549 1532 833 1580 Cathanefiae
853 1531 1061 1580 Comites
1086 1550 1186 1581 eam
1211 1533 1387 1597 semper
1405 1531 1655 1588 tenuerint,
1680 1533 1799 1582 inter
1814 1536 1908 1583 Or-

109 1603 243 1653 cadas
268 1618 360 1647 non
384 1611 642 1647 numerant.
1460 1639 1466 1646 .

175 1667 349 1714 XLIX.
373 1666 448 1712 Ab
473 1666 558 1712 hac
580 1665 637 1711 ad
661 1661 988 1727 septentriones
1011 1661 1248 1727 naviganti
1269 1662 1420 1726 prima
1442 1662 1682 1710 Orcadum
1703 1664 1908 1713 occurrit

112 1731 309 1781 Ranalsa
329 1730 546 1785 australis,
571 1738 672 1792 qua:
699 1747 726 1775 a
748 1729 843 1775 finu
871 1728 1107 1783 Duncani‚
1132 1742 1211 1775 aut
1233 1728 1382 1775 verius
1402 1727 1619 1776 Dunachi
1636 1728 1758 1776 abest
1779 1729 1906 1777 sede-

112 1797 204 1844 cim
230 1795 379 1843 millia
404 1814 412 1842 :
449 1797 576 1860 quod
611 1793 808 1858 spatium
839 1794 1018 1841 duabus
1043 1793 1166 1840 horis
1190 1795 1295 1842 aestu
1317 1793 1515 1841 secundo
1536 1792 1677 1840 etiam
1698 1794 1906 1845 cessanti-

110 1860 196 1910 bus
220 1861 368 1908 ventis
392 1861 613 1907 naviculae
636 1859 902 1906 conficiunt.
942 1859 1099 1906 Tanta
1116 1858 1252 1921 hujus
1275 1858 1381 1905 freti
1397 1859 1458 1906 est
1482 1857 1716 1907 violentia.
1787 1859 1907 1908 Haec

109 1927 318 1991 quinque
342 1926 489 1973 millia
509 1925 712 1987 passuum
733 1925 874 1989 longa
895 1925 973 1979 est,
1010 1924 1246 1988 habetque
1269 1938 1453 1986 portum
1477 1921 1580 1970 satis
1603 1922 1904 1971 commodum

111 1991 139 2038 a
163 1993 286 2039 Diva
309 1990 565 2053 Margarita
586 1989 987 2054 cognominatum.
1064 1988 1140 2035 Ab
1163 2007 1217 2036 ea
1238 1989 1431 2053 paulum
1451 1988 1500 2034 in
1523 1987 1747 2036 orientem
1792 2005 1901 2050 pro-

104 2057 235 2119 jem:
271 2055 371 2103 sunt
408 2056 564 2103 insulae
594 2056 696 2103 duae
720 2055 922 2119 exiguae,
973 2057 1021 2103 ὅ(
1061 2052 1248 2102 incultae
1272 2054 1429 2117 pecori
1454 2051 1678 2116 pascendo
1716 2052 1904 2104 reli&ae.

107 2123 307 2171 Holmas
331 2119 401 2169 illi
419 2121 585 2186 gentili
607 2120 835 2167 vocabulo
854 2137 928 2167 eas
951 2119 1204 2183 appellant,
1229 2119 1318 2166 hoc
1339 2120 1401 2166 est
1423 2116 1642 2181 planicies
1666 2117 1902 2174 herbidas,

109 2188 241 2251 aquis
265 2188 423 2234 affitas.
492 2187 569 2234 Ad
592 2183 949 2249 septentrionem
971 2186 1031 2232 cst
1056 2186 1198 2231 Burra
1232 2183 1398 2240 insula,
1435 2188 1483 2233 &
1515 2182 1617 2231 duae
1639 2182 1759 2230 inter
1780 2199 1910 2240 eam,

107 2257 158 2301 ὃς
183 2255 437 2300 Pomonam
461 2251 664 2299 Holmae.
735 2251 776 2296 A
802 2252 946 2298 Burra
965 2249 1253 2296 occidentem
1278 2250 1426 2296 versus
1445 2247 1608 2294 ordine
1631 2260 1721 2294 tres
1745 2246 1904 2296 insulae

101 2319 278 2380 jacent,
305 2319 445 2372 Suna,
471 2317 614 2370 Flam,
635 2321 674 2363 δε
688 2317 802 2362 Fara
825 2333 836 2362 ε
858 2321 904 2364 &
929 2316 1048 2362 ultra
1069 2331 1141 2362 eas
1162 2315 1309 2368 Heia,
1331 2312 1524 2367 &Valis,
1544 2328 1658 2375 quas
1677 2312 1757 2359 alii
1769 2312 1911 2371 duas,‚

108 2382 192 2429 alii
216 2399 352 2429 unam
375 2381 570 2429 insulam
590 2391 761 2428 vocant
785 2399 795 2426 ε
842 2381 966 2443 quod
991 2380 1116 2426 circa
1139 2380 1210 2442 (2)
1254 2377 1531 2441 aequinoffia
1555 2381 1670 2439 (quo
1695 2389 1913 2440 tempore

109 2448 253 2496 maria
274 2446 589 2494 violentiffime
613 2444 886 2501 incitantur,
907 2453 966 2493 ac'
982 2445 1181 2505 fervent)
1222 2444 1328 2491 aestu
1349 2441 1591 2490 recedente
1614 2441 1901 2490 nudantibus

109 2514 152 2560 se
175 2513 323 2561 arenis
359 2513 558 2576 angustis
581 2510 794 2558 faucibus
818 2512 1068 2566 cohaerent,
1097 2525 1331 2571 unamque
1353 2507 1546 2554 insulam
1571 2505 1749 2555 faciunt
1785 2525 1796 2554 ε
1832 2524 1914 2556 re«

108 2579 286 2626 deunte
299 2579 404 2625 aestu
422 2577 567 2624 rursus
586 2576 826 2637 interjefto
847 2576 963 2623 mari
981 2577 1174 2622 duarum
1191 2573 1439 2620 insularum
1461 2571 1659 2634 speciem
1673 2571 1900 2636 praebent.

108 2645 163 2692 in
197 2645 284 2691 hac
306 2642 452 2691 insula
473 2642 700 2695 omnium,
727 2658 840 2703 quas
878 2640 1084 2688 Orcades
1107 2641 1295 2692 habent,
1320 2637 1519 2684 altiffirni
1555 2635 1657 2684 sunt
1699 2649 1900 2686 montes.

109 2710 254 2763 Heia,
271 2711 321 2759 ὅς
335 2707 467 2754 Valis
489 2708 648 2754 decern
669 2705 800 2752 milia
832 2705 880 2751 in
900 2707 1095 2768 longum
1115 2703 1440 2768 porriguntur:
1466 2702 1524 2747 ab
1537 2699 1732 2749 Ranalsa
1742 2700 1913 2754 absunt.

109 2776 214 2821 ocio
249 2793 260 2821 ε
295 2791 322 2819 a
340 2774 464 2820 Fano
487 2771 666 2819 Donati
698 2769 748 2817 in
772 2764 1216 2833 Cathanefia,‘supra
1248 2765 1421 2831 viginti
1441 2765 1590 2815 millia
1610 2766 1813 2829 passuum
1840 2786 1851 2814 :
1877 2784 1905 2815 a

109 2838 416 2902 septentrione
439 2839 498 2884 est
520 2835 669 2883 insula
687 2835 883 2883 Granisa
903 2835 951 2882 in
974 2836 1094 2883 freto
1115 2832 1367 2880 admodum
1399 2832 1589 2895 angusto
1612 2831 1708 2878 fita.
1763 2832 1904 2882 Abest

111 2904 235 2950 enim
255 2903 382 2950 Hoia
405 2920 432 2949 a
453 2901 668 2965 proximo
693 2899 1007 2955 Commentis,
1043 2899 1092 2946 id
1123 2899 1184 2946 est
1214 2899 1431 2947 Pomonae
1465 2893 1786 2959 promontorio
1807 2895 1905 2945 duo

110 2969 254 3025 modo
278 2966 441 3019 millia.
474 2967 562 3014 Hae
586 2966 681 3012 fere
705 2965 827 3012 inter
848 2966 1122 3019 Pomonam,
1147 2966 1198 3014 &
1213 2961 1533 3009 Cathanefiam
1556 2961 1660 3008 sunt
1678 2949 1832 3006 insulae
1851 2961 1910 3010 in,

110 3032 210 3096 ipso
233 3033 350 3086 freto
373 3032 480 3086 fitae.
549 3032 692 3078 Latus
715 3028 1011 3077 Continentis
1035 3028 1320 3076 occidentale
1340 3030 1696 3088 mareapertum
1713 3023 1909 3086 spestat,

112 3097 252 3145 nullis
275 3096 324 3142 in
345 3113 400 3142 eo
424 3112 508 3144 nec
530 3095 706 3150 insulis,
731 3111 815 3141 nec
833 3095 1032 3159 scopulis
1055 3091 1417 3157 apparentibus.
1471 3091 1548 3136 Ab
1569 3089 1782 3136 orientali
1803 3089 1904 3150 ejus

110 3162 433 3226 promontorio
450 3160 641 3223 paulum
660 3159 905 3221 procurrit.
944 3158 1123 3206 Cobesa
1143 3175 1170 3204 a
1191 3158 1336 3205 Borea
1357 3170 1458 3202 eam
1479 3155 1618 3201 velut>
1631 3154 1766 3218 tegit.
1819 3153 1902 3201 Li-

113 3228 203 3275 tori
222 3225 413 3291 propior
435 3223 641 3288 Siapinsa
660 3225 853 3287 paulum
869 3224 913 3271 se
925 3223 1221 3275 inorientem
1239 3220 1476 3276 inflectens
1496 3235 1554 3265 ex
1576 3218 1764 3275 adverso
1782 3218 1911 3266 Cra·.

159 3392 227 3443 (1)
255 3392 333 3431 Tin
353 3394 422 3430 and
441 3392 536 3429 lead.
1041 3391 1135 3430 nth
1154 3391 1198 3430 of
1212 3389 1366 3428 March.
1420 3385 1722 3438 AEquinostium
1748 3389 1911 3424 autum-.

167 3447 228 3495 (2)
256 3446 386 3484 When
404 3446 470 3483 the
494 3447 565 3494 day
585 3445 656 3482 and
674 3443 740 3483 the
773 3445 888 3495 night
913 3458 975 3483 are
1039 3445 1156 3493 nale3
1186 3444 1218 3482 it
1248 3441 1382 3483 falleth
1414 3449 1481 3480 out
1501 3441 1613 3480 about
1643 3439 1713 3480 the
1746 3438 1843 3492 13th
1862 3438 1908 3477 of

113 3500 218 3538 alike
235 3501 338 3548 long.
386 3499 687 3548 AEquinostium
708 3498 889 3551 brumale,
909 3499 976 3537 the
1042 3498 1272 3549 September.

99 3553 416 3606 ⁴spring-equinobx
439 3567 452 3601 3
480 3553 511 3590 it
539 3551 676 3591 falleth
694 3561 761 3591 out
779 3553 891 3592 about
909 3552 978 3607 the

1710 3659 1918 3717 egoviacae
