2112 3786
211 153 252 200 2
509 131 872 203 RERUM
963 139 1651 210 Sco‘rrcARuM

204 244 300 300 ‘per
320 234 593 282 emerserunt
611 234 835 284 'homines
865 252 956 285 non
980 249 1074 284 tam
1111 237 1317 285 veritatis
1355 240 1535 301 cupidi,
1574 257 1714 303 quam
1749 235 1981 290 contenti-

151 321 158 323 >
217 300 337 354 onis,
360 299 443 359 qui
465 315 521 345 ex
543 299 787 348 hominum
811 302 1153 351 clariffimor‘um
1173 302 1501 367 'suggillatione
1531 305 1771 353 clarescere
1794 306 1836 353 se
1858 308 1983 370 poss‘e

213 365 456 426 sperarent.
478 364 662 426 ,Neque
680 365 805 412 enim
824 366 921 411 fieri
937 368 1056 429 posse
1079 366 1408 421 existimarunt,
1431 381 1480 415 ut
1503 381 1593 414 non
1616 368 1663 414 i'n
1688 385 1854 433 magna
1875 389 1978 419 eru-

198 426 404 475 ‘dition'is
425 428 646 490 opinione
663 431 806 494 vulgo
827 431 981 486 essent,
1006 430 1090 494 qui
1109 446 1215 478 cum
1235 445 1330 477 tota
1351 431 1625 494 antiquitate
1645 445 1875 482 certamen
1896 435 1980 483 fibi

209 491 561 556 proposuissent:
582 494 971 558 &quanquamde
987 512 1034 541 re
1052 512 1143 541 non
1167 495 1416 542 admodum
1436 513 1602 560 magna
1614 497 1668 544 fis
1691 499 1811 552 effet,
1827 512 1980 547 tamen

209 556 320 619 quia
337 556 394 602 de
415 556 601 603 nomine
621 557 719 620 ipso
741 559 900 621 patriae
930 573 1156 622 ageretur,
1180 572 1399 622 tanquam
1422 577 1504 622 pro
1527 560 1632 615 aris,
1658 567 1697 608 &
1722 562 1853 619 focis}
1878 581 1978 610 om-

208 620 350 682 nique
362 621 500 668 totius
520 623 667 684 gentis
681 635 834 669 vetere
856 624 1003 686 glor-ia
1020 623 1101 670 fibi
1120 625 1490 671 contendendum
1513 638 1739 687 putarent.
1763 627 1880 673 Tria
1901 639 1978 674 ve-

206 686 323 731 tusta
336 685 572 739 in‘sulae‚²ut
584 686 668 759 ipfi
690 688 869 740 volunt,
884 688 1282 735 nominadiversos
1297 689 1468 736 habent
1485 691 1713 737 assertores
1732 691 1976 747 Prudania,

205 746 465 813 Pry'taneia,
483 756 529 797 δε
553 752 800 798 Buta-unia.
865 753 954 799 Pro
974 752 1201 799 Prudania
1217 752 1328 799 totis
1353 753 1528 816 ingenii
1545 753 1718 802 viribus
1738 756 1931 803 Luddus
1964 772 1977 800 :

206 829 293 876 pro
306 815 551 877 Prytaneia
573 816 780 863 Thomas
803 817 1005 863 AEliotus
1029 826 1168 879 eques
1193 817 1451 871 Britannus,
1477 817 1551 865 sed
1588 819 1799 867 modestis
1823 820 1980 868 studiis

197 879 447 943 ‘contendit
481 899 491 925 :
524 879 803 926 Britanniam
828 893 1004 927 caete-rae
1027 882 1119 927 fere
1143 891 1301 944 gentes
1319 881 1512 928 retinere
1530 896 1771 930 conantur.

270 943 360 990 ΙΙΙ.
394 945 480 990 Pro
500 943 729 991 Prudania
746 944 892 990 utitur
909 945 1100 991 Luddus
1123 946 1368 1007 fragmenti
1385 946 1622 1006 cujusdam
1637 947 1804 995 veteris
1817 963 1878 994 'ea
1897 965 1978 996 au-

200 1007 432 1061 &oritate,
456 1025 593 1069 quam
617 1009 741 1062 situs,
767 1014 806 1054 &
829 1008 987 1061 carieS,
1014 1015 1052 1055 &
1077 1009 1295 1070 temporis
1334 1010 1650 1072 longinquitas
1686 1028 1801 1074 pene
1832 1013 1977 1059 sacro-

205 1071 400 1118 sanctam
437 1072 561 1118 facit.
622 1073 741 1133 ‘Earn
779 1072 953 1118 tametsi
978 1089 1057 1133 per
1076 1072 1119 1119 se
1144 1073 1337 1125 firmam,
1362 1087 1511 1120 tamen
1536 1079 1578 1121 &
1600 1075 1912 1139 Etymologia,
1937 1072 1982 1125 δὲ’

188 1135 457 1182 *Bardo-rum
480 1134 775 1190 carminibus,
795 1141 844 1183 v&
873 1136 1008 1199 patrii
1047 1136 1261 1183 sermonis
1300 1137 1645 1192 consuetudine,
1667 1145 1711 1186 ss&
1745 1142 1978 1190 vetustatis

184 1201 462 1257 Jveneranda
480 1202 677 1264 quadam
701 1201 916 1264 rubigine
953 1202 1207 1248 confirmat.
1275 1202 1601 1262 Fragmentum
1625 1203 1813 1266 quidem
1835 1205 1973 1261 illud,

201 1263 250 1310 in
267 1280 364 1327 quo
385 1267 526 1311 causae
549 1266 779 1320 columen,
800 1271 839 1312 &
858 1265 1195 1312 firmamentum
1217 1265 1277 1310 est
1294 1266 1507 1328 politum,
1533 1279 1636 1314 ante
1654 1269 1811 1315 omnia
1833 1269 1975 1317 inter-

201 1345 318 1392 rogo
341 1331 504 1376 unde?
531 1330 716 1392 quando
740 1333 756 1375 ?
778 1343 857 1376 aut
875 1346 969 1393 quo
992 1346 1116 1392 patre
1136 1343 1294 1376 natum
1318 1330 1490 1391 prodiit
1514 1336 1530 1377 ?
1554 1344 1632 1377 aut
1652 1332 1767 1394 quid
1789 1337 1977 1382 tandem

202 1393 284 1447 ait,
304 1396 434 1455 ,quod
450 1411 541 1456 ¹pro
564 1395 695 1441 causa
714 1394 849 1441 saciat
873 1398 890 1441 ?
940 1394 1014 1441 De
1036 1397 1157 1447 loco,
1183 1394 1240 1440 de
1262 1406 1486 1456 tempore,
1508 1395 1564 1442 de
1586 1398 1768 1444 auctore
1790 1397 1976 1446 forsitan

201 1457 400 1521 inquies.
417 1460 536 1506 Haec
559 1460 733 1515 omnia,
755 1460 883 1520 quod
897 1459 1070 1506 incerta
1082 1459 1200 1513 sunt,
1221 1459 1488 1506 vetustatem
1508 1460 1604 1521 ej'us
1619 1461 1832 1524 probant.
1853 1465 1973 1509 Prae-

192 1524 329 1568 tlara>
343 1523 445 1571 sane
463 1523 690 1586 probatio.
721 1526 792 1571 Ex
805 1523 1083 1587 ignor-antia,
1097 1522 1407 1587 ignobilitate,
1432 1530 1473 1570 &
1494 1525 1766 1573 obscuritate
1783 1527 1975 1574 certitu-

199 1587 280 1642 do,
297 1587 433 1643 fides,
459 1594 499 1635 &
530 1589 772 1635 auctoritas
794 1587 1151 1635 testimoniorum
1190 1588 1361 1650 pendet
1385 1605 1395 1632 ε
1449 1594 1488 1635 &
1511 1591 1638 1652 quod
1668 1590 1726 1637 ad
1744 1607 1838 1636 rem
1862 1606 1973 1638 con-

198 1653 443 1699 troversam
462 1653 781 1714 explicandam
797 1651 1028 1699 assumitur
1065 1654 1167 1716 plus
1183 1652 1320 1698 habet
1336 1651 1640 1709 obscuritatis,
1657 1656 1759 1717 plus
1778 1655 1973 1703 infirmi-

186 1716 322 1771 tatis,
342 1717 481 1779 quam
497 1717 628 1763 causa
645 1721 698 1765 ad
721 1735 862 1781 quam
886 1718 1166 1779 probandam
1188 1718 1388 1763 affertur.
1422 1717 1542 1780 Qis
1562 1719 1872 1775 'testimonium
1896 1719 1975 1767 hic

197 1781 348 1827 dicit?
374 1782 538 1828 nescio,
564 1783 689 1843 Qid
707 1799 789 1846 pro
804 1781 1060 1829 testimonio
1079 1781 1223 1829 dicit?
1246 1799 1304 1828 ne
1325 1779 1374 1827 id
1390 1783 1586 1844 ‘quidem
1613 1783 1719 1830 scio.
1744 1784 1869 1834 Illud
1891 1802 1972 1832 au-

191 1853 293 1891 'tem
311 1847 465 1893 audivi
480 1846 525 1892 in
540 1846 621 1892 illo
641 1847 900 1911 fragmento
914 1846 1189 1893 Prudaniam
1199 1845 1446 1906 nominari.
1473 1847 1599 1909 Qid
1612 1848 1690 1895 ista
1704 1849 1932 1896 Prudania
1946 1853 1970 1897 -ἓ

199 1911 388 1957 monsne
405 1928 461 1958 an
485 1911 651 1958 fluvius
673 1916 689 1958 ?
712 1913 870 1966 vicus,
895 1929 949 1958 an
970 1911 1196 1974 oppidum
1222 1914 1240 1957 ?
1271 1909 1360 1964 vir,
1386 1929 1440 1958 an
1466 1912 1631 1959 mulier
1649 1914 1707 1959 est
1732 1916 1750 1958 ?
1785 1913 1935 1960 nescio
1954 1932 1970 1962 ε

199 1974 276 2020 sed
304 1976 589 2023 ‘Britanniam
629 1977 719 2023 hoc
757 1976 941 2024 nomine
977 1975 1221 2039 -figvnificari
1259 1987 1389 2039 puto.
1452 1977 1555 2039 Age
1588 1979 1697 2024 vero
1741 1977 1971 2026 Prudania

197 2038 480 2087 Britanniam
505 2041 742 2105 significet.
806 2041 936 2100 Quid
956 2041 1145 2087 tandem
1181 2056 1265 2103 pro
1287 2053 1331 2086 te
1355 2039 1463 2086 facit
1485 2041 1560 2086 hic
1581 2051 1713 2088 tuum
1738 2040 1971 2105 fragmen-

192 2112 299 2151 'tum
325 2108 343 2151 ?
376 2104 500 2152 l-llud
523 2106 630 2152 scire
651 2106 812 2161 velim,
836 2122 1056 2152 verumne
1079 2121 1246 2151 nomen
1268 2103 1425 2150 insulae
1447 2107 1720 2152 Prudaniam
1745 2107 1828 2152 esse
1851 2108 1970 2155 affir-

198 2183 295 2215 met
316 2187 326 2216 :
361 2187 414 2216 an
440 2187 595 2216 eorum
618 2170 842 2217 inscitiam
863 2179 1100 2234 coarguat,
1123 2169 1207 2230 qui
1227 2168 1387 2215 falsum
1411 2169 1499 2215 hoc
1523 2187 1688 2216 nomen
1712 2169 1869 2217 insulae
1889 2172 1967 2218 tri*-

195 2232 349 2280 buunt
373 2238 390 2281 ?
451 2236 527 2281 Ne
562 2236 649 2282 hoc
679 2236 868 2298 quidem
905 2235 994 2281 scio
1022 2255 1031 2281 ε
1058 2234 1137 2280 ‘sed
1161 2233 1317 2280 sonum
1342 2235 1656 2281 Britannicum
1679 2235 1757 2281 hic
1777 2235 1971 2297 quidem

193 2298 412 2360 agnosco,
435 2299 592 2362 visque
615 2300 830 2347 sermonis
852 2298 1103 2347 Britannici
1120 2298 1170 2344 'in
1193 2298 1286 2360 ipsa
1307 2298 1432 2345 vocis
1456 2298 1739 2362 etymologia
1759 2299 1800 2345 se
1822 2301 1969 2349 osten·

197 2363 284 2409 dit.
347 2364 426 2411 <Est
445 2365 566 2410 enim
593 2363 837 2419 Prudan‘ia,
860 2365 984 2427 quasi
1008 2363 1279 2417 Prudcania,
1301 2363 1390 2408 hoc
1411 2363 1488 2416 est,
1514 2365 1741 2410 excellens
1761 2365 1967 2426 pulchri-*-

197 2428 312 2475 tudo
337 2447 348 2474 :
373 2445 408 2473 a
429 2429 567 2490 Pryd‚
592 2430 719 2492 quod
740 2430 800 2476 est
832 2429 997 2484 forma,
1022 2429 1218 2480 {lc-Cam,
1244 2428 1368 2489 quod
1392 2428 1453 2491 est
1473 2427 1743 2482 candidum,
1762 2429 1970 2477 emollita

196 2493 388 2554 paulum
408 2493 647 2555 asperitate
669 2493 812 2540 vocis.
881 2494 946 2539 At
968 2493 1047 2539 ista
1067 2493 1241 2538 ratione
1265 2507 1356 2537 non
1379 2491 1672 2546 Prudaniam,
1697 2492 1772 2539 sed
1794 2494 1967 2542 Pruda-

197 2557 337 2603 miam
363 2557 754 2622 factamoportuit
777 2577 788 2605 ε
821 2572 962 2620 ¹quam
984 2565 1146 2604 vocem
1168 2556 1214 2602 in
1240 2553 1388 2619 patrio
1409 2555 1612 2603 sermon-e
1635 2557 1834 2604 Prudam
1858 2560 1967 2606 Bar-

196 2621 246 2666 di
271 2621 581 2683 pronuntiant.
645 2622 834 2669 ‘Omitto
855 2624 954 2668 haec
987 2631 1124 2684 quam
1161 2622 1214 2667 fit
1248 2619 1378 2675 levis',
1415 2620 1572 2675 fallax,
1609 2625 1656 2670 ὅ(
1697 2622 1968 2686 plaerunque

195 2686 393 2733 ‘ridicula
432 2700 527 2733 tota
557 2687 655 2733 haec
692 2686 883 2751 originis
916 2703 1083 2733 vocum
1120 2684 1357 2749 qu·ae1endi
1390 2684 1521 2732 ratio.
1590 2686 1775 2733 Omitto
1795 2689 1865 2749 (i)
1894 2690 1965 2735 M·-

196 2751 473 2812 Varrone-m,
493 2751 693 2813 aliosque
710 2752 956 2798 excellenti
977 2751 1184 2798 doctrina
1203 2751 1344 2805 virOS,
1368 2749 1450 2812 qui
1470 2749 1517 2796 in
1533 2750 1622 2796 hoc
1644 2767 1811 2815 genere
1829 2752 1966 2816 saepe·-

195 2824 390 2862 numero
428 2816 648 2863 ridentur.
714 2816 893 2864 Totum
917 2817 990 2878 (z)
1029 2816 1229 2863 Platonis
1257 2816 1498 2877 Cratylum
1521 2827 1667 2862 taceo.
1735 2817 1844 2863 Hoc
1865 2828 1966 2864 tan'-

194 2888 295 2926 'tum
316 2881 507 2936 affirmo,
523 2881 703 2927 facilius
722 2881 864 2944 aequis
881 2881 1066 2928 auribus
1086 2896 1158 2927 me
1177 2879 1475 2943 probaturum
1492 2879 1718 2927 Cambros
1737 2882 1761 2928 ὲ
1775 2880 1965 2928 canibus

195 2949 239 2991 δε
261 2944 404 2991 brutis
437 2946 522 2992 effe
544 2946 704 3003 factos,
744 2962 883 3008 quam
918 2958 968 2992 tu
990 2942 1263 3006 Prudaniam
1289 2943 1314 2990 ὲ
1337 2944 1609 2991 Prudcamia
1628 2944 1841 2992 coaluiss'e
1860 2960 1964 3008 per-

195 3008 420 3056 suadebis.
464 3011 552 3055 I-sto
572 3011 694 3056 enim
718 3012 858 3057 modo
874 3010 1104 3072 quidlibet
1126 3011 1151 3057 ὲ
1171 3007 1383 3071 quolibet
1404 3009 1563 3055 licebit
1584 3008 1815 3073 effingere.
1873 3009 1965 3056 Sed

195 3088 337 3135 quarn
361 3086 522 3135 parum
544 3074 596 3120 fit
616 3074 662 3121 in
686 3075 754 3121 his
773 3075 986 3121 omnibus
1009 3072 1283 3122 firmamenti
1302 3071 1479 3119 indicat
1511 3074 1720 3128 Luddus,
1755 3073 1838 3136 qui
1871 3073 1963 3122 istis

194 3138 415 3200 praefidiis
432 3155 591 3200 parum
611 3140 804 3186 confisus
821 3140 1004 3186 accersit
1022 3139 1069 3186 in
1083 3138 1307 3186 auxilium
1326 3138 1514 3191 Bardos‚
1538 3137 1639 3184 sane
1656 3140 1966 3200 pervetustum

195 3218 343 3264 genus
360 3202 619 3258 hominum,
644 3204 718 3250 sed
739 3221 854 3266 quos
876 3217 1051 3251 veteres
1085 3203 1200 3251 nihil
1222 3201 1432 3265 scripsisse
1453 3202 1713 3250 affeverent.
1784 3203 1873 3250 Sed
1907 3200 1966 3254 de

193 3265 262 3313 eis
282 3266 393 3314 alias
415 3266 548 3314 nobis
564 3269 698 3330 plura
717 3268 803 3314 erit
824 3268 1090 3315 dicendum.

260 3331 349 3378 IV.
387 3332 462 3378 Ad
484 3331 699 3378 ultimum
721 3333 876 3379 Luddi
892 3333 1159 3398 perfugium
1174 3332 1430 3380 veniamus.
1499 3332 1540 3378 C
1564 3332 1626 3378 AE
1651 3332 1680 3378 S
1703 3332 1747 3379 A
1770 3333 1812 3378 R
1855 3329 1961 3393 (ait)

137 3491 155 3496 „
251 3448 312 3498 (1)
333 3449 394 3488 M.
413 3451 549 3496 Varm,
580 3464 599 3487 a
617 3451 765 3488 learned
789 3451 988 3488 nobleman
1007 3451 1053 3488 of
1164 3449 1226 3502 (2)
1255 3451 1342 3489 The
1361 3450 1442 3489 like
1461 3463 1546 3501 may
1564 3451 1608 3488 be
1627 3450 1699 3488 said
1717 3450 1763 3489 of
1777 3449 1899 3494 Plato,
1919 3448 1961 3485 in

196 3501 323 3539 Rome
341 3503 380 3539 in
399 3504 562 3541 Cicero‘s
578 3505 676 3553 days,
696 3502 809 3542 wrote
826 3516 912 3553 very
929 3504 1044 3541 much
1109 3503 1170 3541 his
1206 3505 1376 3552 dialogue
1403 3505 1521 3541 called
1554 3505 1741 3553 Cratylus‚
1774 3502 1960 3553 disputing

196 3555 421 3603 concerning
437 3556 503 3593 the
517 3557 758 3606 etymologies
774 3557 819 3596 of
828 3560 959 3604 words,
979 3557 1048 3598 but
1110 3557 1226 3598 much
1245 3566 1285 3598 to
1302 3559 1369 3598 the
1386 3556 1485 3597 same
1501 3556 1668 3610 purpose.
1732 3606 1738 3613 ‚

193 3609 328 3647 almost
346 3616 451 3646 tono
467 3610 632 3660 purpose.

1878 3655 1962 3721 qui
