2025 3831
370 143 706 210 LIBER
795 134 1441 205 UND'Ect‘MUa
1707 152 1829 216 311

79 247 196 296 imus
219 244 531 290 decerneretur
556 238 604 284 in
629 240 786 284 Scotos
822 254 832 282 :
867 235 1033 298 quibus
1055 235 1199 297 copiis
1237 235 1468 297 regionem
1492 233 1678 297 inopem
1709 232 1837 282 domi

80 307 300 358 intestinis
324 303 451 349 malis
473 302 753 348 laborantem
778 301 910 347 facile
932 301 978 346 in
997 300 1118 352 suam
1147 300 1406 359 potestatem
1431 298 1471 344 se
1489 301 1744 347 redacturos
1768 317 1839 345 ar·-

82 372 378 421 bitrabantur.
446 365 595 428 Igitur
625 366 802 411 deleelu
827 365 1026 411 militum
1061 363 1225 426 optimi
1255 363 1433 426 generi3
1467 363 1640 418 habito,
1673 365 1839 410 ducem

84 433 337 500 praeficiunt
363 430 712 476 Northumbriae
743 429 976 475 Comitem
1010 428 1072 475 ob
1103 427 1342 490 regionum
1374 426 1609 481 noticiam,
1642 433 1681 474 &
1713 428 1842 490 quod

80 513 297 560 magnum
320 494 414 554 ejus
439 507 533 540 erat
554 510 734 547 nomen,
763 509 927 556 magna
949 490 1188 539 auctoritas
1207 490 1253 538 in
1278 490 1368 537 illis
1387 488 1617 554 gentibus.
1685 492 1739 537 Ei
1762 490 1843 538 ad-

76 563 196 608 dunt
220 561 288 619 (1)
317 559 542 620 Magnum
568 558 815 619 quendam,
840 558 1029 619 equestri
1051 556 1238 618 quidem
1264 555 1453 611 familia,
1479 556 1551 601 sed
1573 554 1653 618 qui
1676 558 1843 602 multos

79 640 221 672 annos
243 623 289 669 in
312 623 471 668 Gallia
492 639 593 668 cum
613 621 856 673 industriae‚
880 627 916 667 ἃ·
944 619 1224 667 fortitudinis
1243 620 1377 665 laude
1400 619 1639 666 meruisset.
1674 620 1716 665 Is
1739 621 1843 667 cum

73 688 307 752 praecipuo
330 685 537 732 adversus
557 686 714 730 Scotos
739 684 846 730 odio
871 685 1097 747 flagraret,
1123 683 1374 743 transegisse
1397 700 1499 730 cum
1534 685 1667 746 Rege'
1684 683 1841 737 fertur,

76 765 126 802 ut
147 764 366 814 quantum
388 751 486 812 agri
508 749 660 812 pulsis,
678 762 755 794 aut
776 748 895 794 caefis
918 747 1250 795 habitatoribus
1269 747 1325 794 de
1345 747 1490 795 Scotis
1510 759 1708 810 caperet,
1732 748 1842 812 ipse,

81 814 335 880 posterique
354 815 447 876 ejus
471 815 566 876 post
589 813 628 859 se
648 826 868 859 tenerent.

140 881 316 927 XXIX.
353 880 527 925 Contra
549 877 674 924 Scoti
695 875 852 922 audito
866 888 1083 940 apparatu
1102 876 1314 930 hostium,
1336 881 1373 922 δε
1393 876 1475 939 ipfi
1494 877 1589 924 suas
1607 893 1665 924 ex
1686 876 1848 924 adver-

68 944 120 992 so
151 945 309 1006 copias
332 956 613 1004 comparant.
683 941 914 988 Omnibus
939 940 1184 1004 praeficitur
1213 943 1283 1002 (2)
1313 941 1544 1005 Georgius
1569 942 1842 988 Ormundiae

77 1001 246 1056 Comes
269 1026 279 1054 :
301 1007 382 1069 qui
401 1007 545 1052 statim
567 1006 613 1052 in
636 1005 948 1060 Annandiam,
969 1008 1061 1068 quo
1085 1019 1325 1052 venturum
1346 1006 1515 1052 hostem
1538 1006 1846 1070 intelligebat,

76 1073 221 1120 ducit.
291 1074 536 1133 Occupant
563 1072 736 1133 priores
760 1069 902 1133 Angli
926 1069 972 1116 in
996 1070 1216 1120 hosticum
1242 1069 1440 1133 ingredi.
1495 1073 1715 1136 Superato
1746 1072 1848 1118 301-

75 1154 193 1191 vaeo,
227 1141 266 1182 &
296 1136 524 1181 Annando
548 1135 755 1181 amnibus
786 1135 843 1180 ad
866 1135 1046 1180 Sarcam
1074 1135 1242 1180 flumen
1268 1136 1404 1181 castra
1424 1135 1578 1182 locant
1605 1153 1616 1182 :
1641 1148 1778 1198 atque
1800 1135 1848 1184 in

76 1217 235 1248 omnes
260 1211 406 1262 partes
429 1198 611 1245 dimiffis
635 1197 898 1245 cohortibus
917 1198 1055 1260 longe
1077 1198 1260 1260 lateque
1281 1200 1575 1261 populantur.
1642 1200 1847 1248 Demum

78 1265 278 1312 adventu
315 1265 553 1309 Scotorum
578 1264 765 1327 cognito
786 1262 886 1308 suos
908 1279 990 1324 per
1013 1262 1242 1309 tubicines
1266 1277 1496 1319 revocant,
1520 1264 1765 1326 omnesque
1798 1265 1847 1314 in

83 1345 227 1375 unum
256 1328 373 1375 vires
403 1328 695 1374 contrahunt.
764 1325 862 1373 Ubi
892 1327 1090 1389 primum
1118 1326 1330 1389 utrinque
1360 1329 1559 1375 instrue‘ti
1579 1345 1846 1391 apparuere,

80 1394 256 1440 nullam
275 1392 526 1439 dimicandi
545 1407 717 1438 moram
737 1390 924 1438 faciunt.
960 1393 1010 1438 In
1031 1392 1192 1437 dextro
1210 1407 1349 1439 cornu
1372 1394 1627 1457 Anglorum
1647 1395 1851 1459 Magnus

80 1459 262 1520 praeess'e
278 1457 432 1518 jussus..
468 1457 521 1502 In
547 1456 707 1502 finisti-a
731 1457 921 1502 Ioannes
943 1454 1255 1503 Ponentonius
1277 1473 1431 1518 eques,
1465 1457 1521 1504 Ei
1542 1458 1749 1506 attributi
1777 1462 1849 1524 (3)

83 1522 212 1569 Valli
235 1522 258 1568 ὲ
281 1534 483 1567 veterum
519 1520 776 1567 Brittonum
809 1518 941 1582 stirpe
973 1520 1192 1582 reliquiae.
1261 1521 1470 1568 Mediam
1504 1523 1647 1570 aciem
1681 1526 1851 1573 Comes

16 1632 19 1634 ,
82 1587 286 1649 regebat.
349 1584 581 1646 Georgius
613 1583 870 1646 Duglaflius
903 1584 1111 1631 adversus
1136 1585 1362 1648 Magnum
1391 1604 1397 1612 ·
1665 1590 1855 1637 Vallam

79 1649 262 1712 Cragiae
285 1649 613 1703 Comarchum‚
635 1648 841 1694 adversus
866 1649 1202 1696 Ponentonium
1246 1653 1317 1714 (4)
1339 1652 1666 1705 Maxualliuxm
1684 1659 1722 1702 δι
1743 1655 1855 1702 Ion·

83 1715 276 1762 stonium
298 1729 405 1760 cum
427 1712 512 1759 suis
535 1730 748 1776 quenque
769 1711 1013 1760 tribulibus
1037 1715 1172 1760 locat.
1225 1716 1325 1777 Ipse
1346 1715 1392 1762 in
1417 1716 1571 1764 media
1589 1717 1686 1765 acie
1707 1731 1853 1773 curat,

83 1794 137 1827 ac
155 1778 253 1825 suos
277 1777 474 1825 breviter
495 1778 555 1823 est
578 1778 799 1832 hortatuS,
833 1792 882 1824 ut
905 1779 1070 1824 bonam
1095 1779 1152 1824 de
1176 1779 1366 1826 νὶξὶοτὶει
1385 1780 1507 1843 spem
1541 1782 1776 1838 haberent,
1803 1796 1855 1832 ut

80 1842 163 1906 qui
185 1842 379 1889 hostiurn
397 1841 574 1902 injuriis
594 1841 774 1889 laceffiti
793 1859 917 1888 arma
937 1843 1196 1891 induissent.
1228 1845 1409 1906 just³ori
1428 1847 1569 1893 causae
1589 1847 1854 1911 prosperum

79 1920 296 1956 eventum
316 1923 414 1953 non
437 1906 718 1953 defuturum.
787 1907 1014 1953 Hostium,
1035 1907 1290 1969 superbiam
1315 1910 1343 1956 ss
1367 1909 1500 1957 semel
1523 1911 1691 1974 infigni
1724 1913 1857 1962 clade

82 1971 352 2026 retuderint,
373 1971 519 2018 brevis
538 1970 704 2018 laboris
720 1970 985 2019 diuturnum
1006 1972 1200 2019 fruCtum
1221 1974 1475 2022 habituros.
1525 1976 1666 2039 Angli
1688 1977 1768 2041 qui
1791 1977 1857 2026 sa-

82 2035 374 2099 gittariorum
399 2051 589 2082 numero
611 2036 921 2091 abundabant,
946 2052 1050 2083 cum
1076 2038 1236 2083 Scotos
1258 2038 1435 2086 eminus
1457 2040 1689 2103 miffilibus
1713 2042 1856 2089 sauci-

83 2111 233 2154 arent,
254 2101 408 2153 Valla,
427 2099 507 2161 qui
530 2101 698 2146 finistro
731 2116 873 2147 cornu
902 2114 1108 2163 praeerat,
1132 2103 1375 2158 exclamat,
1414 2116 1463 2150 ut
1487 2104 1512 2150 a
1534 2105 1619 2151 suis
1639 2106 1854 2154 omnibus

84 2163 235 2210 audiri
255 2164 413 2226 poss'et,
434 2163 545 2225 quid
567 2164 631 2210 ita
653 2164 888 2211 eludentes
911 2165 1240 2212 velitarentur?
1266 2167 1306 2214 se
1328 2168 1467 2215 secuti
1489 2185 1595 2216 cum
1618 2169 1741 2216 hoste
1759 2188 1857 2219 ma-

83 2244 197 2278 num
219 2226 518 2281 consererent,
543 2228 620 2274 ubi
642 2245 743 2274 vera
768 2228 909 2275 virtus
934 2229 1120 2292 speclari
1144 2232 1300 2291 posset.
1367 2233 1423 2279 Id
1445 2233 1632 2281 demum
1650 2233 1855 2284 virorum

83 2304 314 2338 certamen
337 2292 437 2337 effe.
471 2292 590 2338 Haec
611 2293 790 2338 locutus
810 2305 954 2340 totum
979 2294 1127 2341 secum
1145 2298 1573 2345 cornucommovit.
1622 2299 1693 2346 Ac
1711 2299 1859 2348 statim

3 2374 6 2375 ⁷
121 2355 335 2418 raelongis
357 2355 507 2409 hastis,
532 2372 644 2419 quas
678 2357 803 2402 Scoti
825 2358 990 2419 pediti,
1011 2370 1148 2420 atque
1171 2360 1317 2422 equiti
1332 2362 1465 2423 juxta
1485 2362 1660 2411 habiles
1678 2364 1854 2424 ferunt,

48 2424 51 2425 ’
85 2373 257 2470 {ostem
280 2420 545 2481 impellunt,
570 2419 813 2482 impulsum
838 2422 1055 2476 fundunt,
1081 2423 1354 2487 fugantque.

93 2529 96 2532 .
149 2485 300 2530 XXX.
339 2485 540 2548 Magnus
562 2484 828 2532 inclinatam
848 2486 970 2534 suam
993 2487 1136 2534 aciem
1167 2504 1356 2537 cernens
1381 2491 1489 2538 vitae
1512 2491 1751 2555 superioris
1772 2494 1858 2543 ho-

84 2549 204 2596 neste
227 2550 334 2596 aetae
353 2549 517 2611 magis,
536 2548 676 2611 quam
701 2550 891 2612 periculi
914 2567 1091 2598 memor
1106 2552 1156 2599 in
1177 2555 1361 2602 Vallam
1383 2572 1551 2620 magno
1570 2557 1750 2621 impetu
1772 2559 1863 2607 fer·

43 2666 46 2668 v
84 2624 176 2668 tut,
200 2625 249 2659 ut
265 2614 339 2659 vel
357 2613 546 2660 audacia
566 2614 774 2675 praelium
805 2616 1070 2671 restitueret,
1108 2618 1180 2664 vel
1202 2630 1458 2667 extremum
1480 2621 1635 2669 saltem
1654 2622 1864 2686 spiritum

85 2676 293 2740 praeclari
313 2676 528 2724 facinoris
550 2678 699 2741 gloria
714 2678 970 2727 illustraret.
1003 2682 1093 2728 Sed
1113 2682 1223 2729 dum
1246 2682 1474 2732 incautius
1498 2686 1607 2742 ruit,
1628 2686 1655 2733 a
1676 2688 1762 2735 suis
1782 2705 1864 2736 ex-

85 2741 233 2797 clusus
254 2757 360 2788 cum
384 2742 539 2804 paucis
562 2759 666 2789 eum
691 2743 853 2791 secutis
888 2745 1133 2793 occiditur.
1204 2749 1357 2809 Hujus
1388 2750 1525 2797 caedis
1555 2750 1676 2798 fama
1696 2768 1778 2815 per
1810 2770 1863 2801 u-

87 2816 285 2868 trunque
305 2806 556 2852 exercitum
580 2809 782 2872 vulgata,
809 2808 1044 2874 Scotisque
1064 2809 1171 2857 ideo
1189 2811 1232 2860 se
1249 2812 1440 2861 alacrius
1459 2814 1777 2872 inferentibuS,
1791 2834 1864 2866 re-

87 2868 240 2931 liquus
255 2870 513 2934 Anglorum
528 2874 752 2920 exercitus
768 2889 859 2920 non
873 2873 953 2922 diu
973 2874 1107 2922 stetit.
1133 2875 1256 2923 Cum
1274 2877 1413 2925 effusa
1429 2879 1539 2942 fuga
1553 2879 1742 2928 domum
1750 2897 1866 2945 pro-

90 2946 317 2996 perarent,
341 2936 486 2996 major
506 2937 792 2992 abeuntium,
808 2939 949 3001 quam
971 2939 1278 3003 praeliantium
1299 2944 1446 2991 caedes
1471 2944 1588 2990 faeta
1607 2945 1684 2992 est.
1708 2945 1868 2994 Maxi-

92 3012 170 3043 ma
191 2998 362 3045 veroin
386 3000 552 3047 Solvaei
570 3001 687 3066 ripa,
710 3018 816 3050 cum
842 3004 968 3050 aestus
994 3004 1128 3051 maris
1153 3017 1250 3052 tum
1273 3007 1390 3056 forte
1412 3009 1460 3055 in
1482 3024 1663 3057 amnem
1690 3010 1866 3060 refusus

89 3060 320 3124 fugientes
343 3063 572 3111 retineret.
640 3067 819 3115 Periere
837 3069 1099 3131 Anglorum
1117 3069 1166 3116 in
1184 3086 1240 3117 eo
1261 3072 1424 3136 praelio
1445 3071 1624 3121 circiter
1650 3073 1737 3123 tria
1758 3075 1868 3123 mil-

91 3124 174 3190 lia,
198 3127 669 3194 Scotorum-sexcenti.
738 3131 1046 3196 Captivorum
1065 3150 1259 3200 magnus
1275 3136 1366 3186 fuit
1385 3153 1628 3186 numerus:
1652 3138 1678 3187 ὲ
1698 3139 1868 3205 quibus

96 3302 108 3310 Ἰ
148 3255 212 3307 (1)
230 3256 313 3294 Our
325 3256 468 3295 writers
479 3259 553 3296 call·
566 3259 648 3297 him
660 3258 774 3299 Mans
786 3276 827 3301 or
840 3263 953 3313 Mag·
1007 3267 1052 3304 ed
1071 3266 1255 3316 Enghnd,
1273 3279 1370 3305 were
1381 3267 1619 3307 overthrown
1636 3269 1682 3319 by
1694 3269 1760 3307 the
1774 3270 1869 3308 Sa»-

38 3333 43 3338 ·
91 3318 167 3347 mus
180 3309 275 3347 with
292 3309 357 3347 the
372 3313 434 3348 red
445 3324 556 3350 mane
576 3324 587 3348 a
614 3312 764 3368 because
781 3316 830 3355 he
849 3317 954 3356 hada
1007 3333 1089 3367 ons,
1108 3324 1179 3359 and
1197 3321 1316 3360 thrust
1330 3329 1399 3359 ·0ut
1410 3323 1455 3360 of
1464 3322 1536 3361 the*
1548 3324 1665 3361 lower
1681 3322 1869 3360 countries

90 3357 198 3412 'great
214 3364 276 3400 red
294 3363 416 3402 heard.
915 3400 917 3403 -
1008 3372 1090 3411 into
1104 3373 1169 3412 the
1186 3375 1450 3414 mountainous
1460 3377 1582 3426 places
1600 3374 1645 3414 of
1651 3376 1778 3413 Wales
1792 3377 1868 3415 and

150 3414 214 3464 (2)
242 3417 340 3465 Lege
356 3418 484 3466 Hugo,
504 3430 540 3455 as
560 3417 683 3457 before
702 3433 781 3471 cap.
801 3424 867 3461 26.
895 3423 956 3463 for
1004 3427 1217 3469 ,Cornwalh

96 3466 150 3518 so,
169 3467 227 3517 say
248 3468 360 3515 some,
380 3470 410 3507 is
429 3470 494 3508 the
512 3472 587 3509 earl
599 3471 644 3509 of
653 3473 822 3513 Ormond
842 3489 954 3516 nam·
1012 3512 1020 3523 ,
1063 3479 1128 3530 (4)
1156 3482 1285 3520 Lairds
1302 3482 1349 3521 of
1358 3481 1609 3520 Carlaverock
1630 3482 1701 3521 and
1724 3480 1869 3537 Johns-

87 3521 142 3563 ed
158 3519 199 3558 in
211 3521 278 3559 the
292 3522 470 3572 registers.
486 3575 495 3584 .
1008 3541 1090 3587 ton,
1106 3533 1206 3581 with
1221 3535 1325 3581 these
1341 3536 1387 3578 of
1393 3536 1494 3577 their
1505 3536 1677 3578 famame.

153 3571 219 3628 (3)
245 3574 334 3618 The
352 3577 414 3618 old
431 3576 599 3620 Brutone
616 3577 704 3622 who
719 3579 796 3624 first
807 3583 957 3641 possefff

1772 3655 1872 3713 cla.
