2091 3796
217 190 340 254 144
513 168 868 234 RERUM
956 167 1653 234 Sco-memma

208 266 435 329 pertinere
457 265 712 313 videbatur.
781 265 1016 329 Accipiter
1037 283 1063 311 a
1096 265 1281 313 bubone
1315 267 1454 314 reciso
1475 279 1664 331 gutture
1680 265 1741 313 est
1761 260 1976 315 interfec-

212 343 300 376 tus.
368 330 578 377 Alterum
598 331 731 394 vulgi
759 330 1132 392 interpretatione
1163 332 1329 377 eodem
1350 331 1588 378 referebat.
1657 333 1741 378 Per
1763 332 1836 378 sex
1859 341 1978 378 totos

212 395 310 456 post
347 395 519 442 caedem
550 396 721 449 menses
757 395 901 440 crebri
933 407 1099 456 praeter
1133 394 1316 441 solitum
1353 394 1483 458 ignes
1518 396 1788 442 micabant:
1825 402 1873 442 δί
1904 399 1981 442 aer

212 459 361 506 ventis
378 459 795 506 vehementioribus
812 458 1026 523 agitatus,
1053 463 1092 505 δι
1111 459 1310 513 nubibus
1328 459 1393 504 ita
1414 460 1664 506 obductum
1687 459 1775 506 fuit
1792 457 1980 516 coelum,

218 536 267 570 ut
288 540 436 586 neque
458 524 537 578 sol,
565 541 711 586 neque
734 523 842 569 luna
863 522 1051 585 usquam
1083 522 1129 569 in
1156 524 1310 570 Scotia
1330 522 1682 586 conspiceretur.
1750 524 1983 571 Omnibus

212 588 357 651 igitur
373 591 420 635 in
442 588 488 635 id
514 605 651 634 unum
675 587 880 641 intentis,
902 601 953 634 ut
973 587 1138 650 optimi
1161 588 1304 651 Regis
1327 601 1521 634 mortem
1544 587 1864 635 'ulciscerentur
1887 590 1985 635 Cu—

213 656 345 702 lenus
366 653 412 699 in
429 653 687 700 Moraviarn
707 664 921 714 properat
942 669 952 696 :
987 667 1205 715 tanquam
1228 652 1342 707 illic,
1360 651 1437 699 ubi
1462 651 1602 699 scelus
1624 664 1850 715 patratum
1878 652 1984 707 fuit,

213 715 408 766 certiora
424 719 519 779 ejus
546 730 802 780 reperturus
825 714 1014 763 indicia.
1055 717 1298 764 Donaldus
1317 718 1371 763 ad
1389 718 1511 763 hunc
1530 731 1758 763 rumorem
1783 732 1885 763 cum
1904 715 1988 763 fibi

216 782 400 830 nefariae
422 781 702 829 crudelitatis
725 782 828 828 esset
844 781 1063 835 conscium
1085 786 1124 828 δι
1146 781 1300 836 nimia,
1323 787 1363 828 &
1386 798 1528 844 prope
1548 781 1701 827 insana
1718 780 1814 842 ejus
1836 781 1882 827 in
1908 798 1988 827 au-

216 847 415 894 &oribus
436 845 708 908 vestigandis
732 845 973 907 diligentia
1007 845 1163 891 multis
1185 846 1291 892 ess‘et
1311 845 1524 908 suspecta,
1552 862 1715 891 navem
1746 846 1801 891 ad
1824 845 1989 891 ostium

217 916 362 975 Spaece
378 910 577 958 fluminis
597 911 749 955 naetus-
765 909 915 954 insciis
934 926 1091 962 uxore,
1113 916 1153 955 Sc
1172 909 1441 972 propinquis
1464 926 1562 955 eam
1584 925 1688 955 cum
1707 908 1863 971 paucis
1879 926 1989 955 con-

217 977 416 1024 scendit:
442 974 609 1020 veritus
634 972 865 1026 videl-icet,
889 989 945 1019 ne
964 991 1031 1019 res
1051 989 1107 1018 ex
1131 973 1226 1035 ipso
1250 973 1487 1019 tormentis
1510 972 1839 1034 exquireretur.
1895 973 1990 1020 Hic

219 1058 405 1105 quoque
427 1040 522 1100 ejus
546 1036 788 1092 festinatio,
811 1041 849 1083 δε
871 1037 1026 1083 vultus
1047 1037 1356 1099 perturbatu5‚
1380 1039 1428 1086 ὅς
1453 1037 1714 1092 comitatus,
1738 1039 1789 1087 ὃς
1809 1035 1857 1082 in
1881 1053 1992 1083 con-

221 1106 474 1153 l'cendendo
496 1101 758 1165 trepidati0‚
783 1101 1028 1164 praesertim
1058 1103 1103 1147 in
1129 1103 1386 1149 naviculam
1419 1100 1536 1148 forte
1558 1101 1758 1147 oblatam
1783 1101 1872 1147 fine
1897 1101 1992 1147 ullo

222 1181 440 1233 apparatu
475 1167 539 1214 ita
581 1167 872 1227 vehementer
904 1165 950 1212 in
975 1167 1202 1222 omnium,
1239 1167 1320 1229 qui
1349 1167 1536 1212 aderant
1573 1165 1748 1212 animos
1776 1163 1994 1228 impreflit

158 1257 161 1269 =·
223 1233 532 1296 suspitionem,
555 1244 604 1278 ut
625 1249 651 1278 a
685 1231 813 1277 nullo
846 1247 1013 1296 genere
1037 1228 1328 1278 contumeliae
1363 1229 1410 1276 in
1434 1247 1538 1276 eum
1562 1241 1884 1292 temperarent,
1904 1231 1992 1276 im-

224 1301 371 1363 pium,
408 1297 695 1359 sacrilegum,
721 1294 1014 1358 parricidam,
1048 1301 1088 1343 &
1113 1296 1144 1342 fi
1180 1296 1293 1359 quid
1324 1295 1390 1341 ira
1411 1295 1593 1356 gravius
1625 1293 1893 1356 subjiciebat
1919 1310 1992 1340 ac·
2054 1317 2091 1355 Ὗ

221 1367 505 1410 clamantes:
541 1361 631 1408 Etfi
671 1359 813 1422 Regis
847 1361 1094 1406 adventum
1120 1361 1315 1423 fugeret,
1341 1359 1433 1405 Dei
1468 1371 1619 1406 tamen
1653 1358 1990 1422 providentiam

222 1429 532 1492 ‘litbterfugere
554 1444 644 1474 non
669 1428 805 1490 pofl'e.
831 1424 1046 1487 Denique
1070 1425 1282 1471 omnibus
1306 1423 1689 1478 execrationibus,
1707 1440 1818 1486 quas
1836 1422 1995 1486 indig-

223 1494 350 1541 natio
384 1491 625 1540 commotis
655 1489 817 1537 animis
852 1490 1089 1542 offerebat,
1121 1497 1234 1536 eum‘
1267 1487 1491 1552 prosecuti
1527 1488 1643 1543 sunt,
1668 1488 1815 1534 donec
1852 1487 1899 1534 in
1926 1489 1992 1534 al·-

226 1570 323 1606 tum
343 1562 523 1606 evectus
547 1559 571 1605 ὲ
594 1557 834 1620 conspectu
857 1555 986 1602 abiit.
1053 1555 1245 1602 Nuntio
1279 1567 1369 1600 tam
1394 1551 1584 1616 trepidae
1618 1552 1740 1615 fugae
1762 1552 1820 1618 ad
1854 1552 1996 1599 Cule·
2054 1584 2058 1590 ·

227 1641 337 1671 num
362 1625 536 1687 perlato
558 1624 642 1670 iter
664 1621 903 1667 accelerat.
950 1621 1159 1667 Uxorem
1183 1617 1406 1672 Donaldi‚
1429 1629 1482 1663 ae
1505 1630 1593 1664 tres
1613 1617 1729 1664 filios
1753 1616 1997 1680 repraesen-

230 1689 334 1738 tatis
359 1687 593 1737 tormentis
617 1686 743 1751 cogit
764 1702 948 1732 omnem
974 1683 1186 1731 facinoris
1214 1683 1422 1729 ordinem
1445 1697 1713 1744 exponere..
1758 1683 1875 1728 Item
1899 1679 1999 1728 cor·
2080 1689 2091 1719 Α

230 1771 317 1817 pus
336 1754 586 1818 quomodo,
605 1769 685 1815 per
702 1768 833 1812 quos,
856 1751 934 1796 ubi
954 1749 1197 1812 sepultum.
1231 1749 1413 1794 Horum
1432 1746 1639 1792 omnium
1658 1747 1700 1793 se
1723 1746 1886 1793 marito
1909 1763 2001 1792 non

231 1819 472 1873 consciam,
494 1835 585 1865 non
604 1815 819 1864 comitem
844 1815 1000 1870 mode,
1026 1814 1099 1860 sed
1123 1814 1350 1860 auctorem
1374 1812 1516 1859 fuisse.
1584 1812 1701 1858 Haec
1725 1813 1789 1872 (1)
1811 1811 2001 1858 audien·
2086 1787 2091 1875 Ξ

216 1898 276 1933 xte
295 1884 485 1947 populO,
503 1887 630 1944 (nam
651 1882 803 1944 palam
825 1879 1011 1944 quaestio
1030 1878 1186 1926 habita
1204 1879 1318 1936 erat)
1336 1877 1414 1923 vix
1427 1893 1454 1921 a
1468 1875 1800 1939 magistratibus
1822 1874 2001 1938 persua·
2071 1874 2091 1935 4³

232 1948 330 1996 deri
350 1962 543 2010 poterat,
566 1960 614 1999 ut
637 1945 845 1993 manibus
865 1956 1153 2006 temperaret.
1209 1940 1427 1989 Postridie
1446 1941 1687 1988 Donaldus
1702 1955 1804 1986 curn
1827 1938 2005 2001 aliquot
2077 1936 2091 2002 ἶ

233 2013 333 2068 dies,
352 2013 500 2060 ventis
529 2011 721 2058 adversis
753 2010 899 2058 fuiffct
917 2010 1128 2071 jactatus,
1160 2007 1343 2054 tandem
1368 2004 1608 2067 naufragio
1630 2004 1679 2050 in
1702 2002 1809 2049 litus
1836 2004 2004 2066 ejectus
2081 2046 2091 2075 J

234 2079 291 2124 ad
314 2079 490 2141 Regem
509 2077 752 2140 perductus
775 2092 862 2122 una
883 2090 990 2121 curn
1008 2073 1092 2119 suis
1112 2071 1326 2119 omnibus
1349 2087 1507 2133 penas
1527 2068 1670 2115 dedit.
1707 2061 1803 2130 Qui
1824 2085 1927 2115 eum
1948 2068 2006 2114 ad

236 2145 415 2207 Regem
438 2143 719 2189 adduxerant
744 2139 994 2186 liberaliter
1018 2136 1279 2184 muneribus
1302 2134 1477 2181 donati.
1548 2135 1643 2180 Arx
1670 2133 1900 2188 omnibuS,
1925 2133 2007 2194 qui
2084 2130 2091 2183 l

161 2231 163 2233 ·
236 2207 283 2254 in
308 2224 362 2254 ea
377 2219 504 2254 erant
524 2206 642 2254 caefis
661 2217 875 2252 cremata.
909 2205 1091 2267 Corpus
1110 2201 1237 2249 Duffi
1254 2198 1506 2247 honori-fici:
1520 2196 1743 2258 majorum
1761 2196 2009 2261 sepulchris
2069 2193 2091 2265 a}

231 2272 430 2319 illatum.
512 2317 521 2324 ,
758 2320 772 2334 .
1668 2274 1676 2278 ’
2074 2259 2091 2303 *l

305 2337 487 2384 XXIV.
515 2336 634 2382 Haec
654 2346 703 2380 ut
721 2333 948 2381 bonOrum
971 2332 1148 2381 animos
1170 2331 1463 2378 vehementer
1486 2327 1668 2375 Culeno
1689 2326 2008 2381 conciliarunt,
2078 2325 2091 2360 ³¹

240 2402 305 2447 ita
327 2400 529 2463 reliquus
563 2389 670 2447 viiae
701 2398 855 2445 cursus.⁴
874 2411 1050 2447 tantum
1082 2397 1125 2444 ei
1163 2395 1341 2460 peperit
1363 2394 1539 2450 odium,
1573 2406 1746 2455 quanto
1777 2404 1880 2438 ante
1903 2406 2012 2437 eum
2066 2360 2091 2486 2

241 2463 379 2512 nemo
413 2467 596 2528 Regum
631 2464 913 2528 flagraverat.
983 2463 1088 2510 Sive
1117 2461 1241 2507 enim
1275 2473 1449 2518 naturae
1482 2458 1639 2522 sponte
1669 2456 1898 2508 inductus,
1924 2456 2013 2502 five

244 2543 372 2577 metu
397 2533 468 2591 (ut
488 2528 633 2575 videri
654 2529 859 2586 volebat)
883 2527 1076 2591 periculi
1098 2527 1282 2582 tractus,
1305 2522 1591 2586 disciplinam
1616 2522 1808 2568 severam
1833 2520 1913 2568 sub
1937 2521 2013 2566 In-
2066 2505 2091 2583 'gl

244 2594 394 2648 dulfo‚
418 2595 655 2656 Duffoque
678 2594 848 2640 cultam
868 2593 981 2641 solvi
1002 2594 1064 2638 est
1085 2593 1230 2655 passus
1255 2609 1266 2638 :
1300 2604 1354 2635 ac
1371 2589 1660 2650 juventutem
1683 2583 2012 2633 comessationi·
2077 2581 2091 2634 ‘l

243 2659 328 2706 bus
356 2657 710 2719 intempestivis,
737 2663 777 2705 ὅτ
801 2657 1053 2722 peregrinis
1087 2655 1256 2704 delitiis
1288 2654 1475 2701 fractam
1498 2651 1700 2714 permisit
1721 2651 1776 2697 ad
1798 2648 2015 2705 libidines

243 2724 424 2787 legibus
439 2721 621 2778 vetitas,
646 2723 812 2770 deinde
831 2723 889 2770 ad
908 2722 1004 2769 vim
1022 2734 1244 2785 apertam,
1263 2716 1595 2779 latrociniaque
1612 2730 1923 2785 prorumpere:
1945 2713 2017 2760 Εὸ
2070 2729 2085 2770 12³

243 2804 350 2836 cum
377 2787 596 2851 majorem
627 2786 981 2836 adolescentium
1007 2785 1235 2834 nobilium
1257 2795 1433 2848 partem
1454 2781 1676 2828 inclinare
1709 2777 2015 2832 intellextsset,

244 2852 454 2914 protinus
485 2858 524 2899 &
547 2851 641 2915 ipse
660 2853 823 2904 eodem
846 2850 1034 2899 deflexit
1059 2869 1070 2897 :
1107 2866 1160 2897 ac
1181 2849 1332 2914 palam
1353 2847 1418 2893 ita
1438 2846 1480 2893 se
1504 2843 1688 2909 flagitiis
1711 2842 1945 2895 immersit,
1968 2852 2019 2887 ut

245 2930 332 2963 nec
363 2933 388 2963 a
411 2916 626 2964 matronis
648 2915 860 2972 honestiS,
884 2933 968 2964 nec
1001 2914 1132 2962 sacris
1153 2912 1409 2977 virginibus
1436 2914 1559 2973 (quae
1590 2919 1688 2955 tum
1710 2907 1772 2955 ob
1795 2906 2020 2970 singulare

243 2980 483 3043 pudicitiae
509 2982 580 3042 (2)
607 2981 835 3030 servandae
854 2979 1048 3042 studium
1071 2994 1200 3027 erant
1228 2979 1277 3025 in
1296 2977 1490 3035 honore)
1515 2989 1601 3021 nec
1623 2989 1650 3019 a
1666 2970 1891 3019 sororibus
1912 2968 2017 3042 suis,

246 3059 333 3091 nec
352 3061 377 3091 a
400 3043 576 3092 filiabus
600 3057 889 3110 temperaret,
910 3051 1271 3108 caeterarumque,
1290 3039 1523 3105 virginum
1544 3053 1706 3103 greges
1725 3053 1806 3102 per
1827 3049 2019 3098 conque·

246 3109 401 3157 fitores
423 3110 639 3158 adductas
663 3112 789 3158 velut
807 3109 856 3158 in
878 3109 1129 3174 prostibulo
1150 3107 1420 3156 contineret.

262 3208 264 3212 ,
315 3174 467 3221 XXV.
502 3173 625 3222 Cum
660 3175 688 3222 ὲ
708 3175 817 3225 viris
849 3173 1225 3240 prudentioribus
1246 3171 1583 3223 admoneretur,
1609 3165 1776 3231 partim
1805 3163 2023 3236 juverit&
2067 3179 2070 3183 ·

250 3252 342 3287 tem
369 3238 511 3287 aetatis
535 3240 822 3301 excusatione
844 3239 1138 3294 defendebat,
1170 3236 1339 3301 partim
1361 3235 1420 3288 se,
1441 3232 1614 3281 etiamfi
1636 3229 1847 3295 quaedam
1873 3227 2041 3290 minus]
2062 3260 2064 3265 -

248 3305 368 3354 recte
393 3303 488 3353 fieri
506 3305 815 3360 confiteretur,
839 3317 965 3355 metu
987 3316 1141 3354 tamen
1165 3303 1225 3350 ad
1245 3318 1299 3354 ea
1323 3298 1558 3347 toleranda
1579 3296 1701 3360 cogi.
1750 3289 2033 3364 'Meminisse‘
2056 3308 2068 3355 ς

304 3433 365 3486 (¹.)
393 3436 508 3483 Here,
536 3447 573 3472 as
590 3434 630 3472 in
649 3434 748 3472 some
767 3433 876 3472 other
892 3426 1109 3484 placessthe
1163 3433 1231 3470 See
1262 3430 1329 3469 lib.
1365 3440 1426 3479 14.
1447 3440 1550 3478 capp.
1584 3439 1648 3478 33,
1671 3437 1733 3476 39.
1770 3421 1838 3462 lib.
1863 3433 1924 3476 15.
1944 3423 2028 3479 c‘ap.¹
2048 3471 2052 3482 k

211 3494 216 3497 “
251 3489 410 3531 ablati've
429 3488 642 3527 absoluteis
657 3487 756 3534 used,
776 3485 886 3524 when
903 3489 933 3525 it
953 3489 1022 3523 and
1043 3487 1109 3524 the
1166 3498 1227 3539 59.
2060 3483 2063 3489 ’

251 3543 482 3581 nominative
499 3543 545 3580 of
570 3542 635 3579 the
660 3535 751 3579 ‘verb
769 3553 828 3577 are
848 3541 892 3577 of
915 3539 981 3576 the
1008 3539 1110 3576 same
1217 3536 1279 3588 (2)
1307 3536 1396 3575 MS.
1416 3535 1593 3577 Savatae.

251 3596 391 3646 person,
412 3596 452 3634 in
484 3595 674 3637 imitation
708 3595 753 3632 of
764 3593 828 3632 the
851 3593 925 3630 best
943 3591 1107 3647 authprS.
2053 3553 2091 3707 ἑ

1888 3678 2025 3767 etiam
2049 3707 2091 3796 ἃ
