2025 3831
406 164 732 231 LrssER
813 158 1551 224 Duonncrmns.
1743 180 1875 243 357

6 313 9 320 s
107 266 260 329 copias
285 261 481 310 confecit
513 279 523 305 :
559 261 607 306 ὃς
630 272 855 318 proceres,
892 257 972 318 qui
999 268 1130 302 antea
1163 253 1473 307 emendatum,
1500 273 1590 302 non
1618 257 1871 307 extinctum

4 321 15 367 l
108 333 282 392 Regem
308 326 534 378 volebant,
560 322 792 382 desperata
813 321 1057 366 concordia
1075 319 1258 365 confilia
1273 318 1350 364 sua
1371 321 1528 364 omnia
1549 320 1595 365 in
1613 322 1803 370 exitium
1823 339 1872 369 e·

101 394 176 457 jus
198 389 504 439 conferebant.
572 388 659 432 Illa
681 386 923 431 difficultas
946 400 1023 430 eos
1046 384 1243 429 habebat
1264 382 1497 437 sollicitOS,
1522 400 1658 444 quem
1683 387 1762 434 fibi
1787 389 1875 435 du.

105 473 202 502 cem
224 453 526 504 nominarent,
546 450 628 512 qui
647 451 774 512 Rege
793 449 839 495 in
858 448 1067 494 ordinem
1090 450 1265 499 coaCtQ
1284 445 1496 493 Vicarius
1518 448 1646 510 regni
1667 452 1770 497 esset
1789 470 1875 514 po.

104 522 215 581 pulo
234 533 323 563 non
344 516 569 578 ingratu5‚
590 521 630 560 δι
653 514 843 559 obtentu
867 512 1064 558 nominis
1086 511 1266 557 illustris
1286 510 1531 558 fastionem
1552 512 1746 561 minime
1770 533 1875 577 gra-

103 593 228 628 varet
250 580 438 633 invidia,
461 578 603 624 multa
626 575 1095 638 circumspicientibus
1114 576 1161 621 in
1182 574 1320 638 Regis
1341 575 1485 621 filium
1505 577 1564 622 est
1586 577 1644 622 ab
1662 581 1876 628 omnibus

105 644 381 690 consensum.
450 645 494 689 Is
519 642 545 687 a
567 641 823 688 custodibus
846 640 949 693 suis,
982 645 1020 686 <Sc
1046 640 1189 685 aetatis
1219 639 1479 685 infirmioris
1503 641 1750 689 reffitoribus
1775 660 1876 690 cor-

102 721 262 770 ruptus
288 708 374 753 hoc
399 706 595 753 maxime
619 718 760 758 metu,
787 721 843 750 ne
873 705 903 750 si
928 703 1005 749 ille
1030 703 1265 758 recusaret,
1292 703 1348 749 ad
1373 704 1552 766 Anglos
1575 705 1719 753 hostes
1742 707 1877 757 sami-

105 772 181 820 liae
203 772 289 817 suae
310 783 552 834 perpetuos
571 769 816 830 imperium
841 767 1107 814 deferre-tur.

171 837 297 883 LIX.
332 838 429 882 Iam
467 837 567 882 Rex
590 834 804 880 Fortham
832 833 1077 887 transierat,
1100 838 1139 877 δε
1164 831 1220 876 ad
1252 832 1531 880 Blacneffum
1561 849 1711 882 arcem
1735 835 1879 884 habe·

104 900 184 948 bat
202 901 354 954 castra,
378 905 416 946 δε
438 899 518 945 filii
542 899 765 945 exercitus
788 895 1072 944 dimicationi
1092 908 1273 958 paratus
1298 913 1388 943 non
1411 898 1548 961 longe
1571 900 1741 947 aberat.
1779 904 1878 949 Ve-

103 981 206 1011 rum
226 965 486 1011 interventu
511 962 707 1010 Comitis
729 960 932 1010 Atholiae
956 961 1105 1023 patrui
1120 961 1262 1024 Regis
1283 977 1350 1007 res
1369 963 1618 1023 composita
1641 964 1744 1012 fuit.
1777 968 1880 1030 Ipse

104 1029 323 1076 Atholius
347 1028 470 1090 pacis
495 1028 661 1090 pignus
689 1029 758 1087 (1)
788 1026 968 1072 Adamo
991 1026 1250 1087 Hepburno
1274 1026 1528 1072 Bothueliae
1545 1029 1722 1076 Comiti
1744 1031 1879 1079 datus

106 1094 228 1156 apud
252 1110 356 1139 eum
382 1093 517 1156 usque
541 1092 598 1137 ad
626 1090 768 1154 Regis
792 1101 985 1136 mortem
1016 1090 1277 1152 permansit.
1345 1092 1521 1137 Verum
1544 1095 1806 1152 concordia,
1829 1109 1879 1146 ut

102 1157 222 1204 inter
246 1157 464 1220 suspec‘los
487 1156 683 1202 invicem
706 1172 797 1201 non
821 1153 1036 1201 diuturna
1058 1154 1160 1202 fuir.
1211 1154 1396 1215 Legatis
1421 1156 1593 1203 interea
1614 1174 1879 1208 commean-

105 1221 226 1268 tibus
251 1221 277 1267 ᾗ
308 1221 546 1268 nobilitate
569 1219 825 1281 responsum
854 1220 931 1273 est,
957 1235 1062 1264 cum
1099 1220 1200 1264 Rex
1222 1217 1338 1263 nihil
1364 1219 1529 1266 sincere
1552 1234 1674 1284 agat,
1700 1238 1878 1275 certum

104 1286 281 1333 bellum
314 1286 455 1332 infida
485 1302 595 1347 pace
618 1283 700 1332 fibi
727 1282 881 1346 potius
906 1282 1050 1329 videri
1076 1301 1087 1328 :
1123 1298 1260 1330 unam
1284 1282 1406 1344 spem
1431 1286 1514 1330 esse
1538 1287 1817 1345 concordiae,
1842 1293 1875 1339 fi

105 1352 207 1398 Rex
226 1350 322 1398 filio
341 1350 423 1397 fibi
445 1347 627 1396 suffe-&o
649 1364 792 1410 regno
810 1347 852 1393 se
869 1345 1104 1408 abdicaret
1128 1364 1140 1392 t
1174 1346 1350 1408 alioqui
1373 1347 1484 1394 nihil
1509 1352 1610 1405 esse,
1629 1354 1758 1414 quod
1780 1357 1878 1403 col-

104 1415 275 1477 loquiis
297 1415 382 1462 sese
403 1415 601 1461 invicem
627 1413 951 1459 frustrarentur.
1020 1412 1128 1460 Hoc
1151 1410 1409 1472 responsum
1435 1415 1534 1460 Rex
1556 1416 1737 1480 legatis,
1762 1437 1879 1482 quos

107 1481 165 1526 ad
183 1479 376 1543 Anglos‚
401 1481 451 1529 ὃς
474 1481 670 1524 Francos
703 1476 932 1530 mittebat,
956 1475 1152 1522 ostendit
1178 1493 1191 1523 ε
1223 1474 1387 1537 e6sque
1428 1477 1714 1543 summopere
1743 1500 1880 1548 roga·

107 1545 193 1599 vit,
213 1557 260 1590 ut
282 1543 546 1590 auftoritate
571 1542 661 1595 sua,
685 1555 779 1594 aut,
820 1541 850 1586 fi
873 1556 989 1602 opus
1023 1541 1145 1594 esset,
1166 1539 1339 1586 auxilio
1361 1558 1612 1604 paucorum
1633 1547 1882 1597 rebellium

108 1609 308 1655 furorem
324 1607 627 1671 infringerent
649 1624 658 1651 :
684 1605 848 1667 eosque
871 1606 927 1650 ad
966 1604 1201 1651 sanitatem
1233 1604 1534 1654 reducerent:
1561 1608 1875 1661 communem·

107 1689 200 1736 que
218 1689 317 1719 eam
337 1673 564 1718 fortunam
582 1669 904 1725 existimarent,
931 1675 970 1716 δι
989 1686 1090 1732 quae
1114 1669 1191 1715 suo
1210 1670 1427 1735 contagio
1451 1672 1585 1719 facile
1607 1675 1667 1721 ad
1689 1679 1880 1740 propin-

110 1754 222 1801 quas
245 1748 403 1801 gentes
427 1736 636 1798 serperet.
707 1734 825 1779 Miffi
847 1733 985 1781 etiam
1009 1735 1067 1780 ad
1090 1734 1351 1797 Eugenium
1375 1738 1587 1785 oftavum
1611 1740 1882 1792 Pontificem

110 1804 391 1854 Romanum,
411 1800 491 1863 qui
509 1810 708 1854 orarent,
734 1811 782 1844 ut
805 1814 888 1861 pro
911 1798 986 1845 sua
1007 1811 1196 1862 paterna
1215 1797 1264 1844 in
1288 1799 1518 1848 Scoticum
1535 1819 1702 1851 nomen
1721 1809 1888 1856 carita-

108 1878 156 1914 te
178 1868 380 1929 legatum
396 1865 444 1912 in
468 1865 668 1911 Scotiam
688 1862 905 1917 mitteret,
926 1863 1007 1929 qui
1029 1863 1221 1909 rebelles
1259 1880 1343 1927 pro
1365 1863 1470 1925 jure
1492 1866 1778 1916 sacrosanctae
1798 1891 1885 1936 po-

111 1931 277 1980 testatis
300 1941 501 1992 cogeret,
547 1941 597 1975 ut
616 1927 755 1974 armis
796 1927 951 1990 politis
989 1927 1111 1992 Regi
1136 1927 1213 1974 suo
1245 1942 1473 1991 parerent.
1542 1933 1758 1981 Pontifex
1776 1954 1885 1986 cum

112 2007 212 2044 tum
256 1994 455 2041 maxime
492 1994 680 2042 haberet
701 1992 749 2039 in
773 1992 949 2055 Anglia
985 1992 1241 2039 Adrianum
1284 1994 1623 2051 Castellensem,
1646 1998 1886 2052 hominem

114 2059 329 2123 singulari
347 2057 622 2113 eruditione,
664 2064 704 2104 ἅτ
734 2057 994 2118 prudentia,
1019 2057 1076 2105 ad
1095 2074 1200 2103 eum
1234 2057 1420 2123 scripsit,
1463 2072 1512 2107 ut
1533 2062 1669 2110 rebus
1691 2065 1888 2118 Scoticis

110 2123 445 2186 componendis
466 2139 653 2184 operam
674 2122 817 2168 daret.

178 2189 279 2234 LX.
315 2187 402 2233 Sed
426 2187 522 2233 haec
543 2187 635 2232 sera
673 2185 857 2233 fuerunt
899 2184 1085 2232 auxilia.
1153 2188 1368 2235 Proceres
1399 2189 1540 2247 enim,
1584 2192 1665 2255 qui
1686 2193 1786 2243 haec
1808 2197 1887 2261 agi

111 2268 208 2299 non
244 2251 535 2314 ignorabant,
562 2257 600 2297 &
619 2251 797 2312 Regem
821 2266 930 2314 erga
951 2250 992 2296 se
1013 2250 1356 2313 implacabilem
1378 2254 1594 2311 sciebant,
1619 2270 1724 2306 ante
1742 2261 1886 2324 quam

111 2317 306 2377 majores
329 2314 473 2378 copiae
492 2316 548 2362 ad
572 2332 676 2360 eum
700 2316 1018 2370 convenirent,
1054 2316 1300 2364 decernere
1322 2318 1457 2365 armis
1476 2321 1770 2372 decreverant
1790 2344 1802 2373 ε
1834 2329 1890 2376 &:

68 2442 69 2445 Ἰ
109 2396 374 2447 quanquam
396 2379 539 2443 Regis
562 2379 708 2428 filium
741 2381 865 2443 apud
888 2380 928 2425 se
959 2380 1196 2435 haberent,
1234 2381 1364 2429 simul
1389 2384 1446 2431 ad
1468 2387 1786 2437 aurftoritatem
1826 2390 1887 2438 ad

111 2446 278 2508 vulgus
302 2444 672 2506 comparandam,
698 2443 827 2490 simul
849 2455 898 2490 ut
919 2444 1205 2492 ostenderent
1223 2446 1265 2492 se
1280 2464 1371 2493 non
1386 2449 1561 2510 patriae,
1595 2452 1670 2498 sed
1687 2453 1890 2516 pernici-

111 2509 190 2560 oso
208 2509 327 2572 Regi
349 2508 546 2555 infensos
565 2509 666 2563 effe,
687 2521 840 2555 tamen
860 2526 915 2555 ne
933 2509 1188 2571 legatorum
1209 2524 1500 2560 externorum
1525 2517 1725 2564 adventu
1738 2519 1889 2581 plebis

107 2573 250 2623 animi
270 2573 636 2627 debilitarentur,
655 2572 751 2620 dies
776 2573 1020 2635 noctesque
1039 2574 1222 2621 solliciti
1243 2589 1387 2631 erant,
1402 2581 1640 2640 quomodo
1661 2599 1758 2629 rem
1780 2585 1890 2631 ulti-

111 2654 190 2687 mo
229 2637 478 2685 discrimini
499 2637 854 2684 committerent.
924 2639 1148 2687 Obstabat
1172 2656 1330 2687 eorum
1354 2642 1629 2692 festinationi
1666 2647 1809 2711 Regis
1829 2648 1889 2695 ti-

111 2719 213 2751 mor
239 2721 249 2749 :
283 2703 382 2764 qui,
405 2702 625 2765 quoniam
663 2702 765 2748 satis
792 2703 942 2748 firmas
980 2702 1206 2750 acciverat
1228 2706 1383 2767 copias
1408 2706 1433 2752 ὲ
1452 2710 1583 2772 regni
1606 2712 1810 2773 partibus
1830 2713 1892 2762 ad

113 2767 441 2831 septentriones
462 2766 786 2828 spectantibus,
814 2766 861 2812 in
900 2783 1001 2814 arce
1039 2768 1394 2833 Edimburgensi
1413 2771 1454 2819 se
1469 2774 1751 2831 continebat,
1776 2777 1891 2827 dum

113 2848 170 2879 ea
187 2829 357 2878 auxilia
377 2831 691 2880 convenirent,
759 2831 836 2880 Ab
859 2831 947 2878 hoc
977 2833 1185 2888 consilio,
1209 2836 1337 2895 quod
1357 2837 1398 2882 ei
1424 2836 1567 2884 visum
1588 2839 1736 2888 fuerat
1758 2842 1888 2890 tutis-

114 2896 300 2950 fimum,
315 2893 492 2949 fraude,
513 2908 591 2942 aut
612 2894 735 2944 certe
752 2895 930 2944 inscitia
949 2895 1131 2943 suorum
1150 2899 1210 2944 est
1230 2899 1470 2947 deduEtus.
1538 2904 1732 2966 Propter
1759 2906 1888 2956 enim

114 2957 372 3022 frequentia
393 2958 607 3015 aestuaria,
631 2976 736 3023 quae
755 2976 947 3014 moram,
970 2965 1010 3007 &
1032 2961 1291 3024 periculum
1314 2967 1606 3014 conventuris
1628 2970 1788 3017 afferre
1803 2989 1892 3035 po-

113 3034 282 3075 terant,
305 3022 546 3078 suaserunt,
563 3037 611 3070 ut
629 3025 874 3071 Sterlinum
899 3037 1088 3087 peteret,
1106 3027 1261 3073 locum
1281 3046 1422 3076 unum
1446 3030 1585 3078 totius
1606 3034 1741 3097 regni
1762 3039 1894 3085 com-

115 3086 421 3135 modissimum
455 3087 514 3133 ad
547 3088 716 3135 auxilia
745 3106 801 3135 ex
821 3088 1038 3136 omnibus
1071 3091 1203 3154 regni
1224 3093 1431 3154 partibus
1461 3096 1749 3159 excipienda.
1817 3102 1894 3149 Ibi

112 3166 302 3215 quoque
324 3165 415 3197 non
439 3150 588 3197 minus
611 3162 878 3216 tut0,quam
899 3152 947 3200 in
967 3170 1070 3200 arce
1082 3155 1359 3221 Edimburgi
1380 3175 1486 3205 eum
1509 3160 1607 3208 fore
1629 3164 1766 3224 pofl‘e,
1783 3181 1892 3214 cum

119 3217 267 3263 hostes
291 3214 347 3260 ab
370 3213 582 3260 omnibus
602 3215 735 3262 rebus
753 3218 810 3264 ad
828 3222 1156 3282 expugnandas
1176 3236 1300 3267 arces
1323 3224 1573 3270 necessariis
1595 3225 1809 3290 imparati
1826 3230 1895 3276 es-

117 3279 214 3393 {i‘pnt
239 3298 249 3326 ε
285 3278 415 3388 fifful
443 3277 640 3334 classem,
661 3295 800 3347 quam
829 3281 889 3329 ad
909 3298 1070 3341 omnes
1103 3284 1226 3335 casus
1248 3285 1536 3345 instruxerat,
1557 3289 1605 3337 in
1626 3292 1893 3356 propinquo

160 3360 231 3392 are
254 3361 313 3407 po
351 3359 392 3389 e.

173 3471 236 3522 (1)
265 3473 324 3509 He
342 3484 415 3508 was
434 3479 500 3509 not
523 3475 664 3534 created
695 3475 833 3536 earlpf
853 3477 978 3516 Both·
1027 3481 1089 3520 his
1120 3496 1231 3521 name
1250 3497 1325 3522 was
1344 3485 1497 3523 Patrick
1518 3500 1530 3534 3
1565 3486 1649 3524 that
1674 3484 1734 3525 his
1765 3487 1891 3530 father

121 3526 210 3571 well
229 3524 353 3564 before
368 3524 433 3563 the
451 3534 668 3564 coronatlon
685 3528 729 3564 of
741 3527 835 3577 king
848 3531 977 3582 James
1029 3538 1099 3575 and
1120 3537 1184 3576 son
1203 3550 1298 3580 were
1315 3541 1450 3581 named
1468 3541 1607 3579 Adam.

120 3579 195 3620 lV.
213 3578 289 3630 says
318 3579 398 3621 Mor.
431 3579 638 3630 Crawford,
657 3580 745 3624 who
773 3584 872 3633 adds,
892 3583 977 3628 that

1631 3667 1759 3718 LXI.
1788 3669 1897 3720 Hoc
