2045 3857
511 172 841 251 LmER
931 181 1358 249 SEXTUS.
1709 203 1827 270 149

84 291 167 356 qui
186 302 287 344 cum
302 281 523 347 corporiS,
546 281 781 344 animique
802 280 976 329 viribus
1006 282 1186 345 magnis
1207 282 1362 335 essent,
1385 296 1470 328 nec
1492 280 1668 330 minore
1688 281 1737 331 in
1759 299 1841 347 pa-

85 357 213 406 triam
231 348 431 403 caritate,
454 359 584 410 pater
594 347 728 411 jugo,
753 345 837 392 filii
853 347 1155 410 quodcuique
1167 345 1218 392 in
1240 356 1460 408 promptu
1478 346 1582 401 fuit,
1604 364 1688 408 pro
1707 346 1843 396 armis

82 430 283 479 accepto,
301 412 387 460 ubi
403 411 707 458 denfiffimum
722 409 1002 474 fugientium
1019 426 1186 475 agmen
1201 409 1549 471 conspexerunt,
1573 410 1756 460 obviam
1774 413 1848 460 lo-

83 499 138 531 co
157 478 341 542 angusto
361 474 556 540 profeciti
592 475 795 538 primum
828 474 1064 531 convitiis,
1100 474 1268 522 deinde
1291 473 1428 520 minis
1453 472 1681 537 fugientes
1705 477 1848 528 sistere

82 554 316 594 conantur.
383 540 475 588 His
495 539 579 587 ubi
599 538 717 586 nihil
741 539 1005 601 proficiunt,
1030 539 1262 602 proximos
1284 537 1472 593 feriunt,
1496 539 1538 584 se
1559 555 1744 602 quoque
1766 559 1850 588 vo-

77 607 317 658 ciferantes
339 604 548 653 adversus
567 602 814 668 fugientes,
831 603 995 651 Danos
1017 605 1211 651 futuros.
1245 601 1322 649 Ad
1343 603 1443 648 haec
1464 602 1718 650 timidiores
1740 623 1849 652 con-

79 672 232 722 sistunt
257 688 268 717 :
303 669 531 724 fortiores,
547 667 630 731 qui
651 684 744 715 non
762 680 857 714 tam
874 681 1019 724 metu,
1043 684 1181 731 quam
1205 668 1337 714 turba
1355 667 1538 714 suorum
1559 667 1740 730 abrepti
1760 682 1846 717 ter-

77 754 139 802 ga
161 745 407 789 verterant,
429 733 488 780 ad
511 748 589 779 eos
607 731 650 779 se
667 745 940 795 aggregant,
960 735 1211 780 clamantes
1228 731 1451 778 auxilium
1474 732 1635 780 adesse.
1687 733 1759 779 Ita
1781 746 1850 781 to-

62 815 182 851 Jtum
217 815 386 864 agmen
418 797 466 844 in
500 797 673 844 hostem
695 808 972 844 convertunt
1005 816 1017 844 :
1061 801 1112 846 ὅτ
1141 797 1300 843 Danos
1338 811 1431 842 non
1463 796 1615 844 minus
1651 797 1848 859 trepida,

76 881 219 930 quam
238 863 324 927 ipsi
344 873 565 910 venerant
583 861 695 924 fuga
721 872 847 908 retro
872 862 931 909 ad
952 861 1052 908 suos
1074 860 1377 924 compellunt.
1445 861 1523 907 Ad
1545 861 1662 908 hanc
1692 861 1853 911 Dano-

76 947 183 978 rum
207 926 563 991 trepidationem
588 925 822 990 agasones,
847 928 897 976 ὃς
919 925 1122 977 imbellis
1143 925 1384 988 agrestium
1408 925 1544 972 turba
1563 925 1738 972 sublato
1761 929 1855 974 cla-

2 1001 5 1003 ’
80 1009 209 1044 more
238 992 436 1055 speciem
469 989 579 1038 novi
600 989 821 1038 exercitus
844 990 1097 1053 praebuere.
1148 991 1216 1038 Ea
1234 1007 1302 1037 res
1325 1002 1501 1037 tantum
1523 989 1665 1037 animi
1688 991 1854 1048 Scotis,

83 1064 126 1110 &
150 1056 408 1106 formidinis
431 1054 580 1103 Danis
602 1053 774 1108 attulit,
811 1068 862 1102 ut
882 1055 1046 1103 alteros
1081 1055 1140 1102 de
1162 1054 1301 1103 salute
1323 1054 1608 1118 desperantes
1641 1057 1853 1112 erexerit,

83 1122 236 1171 alteris
254 1138 340 1184 pro
359 1120 533 1183 sperata
544 1118 737 1166 viEtoria
757 1132 926 1166 certam
944 1120 1253 1167 calamitatem
1274 1119 1492 1167 attulerit.
1554 1121 1604 1167 H
1609 1135 1673 1166 aec
1693 1120 1755 1166 est
1775 1121 1858 1169 illa

83 1184 278 1234 victoria
298 1185 357 1232 ad
378 1186 656 1231 Loncartem
686 1182 841 1230 vicum
863 1197 1010 1246 parta,
1033 1185 1134 1240 illo,
1172 1187 1222 1234 &
1245 1185 1422 1247 aliquot
1443 1183 1666 1248 proximis
1693 1184 1855 1234 diebus

84 1251 262 1299 summa
281 1249 466 1304 laeticia,
491 1249 550 1295 ad
567 1248 767 1311 posteros
789 1261 1010 1311 perpetua
1031 1249 1153 1295 fama
1173 1249 1416 1296 celebrata.

150 1316 379 1364 XXXIII.
416 1315 540 1361 Cum
562 1312 706 1376 spolia
725 1310 918 1359 viCtores
937 1313 1214 1367 dividerent,
1239 1314 1387 1360 Haius
1410 1313 1459 1360 in
1481 1315 1688 1364 omnium
1706 1331 1783 1363 ore
1808 1333 1857 1362 e-

83 1392 172 1429 rat.
240 1378 385 1427 Multi
416 1377 626 1426 homines
656 1377 831 1424 honesti
858 1378 1211 1425 testificabantur
1240 1378 1282 1424 se
1307 1378 1462 1426 vidisse
1483 1397 1757 1445 quacunque
1777 1381 1859 1428 ille

85 1460 195 1493 cum
217 1442 373 1491 liberis
401 1441 734 1506 impressionem
758 1441 943 1497 fecisset,
971 1442 1042 1490 ibi
1070 1444 1322 1490 nostrorum
1345 1443 1535 1509 ordines!
1548 1444 1793 1501 restitutos,
1817 1453 1860 1494 δε

85 1509 298 1557 hostilem
319 1507 467 1555 aciem
489 1507 617 1554 velut
635 1506 768 1554 ruina
783 1505 1042 1569 impulsam.
1113 1509 1289 1555 Omnes
1307 1507 1506 1572 denique
1531 1526 1621 1558 uno
1642 1526 1721 1558 ore
1741 1528 1861 1575 prae-

85 1575 211 1630 dam,
248 1572 503 1628 victoriam,
538 1571 726 1626 famam,
750 1571 940 1620 salutem
961 1572 1004 1620 se
1026 1570 1090 1619 eis
1116 1573 1283 1620 debere
1302 1573 1578 1621 fatebantur.
1636 1575 1784 1622 Haius
1803 1577 1863 1623 ad

89 1640 269 1702 Regem
290 1637 536 1701 perdustus
559 1636 756 1685 modeste
772 1636 832 1683 de
860 1636 903 1684 se
920 1638 1120 1691 locutuS,
1143 1637 1401 1699 splendidas
1422 1639 1561 1685 vestes
1584 1638 1685 1694 fibi,
1710 1645 1751 1687 δε
1773 1640 1861 1688 fili·

87 1702 126 1750 is
148 1703 342 1758 oblatas,
367 1713 417 1749 ut
436 1700 765 1764 conspet'tiores
788 1701 1002 1749 Bertham
1024 1701 1392 1765 ingrederentur,
1407 1703 1585 1751 renuit:
1609 1718 1662 1750 ac
1684 1716 1862 1752 tantum

87 1767 279 1815 absterso
307 1767 516 1829 pulvere,
540 1765 814 1829 quotidiano
840 1765 1039 1814 amiculo
1068 1765 1274 1822 indutus,
1293 1766 1556 1832 jugumque
1582 1785 1676 1832 quo
1698 1784 1792 1817 erat
1812 1771 1866 1818 in

88 1831 250 1896 praelio
273 1832 390 1886 usu'3‚
405 1831 554 1879 ferens
577 1832 734 1878 multis
753 1833 922 1895 aRege
940 1830 1130 1886 anteire,
1150 1848 1203 1878 ac
1224 1830 1326 1878 satis
1350 1848 1519 1896 magno
1537 1833 1779 1880 intervallo
1796 1833 1863 1882 se-

88 1896 172 1962 qui
187 1896 329 1959 jufiis,
349 1896 504 1944 multis
526 1896 585 1942 ad
607 1896 716 1943 novi
728 1897 908 1961 generis
925 1896 1232 1961 spe&aculum
1250 1897 1590 1944 accurrentibus
1614 1898 1773 1946 urbem
1791 1899 1871 1947 in-

89 1961 298 2028 greditur
321 1979 332 2008 :
357 1960 658 2024 omniumque
679 1977 774 2016 ora,
799 1967 841 2009 δε
871 1961 1030 2008 oculos
1053 1961 1101 2008 in
1128 1959 1171 2008 se
1194 1977 1338 2008 unum
1371 1961 1601 2010 convertit
1625 1981 1636 2010 :
1661 1979 1714 2010 ac
1746 1963 1865 2012 solus

90 2043 236 2091 prope
256 2043 439 2074 omnem
461 2025 589 2072 illius
610 2025 705 2073 diei
725 2026 1039 2074 celebritatem
1057 2025 1179 2074 tulit.
1247 2026 1349 2073 Post
1370 2026 1610 2074 Danorum
1633 2027 1867 2077 discessum

92 2090 198 2139 ocio
218 2102 382 2154 praeter
402 2091 526 2153 spem
549 2104 642 2137 tam
665 2090 758 2138 cito
780 2104 929 2154 parto,
951 2091 1000 2138 in
1025 2103 1258 2138 conventu
1278 2108 1539 2153 procerum,
1568 2092 1649 2154 qui
1666 2094 1725 2140 ad
1755 2095 1865 2143 Sco-

93 2172 201 2203 nam
219 2156 316 2217 post
333 2170 503 2217 paucos
526 2154 621 2202 dies
644 2156 705 2202 est
724 2155 908 2202 habitus
938 2154 1055 2202 nihil
1079 2154 1223 2218 prius,
1252 2171 1392 2219 quam
1414 2157 1471 2203 de
1490 2156 1620 2212 Haii,
1644 2157 1866 2206 filiorum-

92 2237 185 2282 que
207 2220 304 2281 ejus
326 2219 595 2275 honoribuS,
620 2225 660 2267 δε
683 2219 880 2281 praemiis
902 2221 964 2269 est
985 2222 1153 2268 actum.
1211 2220 1340 2284 Ager
1359 2220 1424 2266 eis
1448 2222 1598 2278 datus,
1623 2239 1736 2269 unus
1759 2240 1867 2286 pro-

92 2301 153 2347 pe
172 2283 311 2331 to'tius
330 2283 496 2331 Scotiae
515 2283 825 2339 fertilissimus,
841 2301 982 2346 quem
1003 2285 1154 2333 adhuc
1170 2301 1330 2331 eorum
1348 2286 1512 2347 posteri
1529 2298 1687 2334 tenent
1711 2306 1721 2334 z
1746 2305 1869 2335 nune

93 2348 144 2395 in
166 2348 332 2397 multas
354 2350 594 2412 opulentas
613 2348 808 2396 familias
827 2348 1072 2413 propagati
1093 2367 1104 2396 ε
1127 2348 1211 2412 ipfi
1232 2365 1258 2396 e
1277 2348 1415 2416 plebe
1435 2350 1483 2398 in
1506 2349 1715 2399 ordinem
1737 2352 1871 2400 nobi-

91 2413 210 2461 lium
232 2413 380 2460 relati.
426 2413 650 2477 *Insignia
672 2412 876 2467 ferenda,
903 2414 969 2461 uti
992 2430 1090 2461 mos
1113 2416 1173 2462 est
1195 2413 1443 2470 nobilitati,
1468 2416 1575 2462 data
1599 2417 1670 2479 (1)
1695 2415 1870 2465 scutum

92 2489 379 2541 argenteum,
403 2476 453 2524 in
470 2478 598 2539 cujus
621 2477 715 2524 solo
736 2477 822 2525 tria
843 2477 968 2525 scuta
988 2477 1217 2528 rubricata
1233 2478 1398 2526 insunt.
1432 2481 1548 2543 Qae
1567 2480 1763 2544 insignia
1782 2482 1871 2530 hoc

66 2590 73 2597 ,
91 2542 261 2604 opinor
276 2541 500 2598 indicant,
520 2542 709 2590 salutem
725 2543 962 2606 publicam
980 2542 1121 2591 trium
1141 2542 1384 2591 hominum
1407 2544 1622 2610 singulari
1643 2545 1692 2593 in
1708 2547 1872 2610 praelio

37 2647 39 2650 .
93 2607 264 2654 virtute
284 2606 412 2654 fuisse
433 2607 680 2655 defensam.

37 2682 46 2693 '
159 2672 386 2718 XXXIV.
421 2672 531 2720 Hoc
560 2672 721 2735 praelio
743 2688 833 2736 pax
855 2670 902 2718 in
925 2673 1096 2720 multos
1118 2688 1260 2720 annos
1281 2684 1412 2735 parta
1431 2672 1676 2722 videbatur
1699 2694 1710 2724 ε
1733 2694 1870 2739 quam

0 2746 18 2808 J
96 2734 227 2782 domi
248 2735 569 2785 foedaruntres
593 2736 983 2785 turbulentissimae
1009 2757 1020 2785 :
1045 2755 1099 2785 ac
1122 2737 1438 2785 Insulanorum
1461 2739 1667 2800 quidem,
1689 2741 1771 2804 qui
1791 2760 1872 2807 per

96 2799 296 2847 Rossiam
316 2800 424 2863 vagi
454 2801 792 2864 praedabantur,
816 2814 966 2849 motus
999 2801 1129 2849 brevi
1151 2804 1424 2864 compressus
1444 2804 1521 2858 est,
1551 2803 1709 2851 multis
1733 2805 1872 2855 latro-

8 2892 21 2914 :
96 2880 209 2912 num
230 2863 277 2911 in
301 2864 460 2927 praelio
479 2867 619 2920 caefis,
639 2865 797 2913 multis
819 2866 933 2915 item
953 2866 1002 2913 in
1019 2867 1133 2932 fuga
1147 2867 1310 2930 captis,
1332 2873 1373 2914 δε
1393 2868 1451 2913 ad
1469 2867 1742 2930 supplicium
1761 2873 1873 2919 duc-

99 2927 174 2984 tis.
242 2929 471 2989 Majorem
504 2932 644 2994 longe
677 2931 932 2978 tumultum
955 2932 1154 2994 praebuit
1191 2933 1261 2992 (2)
1289 2930 1628 2979 Crathilinthus
1654 2935 1872 2994 Fenellae‚

76 3032 79 3036 .
99 3004 180 3038 aut
200 2995 272 3053 (ut
291 2989 372 3040 alii
392 2996 578 3054 vocant)
605 2994 854 3042 Finabellae
877 2994 1016 3044 filius.
1084 2998 1130 3043 Is
1151 2996 1348 3043 Merniae
1377 3009 1473 3043 tum
1497 2997 1638 3062 Longe
1661 3000 1874 3065 princeps

70 3091 87 3116 5.
97 3071 283 3117 genere,
303 3063 344 3104 δε
367 3057 544 3106 divitiis
564 3072 676 3106 erat.
713 3059 1014 3108 Cruthinetus
1033 3061 1128 3122 ejus
1147 3076 1257 3107 avus
1276 3072 1505 3108 maternus
1523 3061 1763 3125 praefeftus
1782 3081 1877 3114 erat

99 3134 128 3164 a
149 3119 279 3182 Rege
300 3120 344 3168 ei
374 3123 589 3185 Angusiae
612 3138 741 3187 agro,
773 3124 858 3188 qui
877 3124 1135 3172 inter-duos
1166 3124 1331 3171 fluvios
1357 3126 1491 3188 (Eska
1512 3125 1692 3190 utrique
1707 3146 1876 3178 nomen

103 3183 185 3242 est)
213 3182 336 3243 jacet
359 3204 372 3232 ι
401 3187 736 3250 vefi'tigaliaque
758 3188 869 3235 inde
885 3189 1036 3253 Regia
1061 3188 1329 3252 colligebat.
1404 3190 1478 3236 Ad
1507 3207 1612 3238 eum
1640 3191 1878 3244 visendum

100 3261 209 3292 cum
228 3264 368 3309 nepos
391 3262 562 3313 magno
583 3251 806 3299 comitatu
824 3254 1027 3307 venisset,
1049 3253 1196 3300 subito
1217 3253 1423 3302 tumultu
1444 3254 1566 3302 inter
1587 3255 1811 3305 ministros
1830 3278 1878 3307 e-

98 3325 235 3357 orum
255 3324 373 3368 orte,
396 3314 489 3360 duo
509 3331 535 3360 e
558 3315 864 3364 Crathilinthi
885 3317 1189 3367 familiaribus
1208 3317 1310 3363 sunt
1322 3318 1472 3364 occisi.
1527 3320 1614 3366 Ille
1637 3320 1696 3367 de
1712 3322 1880 3384 injuria

99 3375 224 3436 apud
258 3392 394 3423 avum
415 3378 611 3444 questus,
636 3395 742 3428 cum
764 3382 812 3427 in
835 3382 931 3443 ejus
954 3382 1147 3431 comites
1169 3380 1401 3428 seditionis
1424 3383 1560 3446 culpa
1597 3384 1878 3446 rejiceretur,

101 3453 129 3483 a
161 3437 262 3486 sene
299 3440 429 3505 gravi
450 3441 655 3490 oratione
676 3445 738 3492 est
759 3444 1029 3510 increpitus,
1055 3462 1139 3493 nec
1161 3445 1253 3493 fine
1275 3448 1570 3495 contumeliis
1601 3463 1625 3494 a
1649 3449 1880 3507 ministriS‚

154 3563 171 3613 (
203 3565 218 3613 )
247 3568 291 3605 In
311 3581 332 3605 a
350 3568 455 3606 silver
473 3570 559 3609 field
591 3570 696 3609 three
714 3575 776 3611 red
795 3573 950 3613 shields:
1015 3556 1151 3614 cu'es.

100 3616 166 3657 the
183 3618 328 3672 heralds
346 3622 580 3685 say,Argent,
600 3624 705 3663 three
723 3625 958 3680 scutcheons,
1068 3630 1131 3680 (2)
1161 3629 1260 3669 MS.
1273 3628 1573 3668 Cruthilinthus.
