2112 3827
179 154 281 244 “52
514 158 878 225 RERUM
970 158 1658 226 Sco-smmum

200 261 342 306 Porro
378 254 559 304 Galaeci
591 256 838 310 vocabuIO,
872 256 920 303 id
944 258 1004 303 est
1029 257 1149 304 Gael
1179 257 1261 320 ipsi
1285 257 1368 305 fibi
1400 259 1622 320 placent:
1660 260 1729 321 (1)
1766 258 1985 322 suamque

202 326 238 383 (
247 323 292 367 ti
316 321 434 380 dixi)
460 321 668 394 linguam
693 322 931 369 Galaecam
956 334 1139 374 vocant,
1164 338 1309 382 eaque
1330 323 1458 368 velut
1481 324 1626 386 magis
1650 326 1790 378 culta,
1816 325 1861 372 δι
1889 325 1983 370 ele-

201 399 342 451 gante
367 385 659 448 gloriantur:
706 386 924 449 ieliquos,
964 386 1053 433 hoc
1091 387 1151 432 est
1184 385 1368 439 Gallos,
1402 386 1528 432 velut
1567 388 1779 434 barbaros
1815 403 1909 449 prae
1941 387 1985 435 se

202 463 526 506 contemnunt,
551 456 592 497 δε
616 466 880 512 quanquam
905 451 963 498 ab
983 449 1122 497 initio
1145 449 1270 497 Scoti
1290 450 1537 505 Brittones,
1562 451 1650 498 hoc
1671 453 1731 499 est
1752 451 1985 498 vetustiffi-

204 533 305 563 mos
326 514 485 561 insulae
507 514 704 561 cultores
729 515 893 561 Gallos
917 516 1218 577 appellarent,
1256 527 1409 561 tamen
1447 515 1727 562 consuetudo
1763 516 2004 578 loquendi,

203 578 435 654 paulatim
454 579 673 634 obtinuit,
700 592 749 626 ut
770 595 930 627 omnes
954 579 1178 634 nationes,
1203 596 1306 642 quae
1331 577 1549 642 posterius
1573 579 1735 626 sedes
1722 596 1772 628 m
1808 579 1990 628 Britan-

205 644 287 692 nia
306 645 591 691 collocarunt
613 643 946 692 contumelioso
970 644 1139 706 potius,
1155 660 1292 708 quam
1317 643 1550 708 gentilitio
1568 643 1756 692 nomine
1776 643 1841 691 ita
1861 660 1991 691 com-

206 710 400 773 pellent.
436 709 546 756 Vox
567 709 689 756 enim
710 709 782 755 Ga
791 709 869 763 lle,
889 720 968 756 aut
986 708 1111 754 Gald
1132 725 1221 754 non
1245 710 1305 756 est
1325 710 1476 756 minus
1498 711 1621 772 apud
1639 725 1716 756 eos
1735 709 1989 772 significans

206 790 349 838 quam
374 773 496 835 apud
517 773 707 820 Graecos
728 778 768 819 δι
788 773 977 820 Latinos
993 773 1234 826 Barbaru5‚
1254 774 1378 836 apud
1397 774 1658 821 Germanos
1673 773 1874 821 Walsch.
2027 829 2029 833 y

277 839 454 885 XXIX.
486 839 587 899 Jam
617 837 801 885 tandem
833 840 889 886 εὸ
916 849 1105 886 ventum
1143 838 1222 893 est,
1257 852 1304 884 ut
1326 855 1382 886 ex
1402 839 1702 911 oppidorum,
1725 838 1986 893 fluminum,

212 903 475 957 reoionum,
501 907 539 948 &-
560 901 659 948 aliis
680 901 729 947 id
752 917 900 964 genus
919 901 1183 949 nominibus
1206 902 1411 965 linguae
1399 916 1521 949 mter
1540 903 1794 957 Ga110s‚&
1812 903 1991 950 Britan-

208 985 296 1015 nos
319 965 711 1019 communionem,
737 980 873 1028 atque
895 981 952 1011 ex
973 982 1027 1012 ea
1047 977 1245 1012 vet-erem
1269 967 1594 1028 cognationem
1616 939 1992 1014 derrionstremus.

216 1032 445 1079 Lubricns
469 1031 570 1076 sane
604 1030 750 1084 locus,
787 1035 829 1076 δε
860 1029 1109 1092 diligenter
1131 1029 1478 1076 examinandus
1547 1031 1672 1077 Nam
1708 1032 1758 1079 &
1790 1030 1996 1093 superius

215 1096 499 1142 disseruimus
522 1111 660 1158 quam
684 1093 842 1141 multis
865 1095 921 1141 de
943 1094 1083 1142 causis
1105 1093 1249 1141 sermo
1272 1093 1518 1157 publicus
1504 1107 1792 1142 immutetur.
1833 1097 1995 1159 Qan-

216 1177 355 1223 quam
379 1159 503 1206 enim
539 1176 630 1206 non
654 1159 835 1222 penitus
858 1176 910 1205 ac
932 1159 1064 1205 semel
1088 1158 1351 1212 innovetur,
1376 1170 1527 1207 tamen
1549 1160 1597 1206 in
1621 1171 1845 1223 perpetuo
1868 1162 1997 1207 fluxu

218 1227 299 1280 est,
327 1231 367 1271 &-
390 1224 670 1271 mutantium
693 1224 924 1271 ΞΞΞεοΞΞίΞαΞ
930 1222 1040 1270 tiam
1063 1223 1138 1269 sua
1159 1223 1358 1296 quadam
1382 1238 1553 1270 naturae
1575 1224 1862 1272 flexibilitate
1885 1224 1996 1272 faci-

219 1291 265 1337 le
297 1288 510 1351 sequitur.
578 1280 634 1336 Id
671 1301 823 1335 autem
852 1288 1082 1361 praecipue
1116 1300 1306 1351 apparet
1335 1287 1384 1334 in
1416 1297 1470 1335 e'o
1501 1305 1652 1335 rerum
1687 1306 1872 1351 genere,
1896 1307 1998 1352 quae

221 1371 315 1401 non
340 1354 480 1401 modo
503 1365 764 1416 temporum
789 1354 1052 1407 momentis,
1093 1352 1167 1399 sed
1209 1369 1342 1399 unius
1377 1352 1515 1400 etiam
1553 1353 1772 1416 cujusque
1810 1353 2001 1400 arbitrio

222 1421 325 1466 :sunt
342 1418 585 1465 obnoxiae.
612 1419 766 1480 qualia
789 1419 890 1464 sunt
907 1418 1184 1480 singularum
1208 1433 1379 1472 rerum,
1403 1434 1508 1480 quae
1530 1418 1587 1464 ad
1608 1418 1735 1465 usum
1757 1417 1863 1464 vitae
1882 1435 1998 1482 quo-

220 1483 448 1529 tidianum
474 1483 574 1529 sunt
595 1483 808 1537 inventos,
834 1499 1029 1545 quarum
1051 1482 1238 1528 nomina
1255 1482 1435 1528 levibus
1458 1483 1515 1529 de
1538 1483 1678 1530 caulis
1695 1483 1999 1538 obsolelcunt,

223 1548 525 1602 innovantur,
547 1553 587 1594 &
623 1547 974 1610 interpolantur
1044 1546 1142 1593 At
1130 1564 1176 1593 in
1200 1547 1255 1592 iis
1278 1563 1380 1609 quae
1403 1546 1502 1596 sunt
1526 1561 1708 1602 aeterna,
1734 1560 1785 1594 ut
1809 1548 2001 1602 coelum,

225 1629 367 1660 mare
396 1626 477 1658 teri
477 1629 530 1666 a,
553 1611 692 1675 ignis,
720 1627 915 1666 monteS,
940 1609 1166 1674 regiones
1193 1611 1401 1667 flumina,
1425 1611 1538 1659 item
1560 1613 1608 1659 in
1635 1613 1726 1659 illis
1749 1628 1854 1675 quae
1898 1612 2002 1659 diu·

225 1676 351 1724 turni
356 1690 444 1723 tate
467 1677 542 1722 sua
562 1677 712 1740 quoad
747 1689 917 1724 natuxae
952 1675 1123 1738 patitur
1160 1675 1402 1723 infirmitas
1437 1689 1606 1724 aeterna
1633 1677 1732 1733 illa,
1766 1681 1818 1728 ὃς
1850 1677 2003 1724 incor—

228 1754 363 1810 rupta
384 1741 585 1805 quadarn
606 1754 737 1788 tenus
760 1742 1015 1794 imitantur,
1035 1740 1190 1802 qualia
1211 1741 1312 1788 sunt
1329 1741 1504 1815 oppida
1524 1759 1627 1806 quae
1651 1753 1881 1804 tanquam
1889 1743 2004 1789 lem·
2021 1781 2028 1785 .
2067 1797 2070 1806 Ι

229 1820 299 1869 pit
286 1824 411 1852 erna
448 1807 600 1853 futura
624 1808 806 1853 condux
813 1819 906 1880 tur,
942 1805 1115 1852 diversa
1147 1806 1288 1870 longe
1319 1819 1436 1853 ratio
1465 1809 1542 1854 est.
1611 1807 1837 1855 Gentium
1860 1807 2005 1864 enim,

228 1876 280 1920 ἂ
306 1870 484 1918 urbium
508 1887 600 1918 non
624 1870 757 1918 facile
779 1871 931 1934 quivis
963 1882 1041 1917 aut
1064 1888 1182 1918 nova
1216 1871 1404 1918 nomina
1438 1870 1589 1936 fingit,
1613 1888 1690 1918 aut
1713 1873 1884 1920 vetusta
1918 1872 2005 1918 im-

232 1948 415 1981 mutat:
453 1935 626 1998 quippe
649 1953 752 1998 quae
776 1951 866 1982 non
891 1947 1078 1990 temere,
1103 1936 1176 1982 sed
1201 1937 1294 1983 iere
1316 1936 1522 1992 confilio,
1548 1942 1588 1982 &
1611 1936 1825 1983 consensu
1852 1953 2006 1997 popu-

230 1998 314 2046 lari
340 2000 505 2047 dantur
535 2002 591 2046 ab
621 1999 755 2046 initio
779 2017 803 2045 a
824 1999 1161 2056 conditoribus,
1183 2017 1301 2064 quos
1319 2004 1512 2048 vetustas
1545 2002 1815 2063 plaerunque
1837 2000 2009 2049 divinis

232 2065 486 2111 bonoribus
527 2065 900 2128 prosequebatur,
938 2071 978 2112 &
1017 2067 1171 2128 quoad
1193 2077 1373 2130 poterat
1405 2064 1751 2113 immortalitate
1788 2064 2007 2113 donabat.

231 2129 443 2176 Merito
431 2129 574 2192 igitur
595 2131 694 2177 haec
716 2131 902 2177 nomina
924 2143 1192 2194 perennant,
1216 2146 1301 2176 nec
1323 2131 1414 2177 fine
1436 2147 1605 2196 magna
1626 2146 1775 2176 rerum
1797 2131 2010 2178 omnium

231 2194 577 2258 perturbatione
595 2195 700 2242 loco
721 2196 927 2243 cedunt:
962 2211 1014 2241 ac
1035 2195 1215 2256 reliquo
1236 2195 1441 2242 sermone
1464 2195 1639 2257 prorsus
1662 2207 1840 2241 mutato
1858 2207 2013 2243 tamen

233 2260 284 2305 ill
278 2277 316 2304 ·a
338 2259 633 2320 pertinaciter
649 2261 846 2315 haerent,
869 2266 910 2307 &
932 2277 1024 2308 non
1049 2261 1130 2307 nisi
1153 2259 1300 2306 invita
1316 2259 1574 2307 discedunt.
1641 2260 1847 2307 Multum
1870 2260 2011 2308 etiam

234 2325 293 2369 ad
317 2340 473 2370 eorum
498 2325 784 2372 durationem
810 2325 921 2371 facit
943 2318 1073 2373 causa
1092 2325 1290 2372 nominis
1312 2325 1602 2388 imponendi.
1641 2324 1804 2371 Nam
1792 2341 1841 2372 in
1865 2324 2012 2372 demi»

237 2387 523 2452 grationibus
555 2390 635 2452 qui
665 2390 736 2436 vel
757 2391 869 2451 pulsi
906 2390 1028 2437 sedes
1063 2403 1275 2452 antiquas
1293 2389 1584 2451 linquebant,
1598 2389 1673 2435 vel
1692 2388 1854 2452 sponte
1870 2406 2016 2436 novas

237 2454 521 2516 quaerebant,
549 2454 700 2500 amissa
722 2453 868 2515 patria
890 2466 1042 2502 tamen
1063 2470 1230 2501 nomen
1252 2455 1527 2508 retinebant,
1553 2459 1594 2501 &
1617 2452 1724 2499 sono
1739 2453 1956 2503 auribus·
1937 2470 2015 2514 Ju-

238 2517 508 2564 cundisfimo
531 2517 728 2565 libenter
749 2518 1032 2574 fruebantur,
1052 2524 1090 2566 δι
1107 2519 1191 2566 hac
1212 2519 1525 2591 qualicunque
1540 2517 1737 2567 nominis
1758 2518 1921 2565 umbra
1934 2516 2016 2565 soli

238 2580 404 2628 nat-alis
427 2582 697 2644 desiderium
722 2583 993 2631 leniebant:
1028 2599 1114 2630 nee
1135 2600 1326 2630 ommno
1349 2583 1431 2629 fibi
1455 2585 1657 2636 exulare,
1683 2588 1723 2630 &
1745 2583 1907 2646 procul
1931 2583 2016 2629 do-

239 2662 318 2692 mo
341 2662 475 2708 agere
498 2645 786 2694 videbantur.
813 2648 900 2694 Sed
921 2663 1007 2695 nee
1023 2650 1227 2702 deerant,
1252 2648 1334 2710 qui
1355 2647 1665 2710 superstitione
1687 2647 1885 2710 quadam
1910 2646 2019 2694 tacti

239 2712 326 2756 san
319 2711 506 2757 &iorem
530 2711 750 2774 aliquam,
779 2716 828 2761 δε
864 2713 1170 2777 augustiorem
1193 2712 1428 2775 speciem
1415 2729 1461 2759 in
1485 2713 1650 2760 animis
1675 2711 2016 2775 concipiebant,

239 2791 380 2839 quam
401 2791 506 2840 quae
529 2775 578 2822 in
601 2776 868 2838 parietibus,
895 2783 934 2824 δι
924 2754 1083 2826 ἰἐειξίἰε,
1105 2777 1309 2840 conspici
1331 2779 1490 2840 poss'et,
1514 2794 1566 2824 ac
1589 2794 1681 2824 non
1705 2775 1848 2823 solum
1867 2776 2021 2822 chari-

240 2850 332 2886 tate
367 2839 514 2901 patria
547 2841 844 2889 simulacrum
870 2842 1006 2898 illud,
1043 2847 1083 2890 &
1119 2842 1418 2890 suaviffimum
1451 2841 1617 2906 prioris
1657 2840 1814 2904 patriae
1848 2839 2020 2905 pignus

238 2905 646 2965 ampleclebantur.
1747 2915 1764 2936 ²

307 2969 458 3014 XXX.
495 2969 675 3015 Certius
712 2968 858 3033 igitur
895 2988 951 3016 ex
990 2972 1078 3018 hoc
1098 2971 1343 3019 verborum
1366 2974 1534 3037 genere
1566 2968 1854 3034 cognationis
1884 2985 2020 3032 argu-

234 3046 450 3081 mentum
473 3032 689 3089 sumetur,
711 3051 852 3098 quam
868 3051 926 3083 ex
942 3036 1054 3093 illis,
1073 3053 1178 3100 quae
1195 3032 1446 3092 leviffimis,
1467 3052 1520 3087 ac
1541 3036 1659 3103 saepe
1675 3034 1814 3082 nullis
1833 3031 1891 3082 de
1913 3049 2024 3080 cau·

304 3197 482 3250 (1)'The
499 3201 756 3250 Highlanders
773 3205 844 3243 call
875 3205 1100 3246 themselves
1173 3208 1290 3258 teffly
1308 3221 1414 3247 come
1433 3205 1535 3246 from
1549 3207 1716 3244 France.
1743 3212 1805 3254 yet
1816 3204 1881 3245 the
1897 3202 2024 3252 High-

248 3254 361 3300 Gacl,
381 3254 506 3292 which
529 3256 682 3304 argueth
715 3256 816 3296 their
835 3259 981 3296 desce'nt
1000 3271 1037 3297 to
1059 3262 1101 3298 be
1173 3262 1349 3300 landmen
1371 3275 1475 3299 now
1479 3275 1520 3298 a·
1505 3262 1606 3313 -days
1626 3261 1684 3297 use
1703 3258 1780 3296 this
1791 3259 1905 3304 word,
1911 3256 2026 3294 Galle

247 3306 293 3342 of
315 3307 497 3354 Galaecia,
524 3322 543 3346 a
573 3319 728 3357 country
754 3311 799 3347 of
823 3312 949 3360 Spain,
977 3313 1100 3351 whose
1173 3328 1214 3352 or
1242 3316 1356 3360 Gald,
1383 3324 1421 3352 to
1439 3314 1570 3363 signify
1588 3327 1657 3362 any
1686 3324 1774 3349 man
1793 3311 1848 3348 of
1863 3285 2024 3355 Britain,

247 3361 315 3395 old
327 3361 454 3397 inhabi
461 3370 523 3397 {vn
527 3371 559 3398 ts
576 3374 681 3399 came
701 3363 798 3400 stom
818 3365 983 3402 France:
1004 3366 1103 3404 their
1174 3367 1310 3406 whoin
1327 3369 1506 3416 language
1522 3369 1592 3409 and
1598 3377 1776 3404 manners
1789 3362 1912 3401 differs
1928 3363 1979 3399 fr
1976 3374 2025 3402 τη

248 3414 309 3451 lar
316 3424 429 3460 guage
447 3413 486 3450 th
480 3428 535 3462 ey
553 3415 623 3451 call
643 3415 816 3461 Gallick,
832 3419 901 3454 and
915 3419 1099 3467 Abergal-
1128 3419 1412 3467 themselves,
1445 3434 1482 3457 as
1507 3420 1579 3458 the
1613 3418 1762 3458 Greeks
1795 3417 1864 3453 and
1896 3415 2027 3452 Latius

248 3465 274 3500 Ξῖ
262 3465 345 3511 ck,
364 3476 402 3503 to
421 3467 531 3516 spcak
550 3467 654 3505 Irish.
712 3468 787 3505 But
812 3469 901 3518 they
928 3472 1000 3514 call
1034 3472 1101 3509 the
1172 3473 1258 3518 used
1278 3472 1343 3510 the
1363 3476 1476 3514 word,
1509 3473 1704 3518 Barbarus,
1735 3470 1806 3507 and
1834 3469 1900 3511 the
1927 3469 2026 3511 Ger·

251 3493 416 3556 Britinns
435 3534 480 3560 or
493 3521 636 3566 Vlfelsst,
654 3521 767 3558 Galle
783 3535 825 3558 or
842 3524 957 3569 Gald,
971 3525 1099 3562 uhich
1172 3539 1280 3569 mans
1300 3527 1364 3566 the
1383 3529 1482 3565 word
1501 3527 1645 3569 walth.
1738 3518 1744 3526 ⁸

239 3583 310 3633 ,³³³³
292 3586 355 3607 ceu
352 3572 401 3609 th
424 3573 507 3612 that
524 3573 588 3611 the
608 3574 775 3612 Brittons
793 3575 837 3612 of
849 3576 911 3614 old
927 3591 1022 3615 were
1041 3579 1100 3616 di'
1413 3577 1417 3580 ’
1609 3590 1614 3595 “

1978 3678 2104 3724 fis·
