2010 3851
379 177 790 248 A‘PUD
882 175 1442 245 SCO‘TOS,
1755 194 1844 248 27

68 291 169 325 rum
192 279 252 325 est
273 277 383 332 lata,
403 294 587 324 omnem
612 278 773 341 populi
796 278 1059 339 potestatem
1084 276 1147 321 ita
1169 275 1216 322 in
1235 291 1313 321 eos
1337 276 1645 330 transmissam,
1689 288 1739 321 ut
1761 288 1842 321 eo-

68 356 168 387 rum
192 344 359 405 placita
383 354 464 403 pro
487 343 668 405 legibus
694 343 850 388 haberi
874 343 1087 387 debeant.
1155 342 1224 386 Ex
1243 340 1328 385 hac
1353 340 1567 386 nimirum
1595 343 1695 402 lege
1721 354 1841 384 natat

67 403 169 453 sunt
191 408 281 454 illae
304 408 596 467 Imperatoris
610 407 840 467 cujusdam
862 405 1071 458 minae',se
1087 403 1405 466 jureconsultis
1420 405 1633 450 omnibus
1652 420 1842 450 omnem

69 468 212 526 suam,
238 487 330 534 qua
349 484 586 532 tantopere
606 471 877 533 glorientur,
902 469 1133 515 scientiam
1157 484 1249 515 uno
1271 468 1424 513 edicio
1447 468 1718 513 ablaturum.

130 535 186 582 L.
219 537 276 581 B.
311 536 432 581 Bene
456 536 534 581 abs
559 548 601 580 te
626 533 796 581 facium
819 535 895 587 est,
922 534 1050 596 quod
1071 548 1174 579 cum
1192 533 1256 579 rei
1280 533 1490 578 maximae
1517 532 1746 593 peffimnm
1769 530 1836 576 ci-

66 611 183 645 tares
203 600 451 654 auctorem,
477 616 646 645 nomen
670 600 706 660 ej
718 616 764 644 us
789 598 1161 660 supprimendum
1186 596 1386 643 duxeris.
1456 597 1499 642 Is
1522 595 1645 642 enim
1675 596 1836 641 fuito.

63 662 298 726 Caligula,
323 662 405 726 qui
424 663 561 709 etiam
588 663 671 709 toti
697 663 870 724 populo
898 664 1104 707 Romano
1131 678 1265 707 unam
1292 660 1516 707 cervicem
1541 659 1744 722 optabat.
1782 661 1838 707 In

63 727 148 773 illo
171 741 321 774 autern
353 729 635 789 Imperatore
671 727 788 773 nihil
812 726 1029 778 hominis,
1055 743 1112 771 ne
1133 725 1282 772 dicam
1318 725 1478 788 Regis,
1503 735 1667 787 praeter
1690 723 1836 769 form-

63 809 138 837 am
162 791 267 838 tuit.
337 793 498 854 Itaque
521 804 692 853 quanta
713 790 783 836 illi
807 791 1026 837 debeatur
1048 791 1308 845 auctoritas,
1341 806 1434 837 non
1456 789 1658 853 ignoras.
1694 788 1837 849 Qod

64 871 216 902 autem
247 856 303 902 ad
327 857 477 919 legem
507 856 697 917 Regiam
724 855 903 908 attinet,
929 852 1077 916 qualis
1120 854 1200 899 illa
1221 854 1379 908 fuerit,
1425 854 1629 916 qnando,
1676 870 1701 898 a
1723 867 1837 913 quo,

63 920 234 986 quibus
257 921 426 975 verbis,
448 921 554 974 lata,
581 937 663 966 nec
687 920 768 982 ipsi
787 918 1034 982 jurisperiti
1057 918 1323 980 expediunt.
1361 919 1569 982 Regibus
1592 917 1714 963 enim
1743 918 1846 963 Ro-

67 985 214 1035 manis
240 1001 475 1048 nunquam
498 1002 551 1030 ea
574 987 763 1046 potestas
787 983 875 1032 fuit
901 1003 910 1030 :
944 984 1119 1046 quippe
1142 1000 1166 1029 a
1188 984 1356 1045 quibus
1384 982 1648 1046 provocatio
1674 982 1726 1027 ad
1757 997 1844 1041 po-

62 1051 225 1115 pulum
250 1062 362 1096 erat.
430 1048 739 1112 Rogationem
765 1065 890 1104 vero,
917 1065 1007 1112 qua
1029 1049 1084 1093 L.
1114 1048 1298 1095 Flaccus
1321 1048 1531 1095 libertate
1558 1047 1717 1109 populi
1742 1047 1843 1092 Ro-

64 1113 189 1163 mani
213 1115 433 1176 oppreffa‚
459 1131 540 1176 per
561 1115 749 1160 aliarum
775 1114 931 1177 legum
958 1112 1184 1158 filentium
1206 1112 1419 1159 stabilivit
1441 1113 1496 1158 L.
1523 1113 1660 1173 Syllae
1683 1123 1842 1172 tyran-

63 1182 238 1232 nidem,
272 1194 408 1224 nemo
434 1194 635 1240 unquam
659 1195 742 1240 pro
767 1179 867 1240 lege
889 1177 1066 1223 habuit.
1111 1177 1221 1236 Ejus
1243 1191 1396 1223 autem
1420 1176 1671 1237 rogationis
1695 1192 1747 1222 ea
1769 1175 1840 1220 vis

60 1259 180 1297 erat,
203 1258 250 1288 ut
272 1241 559 1305 qu'aecunque
583 1243 637 1288 L.
660 1243 801 1304 Syllae
824 1243 1008 1298 fecisset,
1051 1258 1103 1287 ea
1126 1254 1221 1288 rata
1241 1242 1394 1289 ess'ent.
1465 1241 1607 1304 Qod
1635 1241 1710 1300 jus
1734 1239 1840 1285 nui·-

62 1311 133 1357 lus
159 1323 358 1370 unquam
383 1309 582 1370 populus
605 1307 828 1354 libertam
851 1323 1011 1354 excors
1034 1306 1123 1353 fuit
1141 1318 1188 1352 ut
1206 1307 1362 1352 volens
1384 1305 1433 1352 in
1457 1306 1498 1351 se
1521 1305 1808 1367 permitteret
1821 1315 1849 1351 τ

63 1390 143 1421 aut
165 1375 195 1420 fi
218 1372 319 1434 quis
343 1372 448 1427 fnit,
473 1372 641 1435 dignus
664 1372 870 1435 profecto
893 1372 999 1425 fuit,
1024 1370 1104 1434 qui
1134 1384 1357 1433 perpetuo
1381 1369 1562 1416 serviret
1583 1369 1839 1428 Tyrannis,

63 1435 357 1499 stultitiaeque
383 1436 473 1483 suae
497 1430 656 1499 poenas
680 1437 842 1483 lueret.
914 1437 1002 1483 Sed
1044 1437 1073 1482 fi
1105 1452 1197 1498 qua
1219 1435 1322 1482 talis
1345 1434 1546 1485 fuit‘lex,
1572 1433 1842 1495 exemplum

62 1503 197 1550 nobis
220 1502 275 1546 ad
302 1503 564 1549 cautionem
589 1517 680 1548 non
703 1502 759 1547 ad
781 1501 1089 1548 imitationem
1116 1500 1396 1561 propositum
1421 1499 1742 1546 existimemus.
1769 1495 1843 1545 M.

62 1570 207 1616 Rene
230 1566 436 1627 profecto
460 1582 635 1613 mones.
703 1567 793 1612 Sed
815 1567 893 1612 ista
915 1564 1172 1611 admonitio
1195 1578 1271 1611 tua
1296 1565 1354 1610 ad
1376 1580 1453 1610 eos
1494 1563 1708 1626 pertinet,
1735 1562 1841 1625 qui-

66 1635 150 1680 bus
173 1635 221 1680 in
247 1647 384 1677 manu
413 1633 490 1685 est,
515 1631 671 1695 quales
697 1631 777 1675 fibi
800 1632 950 1693 Reges
974 1640 1144 1676 creent.
1213 1629 1289 1674 Ad
1314 1644 1394 1674 nos
1418 1645 1524 1675 vero
1549 1627 1666 1674 nihil
1689 1628 1844 1673 omni-

64 1715 125 1745 no
150 1696 365 1759 pertinet,
410 1696 607 1759 quinon
650 1694 874 1758 suffragiis
905 1695 1106 1756 optimos
1144 1692 1381 1755 eligimus,
1426 1692 1500 1739 sed
1526 1693 1640 1739 forte
1663 1693 1842 1738 oblatos

63 1762 336 1825 accipimus.
375 1761 497 1806 Illud
519 1759 657 1806 etiam
675 1759 975 1820 jureconsulti
995 1775 1075 1805 nos
1098 1757 1283 1821 proprie
1306 1757 1485 1804 videtu:
1505 1757 1740 1816 respicere,
1761 1756 1846 1819 qni.

65 1827 316 1888 majoribus
341 1826 525 1888 Regum
562 1826 813 1871 nostrorum
852 1824 901 1870 id
918 1825 992 1885 jus
1034 1823 1082 1871 in
1107 1839 1187 1869 nos
1212 1823 1496 1886 posterosque
1520 1823 1690 1869 nostros
1712 1820 1847 1867 dedi-

65 1909 184 1948 mus,
235 1903 282 1937 ut
315 1890 398 1952 ipsi
442 1888 698 1952 posterique
721 1906 879 1936 eorum
902 1888 1148 1951 imperium
1173 1888 1220 1933 in
1264 1904 1346 1933 nos
1370 1900 1592 1950 perpetuo
1617 1898 1842 1933 tenerent.

62 1956 362 2018 Illos‘utique
387 1955 600 2016 (majores
640 1954 746 2000 dico
770 1954 959 2012 nostros)
985 1954 1152 1999 vellem
1178 1953 1497 2008 admonnifl'es,
1529 1951 1697 2014 quibus
1722 1951 1850 1997 inte..

64 2037 205 2085 grum
227 2032 339 2074 erat,
365 2036 481 2082 qnos
505 2020 674 2065 vellent
698 2018 779 2064 fibi
821 2020 974 2082 Reges
997 2016 1252 2064 adsciscere.
1320 2017 1462 2063 Nunc
1485 2034 1593 2063 vero
1616 2016 1759 2062 serum
1785 2013 1846 2060 is-

64 2085 150 2132 tud
176 2098 304 2131 tuum
331 2083 570 2130 confilium
594 2100 648 2129 eo
670 2084 808 2137 valet,
835 2099 925 2128 non
952 2095 1001 2129 ut
1023 2097 1126 2145 quae
1149 2081 1196 2127 in
1220 2083 1438 2142 potestate
1462 2083 1607 2128 nostra
1627 2097 1717 2127 non
1742 2079 1846 2127 sunt

64 2167 118 2197 ea
143 2150 424 2214 corrigamus
450 2166 461 2194 :
495 2148 568 2195 sed
596 2161 643 2194 ut
667 2147 890 2209 majorum
905 2148 1138 2193 stultitiam
1157 2147 1468 2208 deploremu5,
1495 2153 1531 2193 δι
1554 2147 1713 2197 nostrae
1732 2161 1848 2191 con·

65 2215 255 2262 ditionis
279 2213 506 2261 miseriam
532 2212 845 2277 agnoscamus.
914 2211 1042 2273 Qid
1065 2212 1187 2258 enim
1210 2210 1378 2274 reliqui
1411 2212 1496 2258 effe
1518 2211 1662 2274 potest
1685 2210 1732 2255 in
1756 2209 1849 2256 ser-

64 2281 261 2327 vitutem
281 2278 467 2332 deditis,
493 2278 571 2324 nisi
594 2290 642 2323 ut
664 2277 822 2324 alienae
846 2275 1048 2324 stultitiae
1068 2293 1226 2339 poenas
1245 2276 1426 2322 luamus
1451 2280 1468 2321 ἒ
1497 2282 1553 2330 &,
1569 2290 1618 2321 ut
1642 2275 1837 2321 leviores

64 2347 190 2397 fiant,
215 2362 289 2390 eas
313 2342 535 2406 patientia
555 2342 777 2388 leniamus
800 2361 809 2388 :
836 2358 920 2388 nec
941 2340 1206 2403 importune
1224 2341 1548 2388 tumultuando
1572 2341 1658 2386 iras
1680 2356 1845 2387 eorum

64 2425 385 2473 provocemus,
412 2424 609 2470 quorum
630 2423 714 2453 nec
736 2407 987 2469 imperium
1022 2404 1224 2466 rejicere,
1264 2421 1350 2451 nec
1384 2405 1650 2467 potestatem
1684 2404 1845 2450 immi-

66 2491 224 2528 nuere,
268 2490 353 2520 nec
374 2473 470 2520 vim
493 2477 543 2520 ὅῑ
565 2472 887 2533 impotentiam
927 2471 1127 2535 effugere
1149 2472 1378 2534 poffumus
1417 2474 1435 2516 ?
1469 2471 1566 2516 Lex
1588 2480 1740 2516 autem
1763 2468 1847 2516 illa

65 2539 215 2602 Regia
237 2539 310 2584 cui
335 2552 382 2585 tu
407 2548 644 2600 tantopere
665 2553 712 2583 es
735 2535 969 2590 inimicus,
1007 2550 1099 2582 non
1123 2537 1184 2581 est
1205 2535 1254 2582 in
1277 2535 1605 2597 Tyr-annorum
1628 2533 1846 2597 gratiam,

16 2663 20 2666 ᾖ
69 2616 119 2650 ut
141 2617 190 2650 tu
212 2603 360 2649 videri
381 2603 469 2658 vis,
495 2603 713 2657 confi‹5ta;
737 2600 914 2665 quippe
937 2599 1348 2663 quaeaJustiniano
1370 2598 1583 2660 Principe
1611 2598 1848 2659 justissimo

68 2669 121 2714 sit
142 2668 442 2730 comprobata
477 2685 489 2713 :
523 2667 646 2729 apud
676 2682 815 2729 quem
849 2665 1052 2712 adulatio
1083 2678 1177 2711 tam
1200 2676 1357 2728 aperta
1386 2665 1543 2710 locum
1578 2679 1674 2710 non
1697 2661 1852 2722 fuiffet

68 2732 281 2780 habitura
304 2749 316 2777 ε
354 2749 460 2779 nam
491 2730 539 2777 in
562 2731 773 2794 Principe
796 2731 959 2777 stolido
980 2729 1103 2777 valet
1121 2729 1240 2777 illud
1264 2748 1278 2785 3

325 2797 484 2857 Palstcs
499 2797 798 2859 honorjuvat,
824 2795 880 2843 {3⁵
901 2800 1080 2841 mendax
1100 2799 1287 2858 infamia
1307 2807 1435 2841 terret
1459 2813 1475 2850 3

323 2864 472 2924 Qem,
496 2863 578 2925 nisi
593 2861 816 2918 mendosum
837 2857 893 2908 ⁴&
909 2861 1137 2906 mendacem
1160 2863 1187 2904 Ρ
1368 2879 1370 2881 ’

132 2930 217 2981 LI.
247 2929 305 2976 B.
337 2926 444 2974 Fuit
470 2926 658 2990 quidem
701 2924 996 2987 JustinianuS,
1042 2935 1092 2969 ut
1113 2923 1366 2986 praedicant
1388 2921 1599 2985 historiae,
1623 2921 1695 2969 vir
1717 2938 1849 2985 mag-

68 3011 154 3041 nus
179 3013 191 3040 :
223 2994 301 3039 etsi
340 2990 532 3055 quidam
566 2991 616 3038 in
641 2989 921 3037 Belissarium
964 2988 1091 3035 fuiss‘e
1113 2988 1359 3042 crudeliter
1381 2986 1616 3050 ingratum
1640 3001 1843 3034 narrent.
1917 3006 1922 3012 ’

67 3055 161 3105 Sed
181 3056 318 3104 fuerit
338 3057 418 3103 ille
439 3056 624 3121 qualem
647 3065 697 3101 tu
719 3071 824 3102 eum
848 3053 975 3100 fuisse
998 3052 1243 3108 existimas,
1265 3051 1516 3100 meminisse
1538 3065 1692 3099 tamen
1715 3064 1847 3114 potes

65 3123 125 3169 ab
146 3121 269 3168 illius
293 3120 438 3169 aetatis
463 3122 557 3167 fere
580 3120 835 3182 aequalibus
859 3118 1079 3165 traditum
1102 3117 1445 3165 Tribonianum
1466 3117 1753 3180 praecipuum
1775 3115 1849 3161 in-

69 3199 139 3232 ter
162 3185 347 3232 illarum
367 3186 528 3249 legum
557 3185 721 3232 latores
745 3183 980 3232 hominem
1003 3183 1132 3249 fuiffe
1151 3184 1295 3247 longe
1317 3181 1636 3245 nequissimum
1662 3199 1674 3228 ε
1709 3185 1750 3227 &
1765 3176 1850 3240 qui

69 3248 205 3296 facile
227 3249 440 3312 poruiss'et
463 3247 631 3296 adduci
667 3260 718 3296 ut
738 3247 945 3311 Principi
961 3262 1149 3312 quoque
1170 3248 1356 3311 pessimo
1376 3245 1723 3312 gratificaretur.
1760 3241 1851 3290 Sed

72 3314 297 3378 necboni
321 3314 558 3377 Principes
581 3312 639 3360 ab
659 3313 750 3360 hoc
769 3311 1046 3360 adulationis
1067 3329 1234 3377 genere
1256 3313 1521 3371 abhorrent.
1589 3311 1736 3365 Nam,

526 3378 581 3428 δ’
602 3383 675 3442 qui
701 3378 844 3426 nolunt
864 3381 1043 3425 occidere
1062 3396 1306 3442 quenquam,

277 3449 281 3461 '
322 3446 436 3506 Pcffi
461 3443 612 3491 volunt
637 3461 649 3489 :
932 3447 984 3492 δί

329 3507 569 3555 ——nilsil
587 3510 642 3570 ‚est
663 3513 774 3572 quod
788 3511 948 3557 credere
967 3511 1016 3556 de
1024 3506 1074 3568 st’
1373 3566 1382 3571 δ

81 3622 84 3627 ,
107 3631 113 3635 ¹
333 3574 432 3620 Non
444 3574 581 3636 pfft,
604 3591 693 3618 cum
716 3574 920 3622 laudatur
947 3576 1032 3621 diis
1052 3592 1175 3638 aequa
1188 3575 1383 3638 potestas.

78 3635 168 3686 Sed
185 3635 429 3687 redeamus
448 3639 506 3688 ad
522 3638 693 3712 nostro}
714 3639 968 3701 Principes,
991 3639 1050 3685 ad
1065 3656 1181 3702 quos
1205 3653 1257 3690 tu
1278 3638 1342 3687 ais
1364 3633 1634 3686 haereditare
1652 3647 1746 3684 non
1769 3629 1856 3742 {uf-

62 3730 65 3733 ·
857 3704 903 3754 Z
934 3719 961 3751 z
992 3720 1019 3752 z
1052 3719 1081 3751 z
1793 3710 1874 3752 1³⁴,
