2091 3796
229 165 351 236 150
533 151 893 220 RERUM
985 152 1672 224 ScorchRvM

222 256 264 303 δε
286 250 588 301 familiaribus
610 254 706 314 ejus
723 255 784 315 est
807 253 1023 300 dimissus,
1091 251 1242 315 Igitur
1261 254 1450 303 domum
1480 258 1681 305 reversus
1702 258 1869 308 irarum
1891 263 1991 326 ple..

218 336 303 368 nus
322 321 379 368 ad
403 320 593 374 matrem
615 319 849 381 querelam
867 317 1049 364 detulit.
1084 318 1169 363 Illa
1188 328 1365 381 tantum
1383 321 1604 377 abfuit‚ut
1623 339 1797 382 aeqrum
1815 326 2001 374 adoles-

218 385 364 434 centis
388 385 592 433 animum
615 382 872 430 commodis
893 379 1176 429 sermonibus
1200 383 1397 438 mollire,
1422 390 1462 430 &
1486 387 1542 432 ad
1565 378 1830 450 aequitatem
1854 393 1992 437 redu-

217 451 391 499 cere‘fit
411 450 630 516 aggi-effa,
649 459 699 494 ut
719 446 857 494 etiam
881 446 938 492 ad
956 444 1256 508 parricidium
1270 463 1414 511 prope
1436 450 1657 499 conviciis
1680 465 1823 502 mater
1846 455 1993 503 filium

214 515 422 564 adversus
445 515 573 562 suum
594 524 771 576 patrem
787 510 911 573 illius
933 518 1069 556 avum
1092 512 1349 559 armaverit.
1381 514 1532 577 Igitur
1552 528 1642 562 non
1663 518 1777 565 adeo
1795 518 1875 565 diu
1893 522 1992 582 post

214 577 554 630 Crathilinthus
584 594 689 624 cum
719 588 890 624 armata
910 575 1152 623 hominum
1174 576 1488 633 multitudine,
1525 595 1640 642 quos
1664 582 1718 627 ad
1740 581 1790 628 id
1815 583 1993 632 facinus

213 646 499 711 opportunos
519 642 754 700 credebat,
777 642 915 688 noc'tu
935 640 985 687 in
1008 642 1258 705 Angustam
1278 642 1336 687 ad
1358 641 1430 688 avi
1444 658 1592 690 arcem
1609 645 1749 692 venit.
1789 648 1812 693 I
1818 647 1864 693 bi
1885 664 1993 697 cum

212 709 484 776 'paucis‘fine
514 706 759 770 suspitione
779 718 987 769 receptus
1010 706 1210 771 reliquos
1229 705 1419 753 comites
1452 725 1477 754 e
1507 707 1593 754 suis
1618 710 1803 758 latebris
1825 724 1991 761 evoca-

210 786 283 824 tos
301 772 584 822 intromittit.
648 771 810 833 Nepos
834 787 968 818 avum
993 769 1142 818 senem
1166 775 1271 818 'cum
1294 771 1422 818 omni
1445 771 1622 820 familia
1644 773 1843 822 trucidat
1869 795 1880 825 ε
1904 788 1991 826 nec

205 847 363 888 ‘arcem
396 836 559 893 mndo,
592 836 667 883 sed
688 835 879 883 'vicinos
909 835 1046 883 etiam
1070 853 1202 900 agros
1225 836 1531 899 depopulatus
1553 850 1773 903 tanquam
1802 858 1852 887 re
1867 842 1992 891 ‘ben’e

205 906 332 970 ‘gesta
353 911 459 952 cum
488 897 667 966 inge‘n’ti
688 900 844 961 praeda
863 900 912 946 in
934 894 1165 947 Merniam
1189 897 1319 946 laetus
1342 901 1494 947 rediit.
1548 904 1651 950 Nec
1675 905 1751 952 diu
1771 920 1872 952 eam
1895 908 1990 955 ela-

204 971 317 1026 dem
340 966 593 1031 Angufiani
613 964 807 1010 inultam
836 964 944 1027 paffi
969 964 1088 1010 sunt.
1159 965 1283 1011 Nam
1309 965 1435 1009 brevi
1468 982 1636 1029 magno
1665 968 1751 1014 suae
1778 969 1990 1018 factionis

208 1026 450 1081 hominum
473 1044 664 1078 numero
686 1029 845 1075 coacto
862 1028 1170 1091 multiplicem
1192 1027 1240 1074 in
1265 1028 1556 1077 Merniorum
1593 1032 1713 1095 agris
1734 1033 1989 1083 vastitatem

206 1099 522 1149 reddiderunt.

272 1163 474 1211 XXXV.
508 1149 585 1209 Ab
607 1177 662 1208 eo
685 1156 893 1225 tempore
925 1175 1030 1208 cum
1056 1160 1192 1213 ultr0,
1215 1159 1423 1221 citroque
1445 1161 1610 1215 caedes,
1635 1159 1688 1211 ὅτ
1710 1163 1883 1225 rapinae
1904 1180 1987 1228 per

203 1230 460 1278 occasiones
479 1227 653 1280 fierent,
676 1225 946 1273 Kennethus
965 1242 1013 1272 re
1030 1223 1204 1281 audita,
1229 1241 1285 1270 ne
1303 1225 1511 1287 pluribus
1535 1227 1592 1272 ad
1610 1226 1829 1274 factiones
1843 1230 1885 1275 se
1903 1235 1986 1294 ag'-

205 1292 503 1359 gregantibus
525 1291 670 1353 major
692 1290 858 1352 aliquis
878 1304 1029 1338 motus
1049 1289 1270 1342 existeret,
1299 1287 1528 1352 utriusque
1552 1290 1690 1353 partis
1714 1291 1850 1340 duces
1872 1296 1987 1340 Sco-

205 1370 312 1407 ‘nam
336 1359 386 1405 in
402 1358 476 1420 jus
499 1357 681 1404 decimo
702 1355 867 1418 quinto
890 1355 966 1403 die
988 1355 1131 1402 adeffe
1148 1354 1297 1416 jubet.
1379 1354 1518 1401 Pauci
1549 1367 1702 1403 tamen
1723 1356 1982 1405 severissimi

205 1423 343 1472 edicti
364 1420 499 1469 minis
521 1422 715 1485 permoti
741 1421 799 1466 ad
817 1420 941 1468 diem
964 1436 1228 1484 apparuere.
1285 1419 1442 1466 Plures
1464 1420 1634 1467 conscii
1647 1420 1761 1484 quid
1780 1427 1984 1470 comme-

203 1488 441 1548 riti‘efl'ent
463 1484 778 1534 Crathilintho
797 1487 996 1540 auctore,
1019 1487 1114 1547 quo
1137 1485 1307 1547 cuique
1328 1486 1628 1532 commodum
1646 1497 1759 1545 erat,
1783 1487 1987 1551 diffuge-

203 1564 326 1601 runt.
392 1550 497 1601 Rex
518 1549 732 1614 diligenti
752 1550 1083 1614 conqui‘fitione
1115 1550 1232 1596 facta
1255 1549 1515 1604 noxiorum,
1541 1550 1654 1597 alios
1681 1550 1809 1607 alibi,
1831 1552 1982 1599 maxi-

204 1635 328 1664 mam
351 1628 460 1665 vero
494 1628 670 1679 partem
702 1631 860 1662 eorum
894 1614 1197 1679 deprehendit
1230 1613 1282 1660 'in
1320 1615 1479 1664 Abria.
1549 1614 1904 1672 Crathilinthu5‚
1928 1620 1982 1668 δε

202 1678 455 1730 fafflonum
475 1679 706 1747 principes
729 1693 893 1735 morte,
917 1680 1084 1743 reliqui
1102 1678 1349 1726 levioribus
1373 1680 1522 1742 poenis
1537 1691 1628 1743 pro
1659 1679 1819 1727 delieti.
1838 1682 1980 1730 modo

187 1746 445 1812 ¹castigati:
497 1745 708 1792 nonnulli
742 1745 823 1807 qui
859 1745 1088 1792 laeviffime
1119 1755 1335 1797 errarant,
1376 1744 1567 1791 omnino
1596 1761 1735 1808 poena
1755 1748 1977 1811 exempti.

202 1813 311 1859 Hoc
349 1822 761 1873 temperamentum
792 1810 914 1873 apud
950 1811 1092 1856 malos
1125 1821 1318 1861 metum,
1355 1810 1477 1872 apud
1511 1821 1698 1856 caeteros
1740 1809 1978 1874 ingentem
2055 1839 2061 1846 ·

200 1876 321 1941 Regi
344 1882 546 1924 amorem
570 1871 834 1922 conciliavit
858 1893 869 1921 ε
903 1891 1155 1939 pacemque
1179 1873 1221 1920 ei
1251 1874 1309 1920 ad
1330 1873 1602 1938 vigesimum
1625 1876 1819 1922 alterum
1839 1876 1985 1939 usque

196 1956 330 2006 regni
350 1956 521 1989 annum
538 1940 732 2004 peperit.

263 2004 490 2055 XXXVI.
529 2004 670 2070 Qod
698 2005 729 2051 fi
748 2005 795 2053 in
819 2006 948 2053 cursu
977 2005 1086 2052 vitae
1107 2004 1324 2051 inchoato
1345 2003 1583 2057 institisset,
1616 2003 1737 2052 inter
1771 2006 1979 2079 optimos

198 2071 429 2145 principes
448 2070 556 2132 'jure
579 2069 744 2116 censeri
769 2069 999 2134 potuisset.
1069 2068 1187 2117 Belli
1210 2069 1353 2123 enim,
1376 2073 1427 2119 &
1447 2068 1572 2132 pacis
1596 2085 1786 2117 munera
1807 2083 1870 2117 ita
1889 2073 1973 2118 ob·
2044 2100 2046 2103 -
2075 2084 2080 2089 ’

196 2149 328 2192 ierat,
352 2149 401 2183 ut
424 2133 727 2188 fortitudiniS,
762 2130 1043 2192 constantiae,
1081 2138 1128 2184 ἃς
1151 2133 1379 2197 aequitatis
1404 2133 1653 2180 maximam
1676 2133 1757 2181 fibi
1789 2135 1977 2184 laudeni

197 2202 489 2264 compararit.
560 2199 659 2263 >Sed
695 2199 934 2263 superioris
968 2200 1076 2247 vitae
1107 2198 1556 2246 commendationem
1595 2197 1797 2246 facinore
1832 2200 1973 2264 longe

183 2263 845 2313 ‘scelestiffimo'contaminavit
870 2285 880 2311 :
914 2265 1040 2329 quod
1058 2279 1113 2312 eo
1133 2263 1300 2310 foedius
1335 2263 1548 2309 omnibus
1566 2263 1626 2308 est
1643 2262 1803 2318 visum,
1824 2282 1972 2327 quan-

196 2342 246 2377 to
265 2329 598 2385 incredibilius,
619 2345 670 2375 ac
692 2328 842 2376 minus
864 2332 1153 2392 expectatum
1177 2328 1234 2375 ab
1255 2329 1352 2390 ejus
1372 2326 1748 2393 ingenio'fuerat,
1772 2329 1853 2392 qui
1875 2343 1969 2377 tam

194 2395 345 2443 sev‘ere
363 2396 497 2442 antea
514 2394 566 2441 in
585 2393 858 2441 facinorosos
882 2392 1282 2442 animadvertisset.
1371 2393 1480 2453 Ejus
1515 2403 1667 2439 autem
1691 2394 1840 2456 culpae
1872 2395 1976 2442 haee'

184 2454 497 2520 'fuitoccafia
583 2459 686 2505 Rex
701 2459 796 2520 jam
821 2471 954 2506 aetate
978 2457 1195 2523 grandior
1217 2456 1802 2505 Milcolumbum'habebat
1823 2458 1971 2507 filium

191 2523 350 2572 indole
372 2525 562 2587 quidem
584 2525 816 2587 praeclara,
852 2524 926 2571 sed
949 2525 979 2570 si
1002 2523 1115 2588 quid
1135 2523 1218 2585 ipsi
1249 2522 1512 2569 humanitus
1547 2519 1793 2577 accidiss'et,
1816 2523 1873 2569 ad
1897 2534 1969 2570 re-

191 2589 397 2653 gendum
421 2601 512 2636 tam
531 2588 730 2634 ferocem
754 2590 983 2651 populum
1005 2600 1137 2634 aetate
1159 2587 1310 2634 adhuc
1330 2586 1645 2634 immaturum.
1690 2587 1848 2633 ‘Etiam
1873 2590 1968 2650 qu'o

191 2654 344 2701 minus
367 2655 464 2716 post
481 2664 721 2716 parentem
744 2652 956 2716 proxime
975 2664 1200 2717 regnaret,
1227 2652 1432 2698 obstabat
1454 2666 1552 2697 mos
1572 2648 1821 2712 majorum,
1839 2652 1921 2713 qui
1939 2653 1966 2700 ὲ

191 2717 465 2783 propinquis
484 2716 672 2781 'Regum
695 2717 1015 2766 defunctorum
1046 2735 1138 2780 non
1159 2717 1419 2779 proximos,
1435 2716 1512 2762 sed
1536 2716 1735 2763 maxime
1754 2716 1966 2773 idoneos,

192 2784 334 2830 modo
367 2776 628 2847 a³Fergufio
663 2781 813 2845 primo
842 2784 1083 2830 Scotorum
1106 2783 1236 2845 Rege
1258 2780 1396 2828 effent
1425 2778 1625 2833 oriundi,
1648 2780 1823 2845 eligere
1856 2795 1967 2827 con-

185 2847 444 2894 sueverant.
493 2846 868 2894 Obstabatetiam
891 2846 1148 2894 nobilitatis
1171 2846 1300 2893 favor
1321 2861 1431 2910 erga
1451 2843 1814 2891 Milcolu-mbum
1828 2845 1979 2894 ‘Duffis

183 2904 335 2974 'Regis
359 2911 523 2967 filium,
547 2909 627 2976 qui
645 2922 742 2959 tum
767 2911 902 2960 facile
921 2912 973 2958 in
994 2909 1124 2958 omni
1141 2927 1307 2974 genere
1324 2909 1472 2957 laudis
1497 2908 1688 2955 Scoticae
1704 2908 1964 2970 juventutis

175 2975 533 3039 'princeps'erat
569 2976 841 3023 Accedebat
853 2976 909 3023 ad
922 2976 1038 3030 haec,
1058 2976 1182 3037 'quod
1200 2973 1437 3021 Cumbriae
1455 2985 1553 3019 tum
1572 2972 1812 3036 praefectus
1827 2987 1926 3020 ‘erat
1949 2993 1962 3022 ε

190 3049 329 3102 quam
354 3040 587 3104 'regionem
613 3041 738 3087 Scoti
773 3039 995 3087 beneficio
1026 3041 1209 3103 Regum
1234 3039 1498 3101 Anglorum
1535 3037 1600 3083 ita
1636 3037 1872 3093 tenebant,
1910 3051 1970 3086 ut·

190 3102 719 3166 Cumbriaejpraefet‘tura
734 3106 862 3152 velut
879 3121 1015 3152 omen
1035 3103 1168 3169 regni
1186 3101 1307 3158 estet,
1328 3115 1464 3165 atque
1485 3101 1660 3166 itajam
1683 3119 1767 3166 per
1785 3102 1978 3167 aliquot·

186 3167 648 3228 ae'ta‘tes‘obsenvatum
671 3181 781 3216 erat.
2047 3189 2050 3191 ·

243 3222 502 3295 ‘XX-XVII.
523 3225 842 3297 “Huncigitur
859 3232 1223 3280 Milcolumbum
1246 3232 1308 3278 ob
1328 3231 1426 3286 hae,
1451 3247 1564 3294 quas
1584 3228 1786 3279 diximus
1811 3230 1962 3278 causas
2023 3241 2030 3246 “
2056 3268 2058 3276 ,

184 3295 506 3357 videbat'spei,
530 3312 582 3342 ac
603 3309 712 3343 voto
738 3296 820 3344 suo
854 3297 1061 3344 futurum
1082 3295 1418 3359 impedimento
1443 3313 1455 3341 z
1496 3299 1544 3344 ὅτ
1567 3294 1788 3357 quoniam
1809 3295 1969 3356 palam?

183 3366 287 3409 n‘on
304 3360 518 3414 audebat,
538 3362 721 3406 'veneno
743 3360 1001 3408 tollendum
1021 3360 1213 3407 curavit.
1249 3360 1467 3407 Extincto
1486 3373 1590 3405 cum
1613 3357 1822 3406 omnium
1840 3357 1963 3404 sum·

182 3437 263 3471 mo
281 3425 440 3471 dol'or'e
456 3424 626 3486 juvene
648 3424 862 3489 optimo„
879 3428 927 3473 &
946 3427 1044 3487 jam
1069 3424 1254 3471 summae
1285 3423 1380 3486 spei
1400 3423 1692 3496 propinquo,z
1707 3423 1832 3484 figna
1855 3421 1965 3495 qui-

184 3488 292 3535 dem
324 3504 494 3535 veneni
515 3487 562 3533 in
601 3502 793 3551 corpore
826 3500 1167 3550 apparuerunt:
1223 3488 1342 3535 nulli
1364 3500 1518 3534 tamen
1537 3495 1587 3534 1'n
1610 3498 1811 3533 mentem
1831 3497 1969 3533 vemt
2031 3476 2085 3537 sy,

182 3552 433 3613 quicquam
463 3552 522 3614 *de
545 3553 675 3615 Rege
697 3551 947 3615 suspicari·
990 3554 1095 3600 Nec
1130 3550 1392 3599 Re'xetiam
1421 3550 1674 3612 quicquam
1695 3549 1973 3617 omittebat„

182 3617 309 3677 quod
328 3616 390 3664 ad
411 3613 703 3679 suspitionem
721 3616 1012 3665 avertendam
1037 3616 1186 3664 facere
1196 3615 1359 3681 pdffet.
1407 3614 1540 3662 >Nam
1559 3613 1601 3662 ’δι
1621 3614 1854 3663 mortuum
1877 3613 1959 3659 fle-

1905 3675 1916 3684 .
2063 3664 2083 3682 μ

1871 3692 1918 3724 VJ
1924 3687 1978 3734 ¹292·
2030 3736 2041 3745 ἱ
2047 3716 2050 3724 ,
2056 3684 2091 3748 'jd
