1992 3801
129 130 260 214 236
442 133 803 209 RERUM
894 131 1594 200 SCOTicARttM
1854 202 1858 206 ,

127 228 392 291 excogitato
403 229 562 294 ‘primo
580 230 763 294 vespere
783 229 832 276 in
854 228 1084 277 naviculas
1109 228 1338 292 impolito,
1374 229 1531 294 sopitis
1562 228 1786 293 vigilibus
1809 231 1912 296 plri-

131 294 259 339 ribus
277 293 410 344 'simul
432 294 545 342 locis
565 312 672 342 eum
700 294 947 357 perforant.
1015 296 1154 356 Aqua
1174 310 1283 340 vero
1304 307 1462 351 tenues
1485 293 1666 357 aliquot
1683 296 1813 342 nacla
1833 313 1914 345 ex·

131 356 225 403 ims
250 356 378 405 brevi
397 358 584 406 latiores
602 358 685 405 fibi
709 358 801 420 ipsa
830 356 1048 419 patefecit
1070 370 1261 412 meatus,
1286 374 1338 404 ac
1367 371 1493 406 tanta
1520 359 1567 406 vi
1592 359 1775 405 tandem
1812 376 1914 408 eru-

133 419 224 488 pit.
250 433 298 480 ut
315 420 540 486 quicquid
560 434 656 471 erat
672 422 863 468 obvium
880 420 1125 469 devolvens
1144 423 1280 485 plana
1293 422 1449 469 omnia
1464 422 1637 469 circum
1656 421 1914 480 inundaret,

133 501 192 533 ac
230 485 440 542 tentoria,
473 484 679 549 casasque
701 491 742 532 δε
763 486 1015 549 plaerosque
1047 485 1255 535 homines
1288 484 1591 541 semisomneS,
1627 503 1678 533 ac
1707 486 1916 548 jumenta

135 566 308 613 magno
331 566 437 600 cum
467 551 648 614 fragore
669 550 816 596 secum
838 550 887 596 in
910 566 1033 596 mare
1055 551 1266 598 deferret.
1329 550 1433 611 *Qui
1461 550 1509 596 in
1540 551 1763 598 naviculis
1789 564 1931 609 erant.

133 611 309 679 egressi,
327 619 365 661 δε
389 631 493 662 cum
507 614 682 679 ingenti
705 615 904 663 clamore
921 610 968 661 in
991 615 1209 663 attonitos
1223 614 1442 663 irruentes
1460 613 1568 661 huic
1583 615 1801 662 tumultui
1823 629 1916 666 tam

133 678 378 740 inopinato
399 679 539 741 alium
564 679 827 741 adjecerunt
848 698 858 725 :
885 680 1122 744 tantusque
1144 694 1285 742 pavor
1307 678 1446 742 caepit
1467 677 1713 735 universos,
1740 691 1789 726 ut
1810 681 1917 727 nul-

133 742 242 796 lius,
266 742 346 789 nisi
366 741 516 793 salutis
540 760 764 794 memores
785 743 917 791 rebus
940 743 1026 791 suis
1048 744 1163 791 hosti
1184 742 1368 799 relictis,
1392 760 1483 806 qua
1503 742 1694 806 quisque
1716 755 1910 806 poterat,

117 807 183 854 in
207 806 362 870 fugam
385 808 427 855 se
450 807 743 869 conjecerint.
776 809 950 856 Alanus
968 826 1049 872 per
1067 809 1220 857 ocium
1243 825 1334 855 non
1352 808 1496 871 spolia
1517 808 1674 863 modo,
1696 807 1770 854 sed
1787 824 1914 856 com-

132 882 310 919 meatus
331 874 389 919 ad
410 873 595 935 longam
617 873 900 921 obsidionem
932 887 1110 934 paratos
1133 873 1157 920 ὲ
1179 873 1328 919 castris
1349 872 1397 918 in
1419 872 1914 934 arcem‘comportavin
1946 888 1950 892 ·

129 937 295 983 Altera
313 935 450 983 etiam
467 936 706 998 eruptione
727 953 831 986 cum
849 936 1153 999 praefidiariis‚
1175 937 1257 998 qui
1274 935 1509 982 Kinroffiae
1531 947 1675 989 erant,
1696 937 1823 998 aeque
1849 937 1937 988 fes

129 999 281 1047 liciter
295 1012 535 1047 certatum.
601 1000 864 1048 Praefidium
887 999 1090 1063 captum,
1114 1016 1167 1048 ac
1188 1001 1409 1053 dirutum,
1430 998 1605 1046 obsidio
1620 999 1786 1047 soluta.
1936 1011 1940 1014 ·

109 1063 111 1065 ’
199 1065 331 1112 XIX.
366 1065 542 1112 Eodem
578 1064 671 1112 fere
707 1077 931 1128 tempore,
965 1081 1059 1128 quo
1092 1065 1192 1112 haec
1219 1064 1268 1111 in
1303 1062 1406 1111 Fifa
1434 1063 1728 1127 gerebantur,
1765 1065 1912 1129 Angli

132 1129 313 1191 magnis
329 1128 623 1186 terrestribus,
641 1128 967 1192 navalibusque
983 1129 1129 1193 copiis
1149 1127 1604 1176 Scotiarnintrarunt.
1637 1129 1792 1177 Naves
1807 1145 1913 1177 cum

132 1193 350 1240 Fortham
373 1193 573 1243 subirent
593 1196 663 1257 (ι)
691 1195 904 1258 praetoria
921 1194 1182 1257 tempestate
1213 1193 1270 1240 ad
1293 1193 1503 1256 scopulos
1523 1192 1702 1249 afflicta,
1721 1194 1910 1257 reliquis

130 1258 427 1305 vehementer
458 1259 635 1307 vexatis
672 1259 845 1321 majore
884 1274 987 1306 cum
1012 1263 1181 1305 damno
1202 1257 1343 1321 quam
1366 1256 1520 1320 praeda
1541 1257 1736 1315 domum
1758 1258 1910 1306 redie-

131 1335 255 1369 runt.
306 1323 559 1371 Terrestres
575 1323 721 1387 copiae
741 1323 986 1371 Glascuam
1005 1323 1143 1385 usque
1165 1334 1477 1386 penetrarunt.
1524 1319 1598 1369 Ibi
1622 1322 1804 1386 Anglus
1828 1323 1911 1370 ha·

130 1385 232 1432 bito
255 1400 483 1440 conventu
506 1404 748 1452 procerum
771 1387 859 1433 suae
891 1387 1099 1435 factionis
1123 1404 1229 1435 cum
1250 1385 1531 1450 intelligeret
1552 1386 1731 1432 nullum
1753 1383 1910 1451 ¹neque

129 1450 315 1507 ducem,
337 1469 485 1515 neque
507 1452 756 1506 exercitum
783 1452 1065 1506 adversarum
1080 1452 1280 1515 partium
1295 1450 1533 1514 supereffe,
1552 1466 1637 1496 nec
1653 1450 1774 1497 suam
1794 1469 1910 1515 prae-

129 1514 322 1564 sentiam
361 1518 561 1579 amplius
596 1516 692 1563 fore
715 1518 1024 1573 necessariam,
1056 1516 1150 1580 ipse
1185 1516 1398 1570 Balliolo‚
1440 1515 1568 1576 cujus
1603 1513 1794 1579 ingenio
1816 1532 1910 1565 non

128 1581 328 1627 inultum
351 1581 518 1629 fidebat
547 1582 697 1629 secum
722 1583 875 1637 duno,
901 1582 1083 1629 Davide
1106 1579 1327 1632 Cuminio
1357 1578 1560 1627 Atholiae
1586 1578 1790 1636 Comite,
1826 1581 1907 1645 qui

128 1644 195 1692 rei
220 1646 412 1692 Scoticae
435 1647 652 1709 praeess'et,
687 1646 846 1693 relicto
869 1648 915 1693 in
942 1646 1158 1709 Angliam
1194 1644 1324 1692 abiit.
1393 1646 1436 1695 Is
1467 1643 1670 1707 primum
1698 1644 1908 1694 omnium

131 1711 420 1756 Stuartorum
449 1711 622 1773 praedia
656 1711 796 1774 longe
823 1710 1110 1774 ampliffitna,
1145 1723 1192 1757 ut
1218 1726 1322 1772 quae
1356 1710 1538 1764 Botam,
1575 1708 1814 1764 Araniam,
1864 1715 1906 1759 δι

129 1774 419 1821 Renfroanos
456 1791 608 1840 agros,
632 1775 893 1838 bonamque
919 1767 1094 1830 'Coilz'e,
1130 1780 1170 1821 ἃ
1187 1772 1478 1836 Cunigamiae
1501 1785 1675 1835 partem
1700 1773 1907 1822 contine-

130 1838 260 1893 bant,
277 1839 488 1902 occupat.
557 1841 683 1887 Botae
707 1841 970 1903 praefecmm
986 1839 1302 1900 juridicundo,
1323 1854 1462 1902 quem
1483 1836 1562 1883 alii
1586 1837 1800 1893 Serffum,
1827 1838 1906 1886 alii

129 1902 473 1950 Vicecomitem
496 1916 682 1961 vocant,
708 1905 907 1952 Alanum
932 1898 1104 1952 Liliuxn
1129 1904 1368 1952 confirmat
1393 1919 1403 1949 ε
1439 1900 1602 1948 vicinis
1625 1900 1764 1948 etiam
1785 1905 1908 1966 regi·
1934 1904 1959 1913 '‘

127 1966 297 2014 onibus
320 1967 361 2014 ei
380 1984 537 2032 parere
553 1968 693 2030 justis,
759 1970 860 2032 Ipse
882 1969 928 2016 in
946 1968 1170 2015 diversam
1200 1966 1332 2031 regni
1365 1980 1540 2029 partem
1565 1965 1795 2028 profectus
1814 1968 1906 2014 Bu·
1949 2019 1952 2023 ,

128 2030 359 2088 chaniam,
392 2037 442 2082 δε
461 2033 721 2086 Moraviam
740 2033 827 2080 suae
848 2032 1034 2080 ditionis
1056 2032 1164 2084 facit
1190 2052 1200 2080 ε
1231 2038 1270 2079 &
1303 2046 1565 2093 quanquam
1589 2029 1719 2092 supra
1739 2030 1907 2094 privati

125 2095 332 2143 hominis
353 2097 540 2148 modum
560 2097 655 2144 suas
678 2114 788 2160 opes
812 2098 1015 2153 auxisset,
1053 2111 1203 2144 tamen
1231 2097 1486 2159 diplomata
1506 2095 1680 2150 omnia,
1717 2100 1757 2142 &
1779 2112 1905 2158 quae-

125 2175 312 2223 cunque
330 2162 513 2225 publice
532 2162 795 2219 mandabat,
821 2164 1009 2214 nomine
1031 2162 1261 2224 utriusque
1284 2159 1426 2224 Regis
1447 2158 1649 2206 Eduardi
1673 2161 1835 2223 Angli,
1861 2166 1903 2208 &

125 2224 313 2274 Ballioli
334 2226 621 2274 conficiebat.
689 2229 757 2274 Ea
774 2228 1035 2290 tempestate
1057 2242 1322 2289 quanquam
1344 2239 1480 2271 nemo
1501 2222 1550 2270 in
1570 2223 1722 2270 Scotia
1743 2238 1908 2287 praeter

124 2305 291 2350 pueros
326 2291 534 2338 ludentes
562 2291 781 2339 Bruffium
802 2294 980 2360 Regem
1010 2292 1214 2354 profiteri
1243 2290 1457 2344 audebat,
1488 2294 1641 2334 tamen
1671 2289 1903 2337 Robertus
1958 2311 1961 2317 ·

128 2354 354 2409 Stuaxtus,
375 2349 457 2418 qui
475 2368 570 2402 tum
592 2356 926 2403 Britannoduni
946 2356 1117 2403 latebat
1134 2355 1311 2418 aliquid
1329 2371 1408 2417 per
1426 2351 1671 2401 absentiam
1691 2353 1904 2402 Cuminii
1948 2355 1951 2359 ’

128 2418 392 2466 audendum
414 2432 535 2469 ratus
560 2420 826 2469 Cambellos
845 2420 1070 2470 familiam
1088 2419 1136 2467 in
1159 2418 1429 2483 Argathelia
1453 2428 1688 2480 potentem
1709 2417 1775 2465 sui
1792 2433 1903 2465 con-

127 2480 216 2528 silii
239 2483 450 2535 certiores
474 2483 598 2530 facit.
640 2486 812 2536 Eorum
838 2484 1045 2550 princeps
1068 2486 1139 2546 (z)
1165 2486 1364 2531 Calenus
1388 2481 1567 2529 circiter
1588 2481 1900 2546 quadringen-

127 2544 188 2592 tis
207 2547 372 2597 coac'tis
391 2550 449 2595 ad
465 2549 803 2597 Noviodunum
823 2566 972 2597 arcem
991 2548 1194 2596 Covaliae
1214 2547 1253 2595 ei
1269 2546 1471 2594 occurrit
1494 2565 1505 2593 ;
1538 2561 1638 2592 eam
1659 2545 1803 2593 statim
1823 2562 1902 2593 oc·

128 2624 318 2673 cupant.
385 2613 462 2662 Ad
483 2630 587 2674 eum
612 2620 842 2661 rumorem
866 2613 1029 2662 Botani
1052 2613 1221 2677 exiguo
1241 2612 1354 2659 mari
1377 2610 1593 2673 dirempti
1618 2610 1902 2672 populariter

126 2675 426 2739 consurgunt,
449 2688 587 2738 atque
608 2678 665 2725 ad
692 2692 864 2726 veteres
888 2678 1098 2726 dominos
1121 2689 1387 2741 properant.·
1435 2676 1606 2722 Eorum
1631 2674 1718 2721 iter
1740 2688 1791 2722 ut
1811 2673 1901 2722 im-

125 2739 306 2801 pediret
328 2740 501 2788 Alanus
527 2742 677 2789 Lilius
711 2759 814 2790 cum
846 2743 1011 2806 quibus
1048 2741 1200 2806 potuit
1230 2742 1412 2789 armatis
1434 2737 1647 2787 occurrit.
1715 2739 1899 2803 Vulgus
1962 2764 1965 2773 v*

126 2818 297 2866 magna
317 2822 372 2854 ex
395 2822 521 2869 parte
542 2808 732 2862 inerme,
747 2814 802 2862 δι,
817 2808 941 2870 quod
962 2806 1139 2870 impetu
1163 2806 1309 2870 magis
1333 2804 1473 2868 quam
1497 2792 1687 2850 confilio
1709 2802 1896 2859 coierat,

127 2881 176 2912 re
198 2869 342 2915 subita
361 2870 653 2931 perterritum
673 2872 719 2918 in
741 2872 998 2934 proximum
1018 2873 1185 2918 collem
1207 2869 1435 2933 confugit.
1501 2867 1576 2914 lbi
1597 2883 1766 2930 magna
1782 2867 1900 2931 lapi-
1956 2879 1961 2888 ’

127 2929 238 2981 dum
263 2934 488 2983 miffilium
513 2937 646 2998 copia
679 2950 856 2999 reperta
877 2947 1071 2982 armatos
1093 2951 1150 2981 ex
1174 2947 1443 2995 contemptu
1465 2943 1635 2978 temere
1658 2930 1898 2980 subeuntes

126 2995 255 3042 velut
277 3002 500 3058 grandine
525 3002 727 3047 obruunt
753 3021 762 3047 z
798 2999 1014 3064 majorem
1047 3012 1219 3062 partem
1256 3011 1500 3060 antequam
1525 2996 1583 3042 ad
1605 3011 1764 3045 manus
1786 3012 1897 3042 ven-

129 3070 227 3104 tum
251 3064 354 3109 esset
377 3068 601 3127 affligunt,
624 3082 676 3113 ac
696 3066 1030 3117 retrocedentes
1052 3063 1298 3125 impellunt
1320 3062 1400 3118 ita,
1442 3075 1492 3107 ut
1512 3065 1624 3106 caelo
1646 3059 1770 3107 Lilio
1790 3075 1910 3126 cum⁵
1932 3074 1937 3082 “

129 3120 367 3172 sortissimo
387 3145 571 3192 quoque
595 3131 815 3176 Ioannem
837 3129 1103 3178 Gilbertum
1123 3129 1308 3175 Botanae
1323 3127 1435 3173 arcis
1455 3124 1720 3188 praefeclum
1736 3123 1907 3170 vivum.

128 3190 363 3261 (ἓψθῑῐξὶἒ,
385 3196 430 3239 ὃῑ
454 3193 632 3243 suorum
655 3194 874 3255 plurimos
900 3193 1116 3239 armarint
1133 3191 1348 3237 caesorum
1367 3191 1536 3253 spoliis.
1586 3188 1730 3256 ¹Hanc
1751 3187 1916 3235 victum

51 3271 61 3274 ·
129 3260 244 3298 narn
268 3255 665 3328 nonpincrnentam
688 3257 837 3305 secuta
857 3258 917 3304 est
938 3257 1050 3304 arcis
1073 3257 1260 3304 Botanae
1282 3255 1476 3303 deditio.

187 3381 250 3431 (1)
280 3384 376 3422 seiz.
398 3386 514 3433 navis,
542 3387 608 3427 ebe
638 3387 789 3424 admira}
811 3401 851 3425 or
886 3386 993 3424 chief
1040 3399 1116 3423 was
1133 3386 1259 3423 fister's
1277 3385 1337 3422 son
1357 3392 1395 3421 tu
1409 3381 1503 3430 king
1519 3382 1663 3419 Robert
1679 3380 1811 3427 Bruce,
1825 3382 1895 3425 and

132 3434 209 3486 stli‘p
227 3439 272 3475 uf
284 3437 348 3476 the
367 3440 466 3482 ficet.
1041 3439 1078 3476 so
1105 3439 1264 3476 himself
1284 3448 1356 3475 was
1381 3449 1466 3484 very
1494 3449 1581 3473 near
1605 3435 1644 3472 in
1670 3434 1825 3471 kindred
1853 3442 1895 3471 to
1934 3458 1937 3460 -
1976 3427 1979 3434 ¹

189 3492 249 3540 (2.)
277 3492 387 3531 Celin
408 3481 602 3543 Campbt'n
622 3491 665 3528 of
678 3491 842 3541 Lochew
860 3494 988 3541 prede-
1041 3493 1120 3529 lord
1136 3492 1292 3529 Robert.
1348 3488 1447 3526 This
1465 3489 1585 3525 man's
1604 3479 1665 3524 sori
1683 3500 1723 3524 or
1741 3486 1892 3523 brother

135 3544 244 3581 ccstbr
275 3555 313 3582 to
342 3545 407 3583 the
428 3547 502 3583 carl
531 3545 575 3583 of
594 3545 725 3593 Argyll
748 3559 756 3592 ς
789 3544 849 3581 his
867 3544 993 3582 father.
1040 3545 1143 3596 john
1161 3544 1443 3595 Campbenwas
1462 3543 1566 3580 made
1585 3540 1659 3578 ear-l
1678 3539 1874 3600 oanthol.

1792 3613 1915 3709 XX!
1948 3577 1992 3710 ‚l
