1992 3801
145 141 277 216 278
452 142 808 213 RERUM
897 139 1585 214 Scor-reanum

140 242 225 307 qui
247 238 395 303 praefit
414 238 487 286 vir
506 240 719 305 singulari
743 239 1000 304 prudentia,
1023 246 1064 288 &
1081 232 1382 291 auctoritate:
1407 243 1451 291 ei
1472 245 1638 292 dantur
1658 228 1902 300 minimum

142 303 390 354 duodecim
408 305 641 361 affeffores,
661 305 742 368 qui
757 303 948 353 crimina
968 303 1146 364 objecta
1166 306 1368 362 audiant,
1388 314 1429 355 δε
1449 308 1589 370 jurati
1611 308 1668 355 de
1687 325 1766 357 reo
1795 327 1903 373 pro-

140 368 378 418 nuncient.
445 368 514 416 Hi
535 369 628 416 fere.
645 368 844 429 ejusdem
864 383 970 414 curn
990 384 1069 415 reo
1089 369 1191 416 sunt
1210 369 1404 426 ordinis,
1415 384 1495 418 aut
1514 372 1730 435 proximi,
1753 376 1913 436 quoadf

144 433 244 483 fieri
261 434 417 498 potest.
450 434 551 479 Reo
568 433 780 493 judicum
798 430 982 493 rejectio
999 433 1149 487 datur,
1171 432 1251 480 ubi
1263 433 1406 495 justus
1428 452 1659 491 numerus,
1678 435 1727 483 id
1745 439 1805 484 est
1823 438 1909 486 du-

142 497 388 546 odenarius
411 498 471 544 est
491 496 741 549 confectus,
774 508 853 543 aut
875 507 926 542 ut
947 497 998 542 fit
1018 497 1288 560 plurimum,
1320 514 1376 545 eo
1395 498 1556 560 major,
1592 501 1796 564 expensis
1819 501 1909 549 cri-

77 607 82 611 .
143 561 364 617 minibu5‚
386 561 512 622 quod
533 560 685 623 plures
710 559 980 622 judicarint,
1004 560 1048 608 ei
1066 560 1296 609 sententiae
1322 563 1472 610 statur.
1533 562 1643 620 Hoc
1661 580 1787 612 more
1810 576 1910 621 tum

142 623 317 674 selectis
329 623 581 686 judicibus,
594 640 790 691 quorum
810 641 902 672 non
919 626 980 672 est
993 642 1144 690 operae
1156 627 1375 688 praecium
1394 626 1582 675 nomina
1594 625 1914 690 referre(erant
1951 660 1961 667 ψ

138 703 265 738 ‘certe
285 704 444 737 omnes
472 688 680 736 homines
703 688 831 744 clari,
852 694 893 736 δε
915 705 1021 736 cum
1041 690 1128 738 reis
1149 690 1371 756 plaerique
1392 691 1652 756 propinqua
1672 694 1910 756 cognatio-

143 753 380 817 nejuncti)
395 753 458 800 rei
480 753 580 800 sunt
594 753 919 816 perduellionis
934 753 1154 803 damnati.
1176 756 1254 804 Ἐο
1275 755 1371 818 ipso
1385 756 1461 802 die
1479 756 1571 803 duo
1586 756 1796 818 juveneS,
1810 756 1913 820 pos·
1986 772 1989 777 ·

141 818 279 867 tridie
296 830 424 881 pater
439 833 616 872 eorum,
637 829 683 864 et
703 834 811 864 avus
831 829 1058 866 maternus
1080 818 1265 882 capitali
1287 819 1512 882 supplicio
1534 820 1750 868 affecti'in
1775 822 1913 879 colle,

144 883 227 949 qui
246 882 428 945 assurgit
446 892 604 927 contra
625 898 772 928 arcem
786 882 988 929 Sterlini.
1021 884 1160 930 Fama
1173 882 1359 945 quidem
1378 885 1582 930 constans
1600 882 1677 938 est,
1694 886 1772 932 etsi
1792 884 1818 931 a
1836 894 1916 933 ne-

144 947 271 996 mine
287 947 501 1009 scriptum
521 945 764 1007 reperiam,
786 946 1040 1008 Regemad
1061 945 1296 992 Isabellam
1315 946 1533 1008 patruelis
1553 963 1737 994 uxorem
1756 949 1917 997 misisse
1972 986 1974 988 -

143 1011 303 1075 patris,
324 1009 490 1063 mariti,
508 1015 547 1055 &
565 1007 763 1057 filiorum
785 1009 936 1071 capita
952 1008 1159 1056 tentandi
1176 1009 1338 1073 gratia,
1352 1024 1409 1057 an
1431 1010 1595 1057 mulier
1612 1011 1739 1059 ferox
1756 1028 1814 1059 ex
1831 1014 1918 1060 do·

137 1075 251 1123 loris
273 1073 562 1135 impatientia
584 1076 657 1135 (ut
678 1074 728 1119 fit
749 1073 1038 1136 plaerunque)
1063 1073 1207 1122 animi
1228 1072 1393 1120 secreta
1414 1072 1648 1122 revelaret.·
1678 1076 1811 1123 Illam
1834 1093 1915 1125 ve·

134 1156 212 1195 ro,
237 1140 315 1187 etsi
337 1137 577 1199 inopinato
599 1136 779 1200 aspectu
801 1137 1074 1192 turbaretur,
1099 1136 1215 1185 nihil
1238 1149 1390 1185 tamen
1412 1137 1757 1187 immoderatius
1787 1143 1915 1188 locu-

144 1216 239 1252 tam
261 1222 274 1250 :
311 1214 488 1249 tantum
510 1201 798 1265 respondiffe,
821 1201 1042 1264 siquidem
1064 1219 1172 1249 vera
1192 1201 1363 1250 fuerint
1383 1203 1560 1266 objecta
1583 1203 1792 1260 crimina,
1816 1207 1916 1253 Re-

143 1284 250 1332 gem
271 1266 408 1321 τεὲὶὲ,
432 1266 481 1316 δὲ
496 1265 600 1328 jure
623 1265 787 1313 fecisse.
855 1264 1009 1313 Finito
1031 1279 1262 1314 conventu
1285 1267 1394 1314 missi
1416 1283 1443 1313 a
1469 1269 1600 1332 Rege
1625 1269 1696 1331 (1)
1725 1269 1919 1318 Ioannes
1949 1289 1981 1329 ,¹

144 1330 516 1395 Mongomerius,
538 1338 578 1379 &
596 1329 841 1380 Umfridus
858 1330 1163 1395 Cunigamius
1181 1330 1239 1378 ad
1252 1333 1611 1395 oppugnandam
1631 1347 1798 1389 arcem,
1814 1350 1918 1397 quae

141 1396 195 1445 in
218 1395 392 1444 Marini
421 1394 566 1443 insula
585 1394 634 1442 in
657 1394 1002 1458 lacu-Luminio
1034 1395 1220 1442 nomine
1254 1397 1324 1457 (κ)
1359 1396 1517 1443 lacobi
1542 1396 1710 1444 Stuarti
1731 1399 1920 1464 profugi

142 1461 403 1516 tenebatur,
438 1477 537 1507 eam
562 1460 620 1506 ad
650 1459 935 1506 deditionem
966 1460 1305 1522 compulerunt.
1373 1460 1477 1507 Nec
1507 1461 1622 1508 adeo
1655 1458 1802 1508 multo
1823 1464 1922 1526 post

151 1528 224 1589 (3)
251 1525 443 1573 Ioannes
467 1526 672 1572 Stuartus
695 1523 940 1570 Dernelius
958 1523 1061 1585 (qui
1081 1524 1256 1571 caeteris
1279 1523 1372 1571 fere
1395 1526 1632 1573 Scotorum
1651 1525 1845 1573 ducibus
1866 1526 1921 1577 itt

110 1608 112 1610 ’
145 1589 306 1638 Gallia
325 1589 461 1636 variis
483 1590 655 1636 cafibus
678 1586 944 1650 absumptis,
965 1587 1172 1651 equitum
1196 1588 1317 1636 inter
1337 1604 1414 1635 eos
1436 1589 1673 1652 praefectus
1691 1592 1805 1649 erat)
1829 1590 1922 1651 una.

143 1671 251 1702 cum
276 1653 635 1716 Archiepiscopo
654 1653 864 1700 Remenfi
883 1652 930 1699 in
950 1651 1150 1699 Scotiam
1170 1653 1312 1707 venit,
1328 1654 1384 1699 ad
1402 1654 1623 1701 vetustum
1641 1669 1747 1701 cum
1769 1655 1921 1704 Gallis

143 1720 296 1768 foedus
317 1718 647 1772 renovandum,
672 1733 724 1764 ac
743 1716 1085 1764 matrimonium
1110 1717 1470 1764 contrahendum
1489 1716 1608 1765 inter
1626 1718 1921 1766 Ludovicum

143 1783 309 1831 Caroli
329 1782 507 1847 septimi
529 1782 692 1838 filium,
709 1787 749 1829 δε
769 1781 1068 1848 Margaritam
1088 1781 1245 1829 Iacobi
1262 1782 1420 1836 filiam,
1439 1782 1649 1846 utrosque
1669 1783 1819 1831 adhuc
1832 1782 1922 1846 im-

183 1849 357 1896 uberes.

143 1865 176 1913 p
213 1913 364 1959 XXX.
398 1910 583 1974 Qibus
617 1911 750 1958 rebus
789 1910 999 1973 perfeffls
1028 1927 1150 1959 anno
1181 1911 1411 1974 proximo,
1435 1911 1517 1975 qui
1540 1911 1626 1959 fuit
1656 1910 1922 1960 millesimus

182 1976 618 2041 uadringentefimus
639 1976 882 2040 vigesimus
903 1976 1065 2030 sextus,
1081 1990 1240 2038 pacata
1257 1976 1384 2023 omni
1407 1977 1562 2024 Scotia
1581 1976 1699 2023 intra
1717 1990 1923 2037 montem

143 1995 428 2105 Erampium
463 2042 564 2088 Rex
589 2040 790 2087 animum
818 2040 985 2102 adjecit
1015 2043 1071 2087 ad
1097 2041 1310 2087 ulteriora
1336 2040 1665 2103 perdomanda.
1734 2036 1804 2086 Ac
1828 2043 1921 2104 pri·
1950 2048 1953 2051 ’

147 2122 276 2154 mum
301 2105 508 2153 omnium
532 2106 817 2153 Ennerneffae
840 2121 988 2153 arcem
1020 2118 1281 2167 opportuno
1304 2105 1408 2151 loco
1430 2103 1477 2152 in
1503 2105 1675 2153 ultimis
1698 2105 1926 2157 Moraviae

145 2171 314 2218 finibus
337 2171 463 2217 fitam
486 2170 611 2216 refici
626 2170 775 2232 jubet.
839 2170 908 2215 Εὸ
930 2186 1038 2217 cum
1062 2168 1246 2216 biennio
1269 2169 1364 2232 post
1386 2170 1574 2216 veniffet
1596 2170 1653 2217 ad
1669 2170 1747 2231 jus
1763 2168 1918 2217 dicen-

143 2239 277 2291 dum,
314 2234 644 2298 latrociniaque
674 2233 1038 2296 comprimenda,
1063 2234 1271 2280 omnium
1301 2232 1578 2280 familiarum
1614 2233 1843 2297 principes
1866 2235 1925 2282 ad

148 2300 193 2347 se
211 2301 460 2355 accerfivit,
489 2298 735 2362 praesertim
757 2315 853 2351 eos,
874 2300 954 2360 qui
979 2315 1084 2345 curn
1108 2296 1283 2361 magnis
1305 2297 1499 2347 catervis
1522 2298 1639 2345 soliti
1657 2310 1785 2345 erant
1812 2299 1837 2346 ὲ
1857 2300 1923 2344 Ιο-

145 2365 212 2412 cis
236 2363 398 2411 vicinis
429 2363 607 2426 praedas
640 2379 792 2428 agere,
817 2362 989 2425 pacatis
1028 2362 1198 2410 tributa
1220 2361 1462 2424 imperare,
1486 2377 1538 2409 ac
1556 2363 1721 2425 vulgus
1747 2362 1804 2408 ad
1827 2362 1923 2409 vic·
1944 2413 1949 2419 ,
1970 2410 1974 2416 ,

146 2435 246 2475 tum
265 2428 424 2475 ociosis
443 2427 825 2491 suppeditandum
848 2443 1027 2491 cogere.
1079 2428 1260 2474 Horum
1284 2426 1361 2472 alii
1387 2426 1529 2479 mille,
1551 2426 1627 2473 alii
1647 2427 1739 2472 duo
1761 2425 1924 2481 millia,
1960 2427 1962 2429 ’

147 2492 362 2552 nonnulli
380 2493 518 2538 etiam
543 2493 693 2554 plures
715 2493 913 2538 latrones
936 2492 1017 2540 fibi
1040 2492 1163 2538 dicto
1177 2490 1411 2537 audientes
1434 2490 1683 2546 habebant,
1706 2506 1756 2535 ac
1781 2492 1925 2537 bonos
1977 2496 1981 2502 ‘

147 2557 343 2620 periculi
366 2568 492 2603 metu
514 2558 732 2603 tenebant
752 2555 997 2611 obnoxios,
1027 2556 1188 2609 malm,
1219 2553 1387 2618 quibus
1409 2556 1531 2617 apud
1560 2571 1638 2601 eos
1661 2553 1938 2617 perfugium.

79 2663 81 2667 Α
146 2634 324 2668 certum
343 2634 458 2677 erat,
483 2622 540 2667 ad
562 2621 726 2668 scelera
748 2621 969 2682 patranda
990 2620 1242 2676 reddebant
1264 2618 1545 2666 audaciores.
1611 2620 1797 2671 Horum
1819 2620 1925 2666 cum

137 2687 250 2733 Rex
271 2685 386 2733 alios
407 2685 563 2741 minis,
587 2685 701 2732 alios
729 2684 965 2731 blanditiis
994 2684 1221 2739 illexisset,
1245 2683 1429 2730 circiter
1446 2681 1748 2747 quadraginta
1770 2699 1825 2729 ex
1848 2699 1928 2730 eo-

144 2767 248 2798 rum
272 2749 467 2796 ducibus
489 2749 536 2797 in
558 2749 783 2797 custodias
799 2748 980 2795 inclusit
998 2767 1008 2795 t
1031 2764 1226 2812 quorum
1243 2747 1374 2794 cansa
1390 2746 1594 2809 cognita,
1615 2749 1706 2794 duo
1724 2747 1925 2794 maxime

147 2814 386 2862 facinorosi
403 2814 665 2861 Alexander
678 2813 957 2868 Maerorius‚
977 2815 1171 2860 Ioannes
1191 2813 1425 2860 Macarctu
1434 2811 1522 2858 rius
1541 2812 1705 2874 laqueo
1723 2813 1927 2876 strangu·
1984 2826 1986 2829 ’

147 2878 249 2925 lati.
315 2877 512 2925 Iacobus
547 2877 817 2925 Cambellus
838 2877 900 2924 ob
923 2877 1096 2924 caedem
1122 2875 1305 2923 Ioannis
1339 2874 1539 2922 Insulani
1559 2874 1647 2921 viri
1676 2874 1784 2922 clari
1807 2875 1926 2922 inter

148 2942 250 2989 suos
272 2942 421 3005 capite
433 2943 527 2994 luit
548 2960 559 2989 ε
580 2942 746 3005 reliqui
770 2957 850 3004 per
868 2939 1089 2989 custodias
1109 2940 1262 2994 divifi,
1281 2939 1359 2987 alii
1375 2939 1594 3003 posterius
1613 2938 1837 3002 supplicio
1859 2939 1929 2986 af,
1988 2964 1991 2975 ·

202 3074 262 3126 (1)
291 3075 350 3112 Sir
367 3076 469 3128 John
498 3078 764 3126 Montgomcry
782 3077 826 3114 of
840 3078 1012 3116 Ardross-
1065 3077 1178 3115 ssable
1197 3077 1245 3114 of
1259 3075 1323 3114 the
1348 3076 1452 3113 Scots
1470 3074 1612 3123 serving
1630 3073 1669 3111 in
1686 3073 1754 3111 the
1781 3071 1944 3116 Frencir

145 3143 195 3167 -an
211 3131 432 3180 predeceii‘oz·
451 3140 489 3167 to
503 3130 568 3168 the
587 3132 661 3169 earl
679 3132 722 3169 of
737 3132 929 3178 Egiinton.
1067 3143 1174 3176 ware,
1200 3143 1278 3178 cap.
1300 3141 1364 3169 22·
1386 3129 1606 3179 predeceffiar
1623 3136 1664 3164 to
1681 3126 1747 3163 the
1771 3126 1866 3164 earls
1886 3123 1941 3162 of·

202 3184 265 3233 (2)
294 3183 363 3219 See
381 3181 446 3218 the
459 3191 544 3220 note
558 3196 607 3220 on
631 3197 710 3234 cap.
730 3184 795 3221 28.
840 3185 913 3221 His
928 3197 1010 3221 mo·
1065 3185 1222 3223 Lennox
1246 3182 1327 3230 (for
1352 3182 1412 3219 his
1440 3181 1504 3219 son
1523 3181 1640 3218 Allan
1671 3181 1844 3226 Stewart,
1872 3178 1928 3222 see

147 3234 234 3273 ther
257 3235 390 3273 Isabell
427 3234 537 3282 being
563 3237 743 3284 daughter
777 3245 817 3273 to
853 3238 1011 3274 Duncan
1067 3236 1134 3274 lib.
1159 3248 1220 3274 11.
1240 3233 1320 3284 cap.
1341 3235 1380 3272 8.
1404 3236 1474 3271 and
1493 3233 1558 3271 the
1577 3241 1681 3271 notes
1698 3245 1747 3270 on
1766 3231 1834 3269 lib.
1865 3241 1925 3267 10.

147 3289 223 3326 eat-*l
246 3288 290 3326 of
301 3290 470 3332 Lenuox,
485 3287 546 3323 'tis
568 3290 738 3337 probable
755 3288 803 3326 he
823 3289 896 3327 had
916 3290 1008 3327 been
1063 3302 1141 3338 cap.
1163 3289 1227 3327 28.
1264 3289 1360 3326 Lord
1375 3287 1517 3335 Darnly
1536 3285 1696 3328 married
1709 3297 1780 3322 one
1799 3283 1843 3322 os
1855 3279 1920 3320 the

146 3342 326 3379 destinate
356 3339 529 3378 successor
549 3349 588 3377 to
615 3340 696 3378 that
724 3342 888 3378 earldom
910 3357 920 3379 t
951 3343 1010 3379 for
1062 3342 1162 3378 heirs
1179 3341 1224 3380 of
1241 3340 1306 3378 the
1324 3339 1439 3378 house
1452 3337 1700 3386 ofLennox):
1729 3336 1807 3376 this
1820 3333 1925 3387 John

147 3394 365 3432 Inchmerin
385 3393 417 3431 is
437 3406 485 3430 an
505 3392 567 3430 isse
589 3393 633 3430 of
652 3393 949 3435 Lochlowmond
967 3395 1008 3431 in
1062 3396 1141 3433 lord
1151 3395 1316 3442 Dernley
1329 3405 1403 3430 was
1415 3392 1538 3430 killed
1551 3391 1591 3428 in
1604 3390 1719 3439 battle
1731 3389 1923 3436 inFrancx

147 3449 215 3486 the
230 3449 400 3484 Lennox.
914 3482 918 3486 ,
1061 3460 1162 3485 anno
1183 3458 1297 3497 1429,
1317 3445 1378 3483 his
1394 3445 1525 3495 second
1549 3444 1611 3481 son
1635 3442 1738 3495 John
1750 3441 1925 3481 Stewart,

168 3498 171 3500 ’
201 3501 263 3551 (3)
293 3502 352 3538 He
371 3511 445 3537 was
459 3497 553 3537 fixth
568 3498 613 3537 of
627 3496 693 3550 the
707 3496 819 3536 house
833 3498 878 3535 of
885 3498 1008 3542 Dcrn-
1064 3512 1139 3540 was
1159 3500 1240 3554 19ῑά
1254 3493 1454 3549 aubigney
1467 3498 1538 3538 and
1552 3495 1676 3536 father
1691 3501 1730 3532 to
1743 3492 1921 3538 Ber-nard.

147 3554 206 3603 lcy
225 3554 299 3593 first
318 3553 396 3593 lord
415 3552 460 3592 of
473 3552 674 3604 Aubigney
692 3551 730 3590 in
751 3552 1007 3603 Franz-eacan·
1637 3570 1640 3575 v
1670 3548 1675 3552 ’

1797 3618 1932 3673 fedi,
