2045 3857
561 168 893 238 L11³ER
1001 162 1416 233 Sa'x‘rns.
1760 188 1886 249 135

111 273 188 322 via
198 267 656 337 perstaret,Pi‹Storum
675 266 881 330 reliquiae
901 265 1028 313 velut
1046 264 1220 311 claffico
1235 263 1260 309 ὲ
1282 264 1454 309 summa
1473 265 1786 329 desperatione
1805 282 1886 311 ex-

110 340 215 385 citae
230 332 519 387 Oibrethum,
533 334 748 383 &Ellam
774 331 851 394 qui
870 330 989 378 inter
1005 331 1265 393 Anglorurn
1281 330 1432 391 Reges
1450 332 1574 391 (nam
1596 344 1692 376 tum
1710 329 1759 376 in
1782 332 1887 392 plu-

107 419 163 449 ra
181 415 319 462 regna
354 397 485 444 divisi
520 399 666 455 erant)
707 396 992 450 auctoritate,
1030 400 1069 441 δι
1094 393 1299 456 potentia
1321 394 1658 455 praecellebant,
1685 397 1885 442 adeunt:

114 465 235 512 suam
261 462 491 508 fortunam
522 472 865 523 conqueruntur
890 480 900 506 :
950 457 1171 516 auxilium
1204 472 1397 519 petunt:
1435 458 1477 503 se
1509 459 1605 520 post
1633 459 1888 511 vicloriarm

115 542 254 590 quam.
274 526 480 572 Donaldi
502 526 666 571 inertia
685 524 866 570 facilem
890 523 1157 587 spondebat,
1183 535 1404 585 perpetuo
1426 534 1531 568 cum
1555 522 1683 568 omni
1705 523 1891 584 posteri-

113 602 202 637 tate
225 590 270 636 in
297 592 555 654 Anglorum
579 589 755 636 ditione
789 588 963 634 futuros
998 587 1292 649 pollicentur.
1363 587 1507 649 Angli
1542 586 1891 648 facilepersuafi

96 655 369 715 ‘compositis
391 655 522 700 domi
552 655 686 699 rebus
723 653 888 698 edutfto
912 652 1115 700 exercitu
1148 651 1197 696 in
1229 651 1407 696 Marcia
1425 651 1666 697 consedere
1689 669 1698 697 ε
1734 668 1784 713 ac
1808 670 1888 713 per

108 717 311 765 foeciales
331 736 356 764 a
378 718 596 765 Donaldo
620 730 800 779 petunt,
826 729 876 762 ut
893 720 1008 779 quos
1033 733 1114 777 per
1135 715 1228 761 vim
1253 716 1388 763 Pieris
1409 716 1567 762 amicis
1586 715 1673 762 suis
1692 717 1817 762 Scoti
1841 735 1888 763 a·

110 783 351 831 demissent
372 800 504 846 agros
527 781 743 828 restituat.
813 783 868 827 Id
892 781 938 826 ni
961 781 1115 834 faciat,
1152 779 1194 825 se
1227 797 1372 842 nuper
1394 780 1584 834 amicos,
1607 796 1726 826 nunc
1749 781 1887 827 etiam

109 847 290 893 deditos
316 864 408 894 non
432 847 737 910 neglectum&
805 846 1047 892 Donaldus
1073 861 1129 891 ex
1153 845 1375 905 majorum
1413 844 1649 899 sententia,
1683 863 1798 907 quos
1821 846 1890 891 in-

107 911 231 958 vitu's
266 911 537 959 imminente
576 911 780 973 periculo
815 922 1163 963 convocaverat,
1206 909 1362 955 habito
1403 910 1581 956 delectu
1615 911 1672 955 ad
1695 910 1889 972 Jeddam

107 975 341 1024 Teviotiae
367 993 546 1022 amnem
571 976 684 1021 hosti
707 975 929 1021 occurrit:
957 978 1005 1024 ὃς
1020 974 1254 1022 commisso
1278 974 1438 1037 praelio
1453 975 1596 1021 vietor
1612 975 1891 1022 Osbrethum

109 1042 167 1087 ad
186 1040 421 1104 proximos
447 1040 582 1103 usque
618 1054 796 1086 montes
827 1039 973 1102 fugat.
1044 1039 1157 1085 Inde
1181 1038 1427 1085 secundum
1452 1040 1666 1086 Tuedam
1687 1040 1744 1085 ad
1768 1057 1893 1086 mare

109 1106 339 1168 profettus
375 1105 615 1151 Bervicurn
651 1105 707 1149 ab
740 1105 905 1164 Anglis
941 1117 1145 1166 captum,
1186 1120 1238 1148 ac
1273 1104 1441 1150 deinde
1467 1117 1591 1150 metu
1615 1121 1671 1150 ex
1709 1105 1892 1151 adversa

109 1186 269 1233 pugna
291 1168 547 1214 conterritis
571 1168 795 1214 desertum
817 1169 1034 1231 ingressus
1057 1168 1248 1214 navibus
1272 1167 1319 1213 in
1339 1168 1448 1214 ostio
1469 1170 1613 1215 amnis
1638 1169 1892 1230 deprehen-

111 1235 165 1279 sis
189 1233 315 1279 omni
337 1232 531 1279 hostium
567 1244 825 1278 commeatu
848 1232 1036 1293 potitur.
1107 1231 1181 1277 Ibi
1215 1232 1462 1294 voluptatis
1494 1234 1793 1297 interpellatae
1819 1235 1891 1280 in-

110 1299 409 1344 strumentum
435 1299 606 1350 naettw,
624 1311 841 1358 tanquam
865 1296 1064 1342 inimicis
1081 1295 1260 1358 prorsus
1282 1297 1536 1361 profligatis
1557 1298 1724 1360 cupide
1748 1297 1788 1344 se
1812 1300 1895 1346 de·-

114 1361 233 1417 litiis,
248 1362 482 1409 immerfit.
575 1366 583 1375 '

176 1428 237 1472 V.
255 1427 435 1491 ΙώΑῑιξᾙ,
460 1426 540 1489 qui
562 1425 787 1488 superiore
810 1427 971 1488 prselio
995 1424 1138 1488 magis
1163 1425 1313 1488 sparsi,
1335 1443 1470 1489 quam
1502 1426 1668 1474 concisi
1693 1427 1890 1484 fuerant,

114 1507 193 1553 per
218 1491 522 1552 speculatores
557 1491 744 1554 cognita
775 1493 1016 1537 Scotorum
1051 1491 1254 1553 ignavia,
1278 1498 1317 1537 Sc
1341 1490 1629 1554 negligentia
1652 1493 1888 1541 advocatis

110 1555 293 1601 auxiliis
313 1555 337 1601 ὲ
362 1553 633 1617 propinquis
657 1555 775 1619 agris
800 1557 937 1602 nonu
959 1556 1134 1610 somno,
1163 1561 1202 1601 δε
1225 1556 1334 1601 vino
1357 1569 1566 1618 gravatos
1591 1557 1889 1606 adoriuntur:

111 1625 152 1665 δε
175 1637 342 1683 magna
364 1622 488 1666 caede
519 1619 567 1666 in
591 1634 775 1667 caeteros
800 1619 976 1683 graffiiti
1002 1622 1180 1683 Regem
1204 1621 1516 1666 semisomnem
1540 1621 1742 1684 capiunt.
1813 1625 1891 1669 ln-

97 1686 169 1747 ι(16
187 1684 389 1731 viftoriae
420 1685 592 1731 cursum
617 1685 756 1731 secuti
779 1698 827 1730 ut
849 1686 983 1731 latius
1003 1686 1335 1747 popularentur
1356 1684 1403 1732 in
1429 1685 1651 1732 hosticum
1671 1687 1891 1749 bipartito

110 1749 300 1796 ducunt.
368 1751 540 1796 Eorum
567 1767 665 1810 pars
691 1767 796 1796 cnm
817 1751 870 1795 ad
897 1752 1113 1796 Fortham
1137 1750 1322 1796 venisset
1345 1751 1512 1796 coactis
1545 1751 1740 1814 navigiis
1767 1753 1892 1813 traji-

94 1822 210 1860 'cere
228 1814 274 1860 in
299 1812 445 1860 Fifam
467 1827 652 1877 parant:
684 1814 757 1860 sed
778 1815 935 1860 multis
959 1814 1201 1878 naufragio
1221 1814 1399 1869 amiffis,
1429 1815 1604 1861 caeteris
1626 1817 1675 1862 vi
1697 1819 1892 1880 tempes-

65 1878 68 1879 ⁷
109 1880 216 1926 tatis
239 1878 286 1925 in
309 1879 434 1934 litus,
462 1879 582 1925 unde
604 1878 826 1926 solverant
851 1879 1044 1941 rejectis,
1072 1879 1323 1926 Sterlinum
1343 1880 1518 1925 ducunt
1543 1899 1553 1926 t
1590 1884 1640 1931 δί
1659 1899 1762 1928 cum
1785 1883 1893 1929 reli-

110 1959 205 2006 quo
236 1945 437 1991 exercitu
473 1943 705 2004 conjuncti
739 1945 956 1991 Fortham
980 1960 1120 2006 ponte
1145 1945 1388 1991 transeunt.
1460 1944 1585 1992 Scoti
1607 1949 1664 1994 eo
1696 1963 1752 1992 ex
1777 1947 1890 2012 fuga

111 2007 294 2054 collecti
328 2008 474 2072 magis
504 2008 717 2070 speciem,
743 2026 882 2072 quam
918 2009 1055 2055 robur
1079 2009 1305 2056 exercitus
1329 2011 1601 2056 ostentantes
1634 2012 1808 2074 legatos
1832 2015 1889 2059 de

112 2087 226 2134 pace
245 2073 433 2119 mittunt
460 2091 470 2120 :
503 2090 642 2134 quam
663 2073 808 2136 Angli
828 2079 867 2120 82
887 2092 1043 2138 pugna
1061 2075 1118 2120 ad
1134 2075 1333 2135 ,Jeddam
1355 2073 1553 2128 adversa,
1576 2079 1625 2122 &
1645 2076 1889 2142 naufragio

111 2134 286 2183 viribus
307 2136 564 2183 imminutis
589 2155 677 2184 non
699 2138 990 2185 recusandam
1010 2139 1265 2185 censebant.
1309 2140 1454 2186 Durae
1476 2139 1762 2188 conditiones
1782 2159 1891 2204 pro-

110 2201 285 2262 pofitae,
310 2217 421 2263 quas
446 2212 593 2247 tamen
620 2203 810 2264 praesens
834 2220 985 2249 rerum
1024 2205 1158 2250 status
1195 2203 1456 2250 tolerabiles
1483 2202 1847 2273 faciebatvideri
1875 2226 1887 2254 z

112 2278 164 2310 ut
187 2265 314 2311 omni
333 2282 461 2328 agro,
486 2266 568 2328 qui
591 2268 709 2313 intra
731 2268 901 2313 vallum
929 2269 1083 2314 Severi
1107 2269 1227 2322 esset,
1265 2267 1391 2314 Scoti
1410 2268 1623 2315 cederent
1644 2289 1654 2316 ε
1689 2284 1739 2317 ut
1764 2272 1888 2324 limi,-

111 2339 178 2376 tes
201 2331 337 2377 effent
361 2330 481 2377 infra
503 2331 747 2378 Sterlinum
775 2333 959 2387 Fortha,
984 2332 1104 2380 infra
1126 2333 1524 2386 Britannodunum
1553 2335 1736 2391 Glotta,
1768 2335 1890 2385 inter

86 2443 87 2446 ,
111 2394 227 2440 duos
248 2411 401 2442 amnes
427 2395 599 2442 vallum
624 2396 794 2443 Severi.
1300 2449 1304 2454 ,
1604 2443 1610 2448 .,

175 2460 262 2506 VI.
297 2461 352 2506 In
376 2472 468 2507 tam
493 2461 606 2507 dura
627 2477 737 2522 pace
764 2461 916 2511 Scotis,
935 2479 1023 2508 non
1051 2462 1198 2509 minus
1231 2463 1405 2517 laetum,
1428 2479 1568 2526 quam
1592 2463 1885 2527 inopinatum

109 2523 294 2578 accidit,
319 2526 446 2586 quod
466 2525 592 2571 nulla
615 2526 787 2572 mentio
811 2527 868 2572 de
890 2528 1160 2580 reducendis
1185 2528 1321 2574 Pieris
1349 2529 1466 2575 facta
1488 2530 1608 2575 effer.
1677 2532 1821 2596 Angli
1841 2552 1887 2580 e-

110 2589 226 2643 nim,
259 2594 299 2636 &
326 2588 552 2647 Brittones
592 2607 724 2652 agros
747 2591 927 2638 relictos
965 2591 1085 2640 inter
1107 2593 1148 2639 se
1170 2593 1328 2655 partiti
1349 2594 1465 2648 sunt,
1494 2594 1659 2642 Glotta
1682 2612 1757 2642 eos
1777 2597 1890 2644 diri-

93 2666 280 2702 0mente.
329 2655 445 2701 Sunt
466 2654 546 2717 qui
568 2668 732 2716 putent
757 2670 987 2702 monetam
1007 2670 1288 2719 argenteam,
1314 2675 1453 2721 quam
1474 2658 1623 2705 adhuc
1647 2661 1890 2709 Sterlinam

110 2731 245 2764 vocat
265 2719 431 2782 vulgus
453 2718 521 2765 ibi
544 2731 642 2766 tum
667 2721 892 2767 excusam.
964 2722 1102 2785 Agris
1126 2721 1190 2768 ita
1212 2722 1362 2769 divisis
1383 2721 1519 2778 Picti,
1547 2723 1629 2785 qui
1651 2724 1726 2771 sua
1755 2726 1797 2772 se
1820 2745 1891 2774 re-

106 2790 406 2845 cuperaturos
430 2784 717 2831 crediderant
740 2786 866 2847 eluli,
893 2802 943 2831 ac
970 2786 1044 2850 spe
1068 2786 1265 2833 frustrati
1293 2788 1352 2834 ad
1376 2787 1610 2843 Cimbros,
1638 2793 1678 2836 &
1702 2791 1890 2838 Scandi-

111 2863 239 2904 anos,
265 2846 312 2893 id
330 2848 407 2903 est,
435 2861 483 2895 ut
505 2865 628 2895 nunc
650 2850 900 2912 loquimur,
922 2851 970 2897 in
999 2852 1217 2907 Daniam,
1245 2856 1292 2901 ὅς
1321 2852 1610 2916 Noruegiam
1635 2855 1890 2904 transmise-

109 2925 233 2958 runt.
300 2912 457 2967 Pauci,
481 2913 562 2976 qui
584 2914 707 2976 apud
731 2916 909 2978 Anglos
933 2917 1256 2971 remanserant,
1293 2917 1421 2963 velut
1451 2934 1520 2962 res
1544 2915 1683 2965 novas
1706 2937 1789 2982 per
1810 2938 1888 2968 ex-

111 2986 241 3022 terna
263 2976 432 3023 auxilia
449 2978 655 3025 molituri
677 2981 730 3026 ad
758 2997 898 3026 unum
923 2981 980 3026 ab
1010 2982 1074 3027 eis
1097 2982 1212 3029 caesi.
1253 2982 1473 3028 Donaldo
1497 2983 1592 3043 post
1608 2999 1773 3045 ‘pacem
1797 2986 1890 3034 fac-

112 3049 208 3085 tam
237 3042 303 3087 ad·
315 3041 414 3088 suos
439 3043 614 3090 reverso
637 3045 861 3104 majorum
898 3045 1151 3102 memoriae,
1175 3062 1227 3092 ac
1250 3045 1342 3109 spei
1365 3045 1680 3109 resipiscentiae
1709 3050 1886 3106 datum,

111 3115 163 3174 ut
184 3104 434 3153 honorifice
454 3106 746 3169 reciperetur.
816 3109 904 3155 Sed
927 3126 1031 3156 cum
1051 3110 1130 3169 ille
1160 3110 1207 3157 in
1231 3110 1417 3173 pristina¹
1435 3112 1737 3174 perseveraret
1760 3116 1892 3177 igna-

112 3183 203 3222 vta,
227 3183 434 3230 proceres
457 3171 589 3217 veriti
612 3189 668 3218 ne
691 3175 831 3219 homo
854 3174 1022 3229 foedus,
1048 3180 1089 3222 δε
1111 3175 1253 3225 deses,
1282 3175 1364 3237 qni
1389 3190 1473 3222 nec
1495 3177 1692 3224 consiliis
1717 3179 1890 3226 amico-

111 3249 231 3286 rum,
257 3249 342 3295 nec
362 3232 449 3280 suis
471 3236 806 3284 calamitatibus
829 3240 1165 3294 emendaretur,
1207 3240 1334 3302 quod
1359 3240 1583 3303 reliquum
1608 3243 1740 3306 regni
1763 3243 1891 3307 supe-

110 3313 246 3351 rerat,
272 3297 515 3354 amitteret,
539 3315 644 3347 eum
662 3301 710 3348 in
733 3317 960 3348 carcerem
997 3303 1266 3365 conjiciunt.
1335 3304 1410 3351 Ibi
1429 3305 1503 3352 vel
1527 3322 1621 3368 prae
1650 3308 1891 3360 dolorein-

110 3360 362 3408 hibitarum
384 3363 692 3426 voluptatum,
732 3367 954 3427 vel'rnetu
981 3367 1160 3431 publici
1183 3367 1374 3415 ludibrii
1397 3369 1478 3415 fibi
1503 3386 1688 3417 manum
1712 3371 1887 3427 intulit,

113 3426 185 3486 (ι)
210 3426 334 3473 sexto
357 3443 495 3489 quam
513 3445 704 3491 regnum
727 3430 833 3478 iniit
855 3449 991 3478 anno.
1042 3433 1183 3480 Hunc
1207 3433 1475 3480 Donaldum
1498 3434 1578 3480 alii
1600 3437 1787 3483 tradunt
1808 3440 1892 3484 do-

111 3489 194 3545 mi,
219 3491 416 3553 forisque
438 3507 531 3538 rem
556 3495 742 3559 egregie
763 3495 945 3560 gestisse,
965 3502 1011 3551 A&
1041 3496 1136 3547 fato
1156 3496 1232 3545 suo
1256 3498 1418 3546 Sconae
1438 3498 1656 3548 deceffiffe
1683 3504 1792 3566 838.

162 3616 226 3667 (1)
256 3620 338 3658 Alii
358 3633 397 3670 4.

1777 3721 1891 3784 VII.
