2016 3801
134 151 225 222 26
398 150 579 220 DE
674 149 1056 240 JURE
1160 144 1668 220 REGNI‘

134 240 279 310 lo,l'ed
289 269 315 300 a
325 251 510 317 lingulis
527 270 540 300 ε
560 250 951 316 quemadmodum
964 250 1108 313 vulgo
1120 250 1216 298 fieri
1227 250 1338 305 solet
1359 251 1414 300 iis
1428 253 1509 316 qui
1526 253 1659 317 lupos
1673 262 1755 300 aut
1769 251 1897 305 utiba

133 317 419 373 occiderunt,
440 329 520 363 aut
540 318 713 363 catulos
731 331 890 363 eorum
911 315 1328 378 deprehenderunt.
1393 318 1561 380 Neque
1579 317 1698 365 enim
1717 318 1745 363 fi
1771 309 1900 378 quod
1938 355 1939 358 ,

134 381 448 445 hujuscemodi
466 382 710 428 monstrum
730 379 1000 434 nasceretur,
1024 379 1199 428 etiamsi
1218 396 1379 427 vocem
1397 375 1643 430 humanam
1667 381 1895 435 funderet,
1924 417 1926 419 .

135 447 399 510 faciemque
420 445 640 510 hominis»,
665 455 1023 507 caeterarumque
1041 444 1238 508 partium
1260 444 1581 494 similitudines
1603 443 1902 500 haberet,m-i-

129 504 181 562 hi
200 526 305 558 cum
328 528 384 558 eo
408 510 661 558 societatem
684 509 768 554 effe
791 510 1039 556 crederem.
1109 510 1205 556 Aut
1223 510 1251 556 st
1278 510 1379 572 quis
1398 509 1632 557 hominem
1658 527 1825 559 exuens
1849 509 1900 554 in

134 577 274 625 talem
296 574 626 623 immanitatem
671 574 983 635 degeneraret,
1028 574 1264 637 nolletque
1310 590 1413 620 cum
1440 574 1613 621 caeteris
1635 573 1901 622 hominibus

132 641 217 689 nisi
260 640 308 688 in
328 656 488 687 eorum
523 636 771 700 perniciem
812 636 1075 693 convenire,
1114 638 1348 686 hominem
1373 639 1695 702 appellandum
1722 638 1899 691 censeo,

133 705 284 756 nihilo
301 718 421 753 certe
446 702 589 766 magis
613 718 750 765 quam
774 701 958 764 satymS,
989 704 1154 758 simias,
1178 716 1256 750 aut
1279 702 1398 750 ursos
1425 722 1436 750 2
1470 701 1727 765 quamlibet
1748 705 1899 754 vultu,

133 770 259 836 gestu
284 775 323 817 δι
345 770 547 815 sermone
569 767 802 813 hominem
828 766 1112 816 mentiretur.
1182 770 1240 816 B.
1283 767 1404 828 Jam,
1430 768 1477 813 ni
1499 766 1651 821 fallor,
1676 765 1901 829 intelligis

128 836 317 899 qualem
339 835 536 896 Regem,
579 831 762 894 qualem
787 830 898 878 item
940 833 1211 894 Tyrannum
1253 830 1554 894 sapientiffimi
1579 844 1781 878 veterum
1815 833 1901 877 ess'e

133 903 397 951 statuerunt.
464 896 605 944 Visne
620 895 763 959 igitur
785 896 911 958 quod
933 896 979 943 in
995 899 1124 960 Rege
1143 896 1436 944 informando
1457 895 1667 949 fecimus,
1691 894 1903 955 Tyranni

133 975 319 1027 queque
341 960 424 1009 tibi
443 963 761 1024 qualecunque
778 960 1002 1023 specimen
1028 977 1334 1024 proponamus
1359 963 1378 1007 ?
1435 967 1505 1009 ΑΔ.
1537 960 1657 1014 Im0‚
1697 959 1776 1005 nisi
1801 974 1912 1004 mo-

128 1029 289 1080 lestum
314 1027 374 1074 est
396 1026 500 1080 tibi,
525 1026 817 1072 vehementer
833 1025 880 1071 id
902 1026 1056 1087 cupio.

198 1093 377 1140 XLIX.
409 1093 465 1138 B.
491 1090 602 1138 Non
625 1089 796 1136 oblitus
817 1106 882 1145 es,
906 1089 1089 1151 opinor,
1112 1107 1215 1153 quae
1239 1090 1361 1152 apud
1384 1090 1544 1153 poetas
1583 1088 1638 1135 de
1678 1087 1828 1138 furiis,
1852 1104 1901 1135 a«

131 1159 227 1220 pud
239 1157 410 1204 nostros
430 1155 488 1201 de
508 1155 880 1215 cacodaemonum
905 1166 1065 1202 natura
1082 1156 1296 1202 dicuntur
1320 1173 1332 1202 :
1367 1155 1453 1201 effe
1479 1152 1695 1199 videlicet
1720 1152 1902 1214 spiritus

135 1221 327 1272 humani
349 1222 528 1283 generis
551 1220 714 1274 hostes,
737 1219 818 1281 qui
842 1235 946 1274 cum
970 1219 1050 1282 ips]
1091 1218 1136 1265 in
1174 1220 1403 1283 perpetuie-
1429 1217 1703 1273 cruciatibus
1726 1217 1904 1268 versent·-

136 1301 229 1343 tur,
252 1285 492 1334 hominum
537 1297 689 1336 tamen
734 1284 973 1331 tormentis
1014 1284 1261 1346 gaudeant.
1331 1285 1448 1331 Haec
1474 1282 1676 1344 profecto
1715 1299 1819 1329 vera
1842 1276 1904 1328 est

125 1350 389 1416 ‘tyrannidis
410 1350 582 1413 imago,
650 1350 739 1396 Sed
761 1348 870 1411 quia
890 1348 1173 1412 cogitatione
1195 1349 1334 1395 modo
1356 1354 1397 1396 &
1422 1348 1514 1394 fine
1536 1347 1783 1394 ministerio
1806 1347 1904 1393 sen·

102 1441 108 1448 ⁸
136 1418 207 1467 sus
234 1416 332 1463 haec
360 1415 517 1478 imago
539 1414 661 1461 cerni
701 1414 862 1476 potest,
886 1413 1020 1460 aliam
1047 1412 1133 1459 ttbi
1156 1428 1429 1476 proponam,
1453 1427 1556 1476 quae
1579 1427 1670 1458 non
1694 1412 1835 1458 modo
1856 1412 1937 1457 a-r'

136 1481 314 1528 nimum
339 1479 413 1526 sed
436 1478 580 1524 sensus
603 1478 738 1525 etiam
760 1479 908 1533 feriat,
934 1484 972 1524 &
992 1479 1119 1525 velut
1141 1478 1187 1524 in
1206 1479 1364 1525 oculos
1387 1479 1600 1524 incurrat*
1692 1476 1905 1540 Finge·te

134 1563 297 1595 navem
320 1545 368 1592 in
391 1543 507 1591 mari
528 1543 740 1606 procellis
763 1556 971 1590 vexatam
1011 1542 1183 1596 videre,
1228 1543 1383 1590 littora
1414 1541 1586 1590 omnia.
1607 1539 1907 1587 circumcirca

133 1627 228 1661 non
252 1610 393 1657 modo
414 1608 692 1672 importuosa
724 1608 797 1654 sed
819 1607 1014 1654 hostium
1039 1608 1414 1654 infestissimorum
1441 1606 1577 1669 plena
1618 1624 1633 1660 ;
1677 1605 1773 1663 ejus
1797 1621 1905 1651 vero

133 1676 263 1726 navis
281 1674 519 1721 dominum
546 1686 706 1721 mutuo
728 1690 834 1721 cum
859 1672 1115 1719 ve&oribus
1137 1672 1248 1718 odio
1270 1684 1539 1721 certantem,
1575 1686 1656 1717 nec
1677 1671 1818 1718 ullam
1838 1683 1907 1715 ta·

135 1757 241 1789 men
271 1740 426 1794 aliam,
450 1754 587 1802 quam
608 1740 655 1787 in
676 1751 912 1785 nautarum
937 1738 1041 1791 fide,
1059 1736 1180 1799 spem
1202 1736 1348 1782 salutis
1374 1736 1618 1783 habentem
1645 1754 1657 1790 ;
1685 1750 1768 1781 nec
1790 1736 1908 1780 hane

133 1804 325 1870 quidem
349 1815 540 1857 certam,
565 1815 612 1850 ut
634 1802 714 1863 qui
746 1819 837 1850 non
861 1802 1043 1864 ignoret
1065 1802 1107 1847 se
1145 1800 1345 1848 maxime
1367 1801 1558 1847 barbaro
1576 1799 1733 1862 gener-i
1754 1799 1908 1845 homi·
1934 1795 1937 1797 ⁵

135 1881 249 1919 num
273 1875 314 1918 δε
335 1869 395 1915 ab
425 1868 552 1915 omni
573 1866 858 1914 humanitate
880 1866 1030 1913 alieno
1053 1865 1196 1912 vitam
1219 1865 1340 1912 suam
1364 1865 1547 1912 credere
1573 1882 1584 1910 :
1621 1879 1736 1926 quos
1767 1879 1909 1925 pecu·

136 1935 214 1984 nia
236 1935 327 1982 sola
347 1931 612 1981 conciliatos
637 1931 848 1989 retineat,
872 1931 1047 1994 quique
1070 1935 1198 1977 lucro
1220 1929 1392 1991 majore
1412 1928 1593 1988 objeclo
1629 1928 1836 1975 adversus
1858 1944 1907 1975 e·

137 2017 216 2047 um
254 1999 402 2061 ipsum
431 1996 625 2045 conduci
651 1995 828 2058 poffint.
851 2041 854 2043 ,
897 1996 1029 2043 Talis
1053 1995 1258 2057 profe-&o
1281 1996 1341 2041 est
1378 1994 1475 2041 vita
1495 1994 1593 2046 illa,
1619 2009 1758 2055 quam
1782 1993 1909 2040 velut

131 2064 318 2115 beatam
340 2061 552 2127 Tyranni
575 2063 927 2124 amplectuntur.
995 2060 1123 2107 Foris
1144 2060 1307 2114 hostes,
1345 2058 1473 2105 domi
1511 2058 1633 2104 cives
1658 2070 1868 2104 metuunt
1898 2077 1909 2104 2

137 2147 222 2179 nec
243 2128 367 2176 cives
390 2127 530 2177 modo
547 2126 628 2174 ‚sed
649 2126 937 2180 domesticos,
963 2124 1265 2188 propinqum,
1290 2124 1468 2178 fratres,
1510 2123 1748 2186 conjuges,
1790 2122 1908 2175 libe-

133 2212 226 2251 ros,
249 2207 475 2259 parentes·
522 2193 684 2254 Itaque
705 2207 811 2237 cum
834 2190 998 2238 vicinis
1019 2201 1276 2243 externum,
1299 2205 1404 2236 cum
1427 2188 1604 2235 civibus
1623 2188 1776 2241 civile,
1801 2203 1908 2235 cum

133 2261 222 2310 suis
242 2259 540 2307 domesticum
561 2256 734 2303 bellum
759 2255 934 2317 semper
955 2267 1033 2301 aut
1051 2268 1235 2317 gerunt,
1255 2266 1335 2303 aut
1360 2267 1589 2308 metuunt,
1613 2269 1697 2300 nec
1718 2253 1905 2315 usquam

132 2325 303 2374 auxilia
323 2323 516 2386 sperant,
539 2333 704 2388 praeter
724 2321 935 2370 mercede
946 2322 1190 2375 condueta,
1206 2335 1353 2382 neque
1377 2319 1521 2365 bonos
1544 2318 1799 2365 conducere
1821 2328 1905 2363 au-

135 2391 265 2445 dent,
308 2405 460 2451 neque
500 2388 631 2434 malis
675 2385 814 2433 fidere
854 2388 1045 2447 possunt.
1114 2383 1243 2444 Quid
1279 2384 1371 2431 istis
1407 2384 1589 2430 tandem
1614 2383 1663 2429 in
1703 2381 1799 2428 vita
1831 2381 1912 2442 ju·

135 2457 338 2504 cundum
358 2454 443 2501 effe
461 2453 605 2515 potest
628 2454 646 2498 ?
680 2451 930 2513 Dionysius
955 2450 1071 2498 filias
1094 2448 1295 2512 virgines
1317 2448 1493 2495 adultas
1516 2463 1622 2494 cum
1638 2445 1909 2494 novaculam

137 2519 381 2567 admittere
402 2517 459 2564 ad
482 2529 642 2579 guttur
665 2515 863 2571 timeret,
889 2533 914 2561 a
933 2515 1086 2564 barbae
1109 2515 1321 2562 radendae
1344 2511 1591 2560 ministerio
1611 2509 1808 2558 removit
1841 2528 1852 2556 ε
1880 2521 1913 2556 a

136 2583 435 2633 Timoleante
463 2581 616 2635 frater,
643 2581 700 2626 ab
727 2596 866 2629 uxore
889 2578 1152 2627 Alexander
1175 2579 1406 2632 Pheraeus‚
1431 2593 1455 2622 a
1478 2589 1605 2639 patre
1637 2578 1714 2636 Sp.
1741 2574 1913 2622 Caflius

133 2651 198 2698 est
217 2649 538 2709 interemptus.
608 2642 704 2708 Qi
724 2644 821 2691 hae‘c
843 2657 949 2692 ante
972 2644 1130 2692 oculos
1154 2644 1367 2706 exempla
1384 2641 1613 2705 proposita
1632 2638 1808 2702 semper
1828 2639 1914 2686 ha-

135 2715 232 2768 bet,
255 2718 394 2776 quam
419 2723 469 2758 tu
490 2727 595 2757 eum
633 2707 944 2756 carnificinam
970 2707 1019 2755 in
1042 2709 1226 2770 petitore
1247 2705 1540 2756 circumferre
1563 2706 1710 2752 credis
1735 2706 1754 2752 ?
1787 2703 1913 2755 Cum

133 2777 312 2842 cogitet
335 2775 421 2824 sese
444 2773 650 2823 universo
681 2772 943 2821 mortalium
966 2771 1126 2837 generi
1149 2784 1365 2836 tanquam
1410 2771 1588 2834 signum
1627 2769 1673 2816 in
1695 2768 1824 2832 quod
1839 2768 1912 2829 ja-

134 2844 349 2892 culentur
369 2840 651 2904 propositum
677 2857 688 2885 :
723 2854 872 2901 neque
894 2838 1040 2885 solum
1078 2836 1277 2902 vigilans
1297 2835 1370 2882 his
1396 2833 1689 2883 conscientiae
1711 2846 1914 2881 tormen-

138 2908 198 2955 tis
218 2905 463 2961 crucietur,
487 2904 563 2952 sed
585 2902 790 2951 terrificis
812 2902 952 2951 etiam
973 2902 1182 2949 vivorum
1206 2904 1255 2951 δι
1276 2912 1561 2948 mortuorum
1584 2897 1864 2946 simulachris
1883 2897 1915 2943 ἐ

130 2972 298 3029 ,somno
317 2971 561 3025 excitetur,
583 2974 627 3015 δι
651 2967 871 3015 furiarum
891 2965 1066 3015 facibus
1089 2965 1303 3030 agitetur.
1371 2964 1584 3027 Tempus
1605 2963 1747 3017 enim,
1787 2961 1916 3026 quod

134 3036 358 3083 omnibus
394 3030 704 3084 animantibus
726 3033 783 3080 ad
805 3030 1032 3096 quietem,
1071 3029 1340 3078 hominibus
1372 3030 1511 3077 etiam
1534 3028 1594 3076 ad
1614 3042 1827 3075 curarum
1849 3026 1918 3073 la·
1989 3066 1993 3070 .

137 3111 405 3149 &amentum
429 3110 588 3145 natura
611 3096 792 3152 tribuit,
813 3097 883 3144 illi
906 3096 954 3143 in
975 3095 1182 3143 horrores
1204 3100 1243 3141 δι
1263 3092 1487 3156 supplicia
1505 3090 1805 3140 convertitur.
1836 3089 1914 3144 Μὰ

138 3165 252 3214 Non
275 3162 432 3211 inscite
454 3163 557 3209 sane
577 3162 658 3210 ista
680 3178 706 3209 a
728 3173 772 3209 te
792 3162 893 3209 sunt
915 3160 1162 3222 explicata,
1178 3174 1231 3206 ac
1251 3158 1402 3221 nescio
1421 3173 1479 3205 an
1495 3157 1633 3205 etiam
1657 3171 1777 3204 vere.
1824 3152 1918 3200 Sed

136 3242 315 3284 tamen,
355 3227 437 3276 nifi
459 3225 613 3281 fallor,
634 3226 694 3274 ad
713 3226 913 3274 nostrum
934 3224 1190 3274 institutum
1225 3239 1319 3270 non
1341 3222 1458 3270 adeo
1494 3223 1691 3269 multum
1720 3217 1917 3266 iaciunt.

137 3294 266 3342 Nam
287 3292 458 3357 quibus
478 3289 528 3338 in
553 3306 693 3338 manu
709 3292 771 3339 est
794 3291 967 3354 eligere
983 3305 1101 3353 quos
1120 3287 1267 3336 velint
1280 3289 1450 3352 Reges,
1464 3301 1604 3351 penes
1629 3283 1811 3336 eosdem
1833 3283 1914 3338 est,

135 3360 307 3406 electos
329 3355 498 3419 quibus
509 3353 657 3403 velint
672 3355 978 3420 constringere
998 3352 1199 3417 legibus.
1239 3352 1395 3400 Nobis
1411 3367 1526 3400 ,vero
1547 3350 1629 3406 scjs
1647 3349 1800 3411 Reges
1822 3362 1919 3394 non

126 3423 274 3487 ⁴eligi,
295 3422 373 3470 sed
393 3419 514 3469 nasci
546 3437 560 3468 ε
592 3417 762 3481 quibus
783 3435 873 3497 ego
893 3419 1069 3479 semper
1091 3415 1430 3465 haereditarium
1466 3431 1559 3463 non
1601 3413 1752 3462 minus
1773 3424 1919 3476 quam

137 3487 286 3549 ipsum
309 3501 503 3552 regnum
526 3482 796 3540 existimavi,
821 3496 872 3532 ut
891 3483 1104 3531 voluntas
1125 3498 1285 3530 eorum
1307 3496 1394 3545 pro
1423 3479 1604 3544 legibus
1626 3479 1748 3526 esset.
1816 3475 1918 3523 Ne-

136 3560 232 3614 que
273 3564 444 3599 temere
465 3551 513 3598 in
535 3549 655 3596 hanc
681 3547 949 3611 opinionem
972 3547 1069 3596 sum
1091 3547 1325 3601 inductus,
1364 3544 1437 3603 sed
1462 3542 1640 3607 magnis
1663 3538 1917 3593 autoribus,

133 3630 242 3666 cum
269 3615 436 3680 quibus
456 3629 606 3665 errare
620 3612 676 3679 (fi
697 3612 840 3663 mod-o
853 3612 909 3664 in
930 3627 1082 3663 errore
1104 3609 1223 3674 sum)
1247 3625 1344 3661 non
1364 3625 1438 3660 me
1457 3609 1645 3675 pudeat.
1669 3606 1748 3657 N
1752 3606 1926 3715 επὲἰοῦῖ.

137 3705 148 3714 .
1849 3679 1926 3713 ιω
