2076 3862
506 126 839 208 141ssssss
928 131 1419 219 QU1NTUS;
1743 149 1865 216 109

167 247 276 297 VII.
304 238 449 296 Scoti,
473 242 515 286 δε
540 235 657 284 Picti
677 234 758 284 ubi
781 235 1014 281 Romanos
1033 229 1206 285 abiiffe,
1229 245 1315 276 nec
1336 230 1487 290 denuo
1511 228 1763 277 reversuros
1781 245 1868 298 per

103 313 406 375 exploratores
438 318 521 364 pro
552 313 678 351 certo
710 295 1049 361 compererunt,
1085 294 1193 341 totis
1220 292 1424 346 *viribuffi
1460 306 1512 336 ac
1546 295 1695 341 multo
1731 294 1870 358 quam

107 378 177 440 (1)
201 384 302 421 ante
322 367 468 416 acrius
489 381 671 413 murum
693 362 880 428 aggressi
902 375 996 421 non
1016 358 1158 408 modo
1178 356 1280 405 telis
1303 353 1538 403 missilibus
1556 370 1870 427 propugnato-

103 458 172 489 res
193 435 451 496 dejecerunt
476 449 487 477 ε
512 430 588 477 sed
621 426 846 477 uncinatis
869 424 990 480 telis,
1023 422 1179 485 inquit
1199 422 1340 476 Beda,
1362 420 1413 480 id
1434 419 1495 466 est
1516 422 1592 481 (ut
1620 437 1708 483 ego
1730 423 1874 477 inter-

103 500 276 569 pretor)
301 492 646 559 dorydrepanis,
668 504 745 541 aut
765 489 959 538 falcibus
981 487 1232 536 muralibus
1251 504 1277 534 e
1299 501 1431 533 muro
1454 484 1756 535 detrahebant
1779 506 1789 533 :
1822 504 1877 536 ac

95 563 328 628 'superiore
350 560 608 610 munitione
627 555 939 604 defensoribus
962 553 1134 601 nudata
1156 550 1315 615 operis
1329 547 1557 603 adhibitis*
1578 548 1878 611 fundamenta

104 628 379 678 subruebant
399 643 410 670 :
448 628 498 674 δε
519 620 656 679 semel
675 620 806 668 aditu
823 618 1051 683 patefacto
1073 617 1248 663 hostem
1273 613 1530 678 perculsum
1557 613 1786 677 cogebant
1806 633 1878 663 re-

106 692 224 741 litiis
246 690 385 745 villis,
410 700 548 750 atque
569 685 758 732 urbibus
780 700 872 746 qua
899 683 1067 745 cuique
1088 681 1386 728 commodum
1418 690 1515 725 erat
1536 677 1696 742 fugam
1727 678 1878 726 inten=⁸

110 758 234 804 dere.
279 753 404 802 Scoti
427 768 553 807 vero,
577 757 617 798 δι
640 749 758 797 Pieri
779 760 874 796 tam
895 747 1030 794 avide
1046 744 1262 792 vindiaae
1283 742 1611 798 incubuerunt,
1638 755 1689 790 ut
1711 743 1880 807 superi-

105 837 208 868 ores
231 836 388 868 omnes
412 815 692 864 calamitates
713 830 808 877 prae
829 811 961 859 malis
984 810 1280 874 praesentibus
1304 806 1566 857 tolerabiles
1588 806 1789 859 hostibus
1812 808 1881 854 vi-

108 885 207 932 deri
228 885 416 947 poffent.
483 879 668 928 Deinde
686 878 767 925 ubi
784 877 1059 940 praedatores
1078 874 1225 938 magis
1247 872 1406 927 lassati,
1427 888 1566 934 quam
1586 871 1734 924 satiati
1751 873 1886 919 mise·

109 950 189 998 riis
211 949 407 997 hostium
431 946 624 993 domum
653 943 845 998 rediere,
868 941 961 988 sera
990 940 1178 992 tandem
1210 938 1329 986 subit
1358 937 1439 984 illa
1471 935 1695 1001 cogitatio
1724 936 1766 984 se
1791 953 1887 987 non

111 1026 208 1062 tam
225 1015 348 1061 bona
366 1009 677 1064 inimicorum,
697 1025 836 1072 quam
853 1004 1055 1053 victoriae
1074 1002 1265 1067 praemia
1285 1001 1552 1064 corrupisse
1614 1001 1766 1065 Igitur
1781 1018 1888 1050 cum

113 1077 161 1125 in
187 1089 417 1125 conventu
438 1091 679 1138 procerum
702 1072 1043 1135 disceptaretur,
1085 1070 1322 1131 quomodo
1361 1078 1487 1115 tanta
1519 1065 1714 1112 vi&oria
1755 1078 1889 1115 uten-

115 1143 228 1190 dum
249 1143 369 1195 esset,
395 1140 595 1202 primum
614 1138 823 1184 omnium
845 1134 1020 1199 placuit
1041 1150 1173 1197 agros
1194 1131 1405 1178 'hostibus
1439 1142 1624 1193 ereptos
1641 1131 1700 1177 ad
1722 1130 1890 1182 sobolis

114 1205 499 1270 propagationem
518 1202 648 1249 novis
672 1199 863 1248 coloniis
886 1197 1126 1259 occupare.
1193 1198 1254 1243 Et
1276 1207 1328 1242 ut
1364 1195 1413 1242 id
1437 1195 1677 1243 confilium
1700 1195 1890 1247 salutare

117 1271 354 1330 videretur
391 1267 586 1316 faciebat
622 1267 785 1330 ingens
810 1263 1061 1311 multitudo
1085 1260 1292 1316 fortium,
1338 1259 1413 1308 sed
1451 1261 1647 1322 inopum
1668 1258 1891 1316 virorum,

120 1335 290 1399 quibus
311 1346 483 1382 veteres
507 1331 606 1396 agri
623 1329 797 1393 angusti
819 1341 948 1375 erant
968 1325 1129 1373 futuri.
1197 1326 1306 1373 Hoc
1327 1337 1481 1378 autem
1503 1341 1654 1377 rerum
1677 1323 1894 1375 secunda-

120 1417 225 1449 rum
246 1398 373 1447 cursu
396 1415 477 1461 per
497 1396 704 1444 nationes
725 1392 897 1441 vicinas
921 1391 1163 1455 divulgato
1185 1407 1279 1437 non
1301 1390 1445 1436 solum
1465 1389 1655 1436 exulum
1674 1406 1700 1436 e
1723 1389 1895 1446 Scotia,

122 1465 198 1515 sed
222 1471 263 1512 &
284 1462 630 1527 peregrinorum
670 1459 799 1506 domi
816 1457 1012 1521 inopum
1036 1457 1104 1503 vis
1138 1455 1302 1518 ingens
1325 1456 1453 1501 velut
1479 1454 1536 1500 ad
1559 1454 1764 1516 praedam
1785 1470 1897 1502 con·
1970 1485 1974 1487 —

122 1541 324 1583 venerat,
349 1527 433 1574 rati
457 1527 697 1574 Graemum
718 1537 866 1578 aetate‚
889 1529 929 1569 &
952 1521 1084 1568 rebus
1105 1519 1236 1583 gestis
1255 1519 1495 1566 florentem
1512 1535 1602 1565 non
1617 1518 1741 1582 prius
1759 1519 1901 1571 finem-

123 1593 238 1653 belli
261 1590 449 1656 gerendi
471 1591 713 1643 fafturum,
738 1605 878 1651 quam
901 1599 1044 1634 totam
1066 1585 1350 1633 Britanniam
1371 1583 1712 1648 perdomuisset.
1802 1585 1900 1631 Ve-

125 1675 228 1706 rum
249 1656 321 1704 illi
344 1668 412 1703 tot
440 1655 611 1702 casibus
635 1655 807 1716 jactato
829 1651 1018 1715 pronior
1038 1649 1215 1697 animus
1246 1662 1341 1701 erat
1363 1650 1421 1695 ad
1441 1664 1603 1712 pacem
1626 1664 1820 1704 cumre,
1860 1645 1913 1701 ὅς’

123 1722 277 1787 gloria
293 1720 674 1783 amplectendam,
691 1733 831 1782 quam
853 1718 911 1763 ad
933 1726 1103 1762 certam
1128 1713 1395 1761 felicitatem
1413 1713 1461 1759 in
1479 1713 1736 1776 periculum
1753 1712 1902 1775 incer-

127 1801 228 1833 tum
250 1781 607 1848 conjiciendum.
675 1781 826 1847 Igitur
842 1797 1004 1844 pacem
1026 1796 1132 1826 cum
1158 1778 1444 1827 Brittonibus
1467 1794 1560 1824 non
1582 1779 1722 1833 modo
1745 1778 1904 1825 volen-

127 1851 269 1906 tibus,
294 1851 370 1908 sed
389 1849 528 1897 etiam
551 1848 730 1911 cupidis
748 1846 819 1894 his
840 1846 1021 1909 legibus
1045 1843 1173 1903 fecit,
1201 1858 1248 1890 ut
1272 1856 1464 1906 uterque
1483 1843 1683 1905 populus
1703 1840 1901 1907 antiquis

129 1915 295 1972 finibus
318 1927 559 1962 contentus
581 1915 637 1960 ab
660 1911 812 1960 alteris
834 1907 1076 1967 abstineret
1095 1908 1160 1970 inj
1170 1908 1331 1955 uriam.
1391 1938 1395 1941 ι
1419 1907 1575 1958 Limes
1599 1920 1752 1974 auten)
1775 1907 1904 1956 utris-

131 1997 222 2044 que
241 1981 345 2026 ess'et
368 1979 556 2034 Adriani
573 1979 775 2025 vallum.'
898 2033 901 2039 Ἰ
1716 2020 1720 2026 ,
1902 2003 1907 2006 -

197 2045 336 2092 Vffl.
369 2044 583 2090 Graemus
605 2042 670 2103 ita
691 2058 802 2105 pace
823 2039 1031 2087 confecta
1053 2055 1146 2085 non
1168 2038 1309 2085 modo
1329 2035 1493 2092 ScotiS,
1516 2036 1592 2090 sed
1614 2036 1754 2086 etiam
1776 2054 1906 2101 pere-

133 2107 278 2173 grinis
301 2107 498 2172 auspicia
515 2109 590 2154 sua
611 2107 770 2155 secutis
794 2121 927 2169 agros
951 2104 1118 2151 divisit.
1161 2103 1393 2165 Regiones
1417 2118 1561 2170 prope
1584 2118 1760 2158 omnes,
1780 2102 1907 2164 quod

134 2172 359 2235 plaerique
388 2188 612 2220 novorum
633 2170 888 2218 incolarum
910 2167 1159 2231 peregrini,
1187 2167 1354 2230 reliqui
1376 2168 1485 2213 vero
1509 2166 1682 2227 majore
1702 2183 1759 2214 ex
1779 2168 1909 2229 parte

134 2237 185 2283 in
207 2237 346 2285 exilio
365 2237 460 2283 nati
482 2237 620 2284 essent
636 2248 790 2282 vetera
809 2234 996 2281 nomina
1015 2244 1372 2285 commutarunt.
1444 2230 1713 2282 Gallovidia
1732 2232 1906 2278 Hiber-

135 2301 226 2348 niae
245 2300 372 2364 regio
394 2300 606 2367 proxima
626 2300 849 2347 Hibernis
872 2299 986 2365 sorte
1005 2299 1111 2343 data
1131 2313 1301 2344 nomen
1322 2296 1371 2342 id
1397 2296 1521 2358 apud
1544 2294 1643 2341 suos
1667 2309 1764 2343 tum
1792 2297 1909 2343 cele-

137 2367 218 2413 bre
240 2366 440 2412 creditur
460 2365 691 2427 accepisse.
760 2362 1031 2411 Catbanefia
1051 2362 1179 2425 quod
1202 2373 1419 2414 montana
1444 2379 1454 2406 2
1491 2358 1657 2416 Roffia,
1680 2361 1808 2424 quod
1828 2378 1910 2424 pe-

139 2430 320 2477 ninsula
345 2449 355 2477 :
389 2428 641 2484 Buchania,
666 2430 793 2492 quod
827 2444 1046 2490 magnum
1086 2443 1111 2472 e
1151 2426 1300 2472 bubus
1331 2423 1528 2487 veffigal
1550 2425 1788 2488 penderet,
1814 2426 1913 2472 dic-

139 2506 203 2542 ta.
271 2495 431 2558 Bogia,
458 2500 498 2542 &
521 2490 716 2548 Narnia,
742 2500 783 2540 &
819 2491 1071 2547 Navernia,
1104 2496 1145 2537 &
1167 2491 1319 2554 Speia,
1345 2496 1385 2537 Sc
1411 2489 1579 2544 Iernia,
1606 2495 1647 2536 δε
1669 2490 1866 2537 Taichia
1887 2507 1914 2552 a

140 2558 406 2614 flam-nibus
433 2578 444 2607 :
481 2559 625 2605 Abria
648 2560 809 2613 alacu,
846 2569 925 2603 aut
943 2556 1092 2604 verius
1121 2555 1322 2602 aestuario
1358 2554 1494 2601 maris
1517 2570 1686 2601 nomen
1719 2555 1911 2617 accepit.

142 2624 359 2671 Plurimae
382 2624 493 2670 item
516 2623 580 2670 cis
602 2625 820 2669 Fortham
841 2620 1051 2685 regiones
1074 2620 1286 2674 Levinia,
1312 2618 1513 2674 Gfottia,
1540 2619 1741 2674 Tuedia,
1768 2620 1913 2666 Tevi-

143 2688 255 2745 otia,
283 2688 477 2742 Lidalia,
502 2687 646 2743 Escia,
670 2688 803 2739 Euia,
829 2686 1014 2741 Nithia,
1041 2686 1304 2739 Annandia,
1339 2690 1379 2730 ἃς
1411 2683 1646 2747 Duglaflia
1665 2701 1691 2730 a
1712 2683 1915 2731 flumini·-

140 2755 227 2800 bus
251 2754 586 2816 cognominatae
607 2752 721 2798 sunt.
757 2751 922 2798 Multis
940 2766 1108 2797 nornen
1128 2749 1370 2811 antiquum
1388 2748 1633 2810 permansit
1649 2747 1879 2813 integrum
1898 2768 1912 2797 :

142 2816 419 2880 quibusdam
439 2819 628 2880 paulum
646 2816 941 2862 immutatum
962 2817 1038 2861 est.
1107 2815 1290 2868 Deinde
1314 2828 1365 2860 ut
1384 2811 1516 2860 ret-'tis
1537 2811 1750 2873 institutis
1773 2813 1917 2861 licen-

143 2881 257 2928 tiam
278 2881 579 2928 diuturnitate
601 2881 712 2928 belli
728 2881 1036 2927 luxuriantem
1058 2878 1380 2943 compesceret,
1404 2877 1606 2940 primum
1628 2893 1815 2940 operam
1838 2880 1917 2927 de-

150 2944 237 3000 dit,
255 2957 304 2992 ut
322 2945 554 3001 monachi,
567 2945 859 3008 doctoresque
874 2943 1235 2992 Christianorum
1247 2943 1555 2989 institutorum
1571 2956 1916 2992 revocarentur:

150 3013 192 3054 δε
210 3026 267 3055 ne
287 3026 447 3076 graves
468 3011 644 3073 populo
660 3010 792 3072 inopi
814 3010 966 3064 effent,
992 3025 1166 3055 annuos
1192 3019 1442 3070 proventus
1467 3022 1523 3053 ex
1551 3022 1765 3069 agrorum
1784 3007 1919 3063 ,fruc-

153 3071 276 3122 tibus
298 3074 507 3129 attribuit
530 3092 553 3139 εἰ
567 3074 651 3138 qui
671 3076 749 3122 etsi
767 3075 925 3129 exileS,
943 3086 993 3121 ut
1009 3073 1100 3122 illis
1121 3071 1406 3135 temporibus
1429 3071 1573 3126 erant,
1593 3068 1834 3118 hominum
1854 3085 1919 3120 ta·

155 3138 512 3193 menmodestia,
551 3144 591 3185 &
615 3139 916 3202 temperantia
937 3138 1066 3192 fecit,
1102 3151 1152 3185 nt
1185 3136 1328 3199 ampli
1361 3136 1643 3192 viderentur.
1711 3137 1921 3184 Praefidia

149 3199 424 3264 opportunis
441 3201 556 3251 locis
572 3203 777 3250 adversus
801 3203 967 3254 subitas
985 3202 1179 3254 hostium
1198 3200 1474 3254 incursiones
1496 3197 1732 3264 disposuit,
1751 3203 1919 3264 partim

155 3281 260 3328 quae
284 3265 456 3325 dejesta
475 3281 619 3322 erant,
637 3267 866 3324 restitutis,
890 3268 1058 3330 partim
1076 3267 1205 3317 novis
1227 3264 1459 3318 institutis.

218 3330 303 3375 IX.
340 3329 479 3386 Bellis
499 3330 564 3389 ita
581 3348 662 3394 per
683 3346 826 3379 totam
849 3332 1128 3382 Britanniam
1152 3329 1368 3377 restinclis
1388 3330 1616 3380 Brittones
1638 3329 1765 3377 velut
1783 3329 1808 3376 ὲ
1827 3340 1923 3382 tur-

150 3392 460 3455 ¹bulentiffima
479 3396 740 3461 tempestate
768 3395 941 3458 recepti
963 3397 1095 3458 tranq
1101 3394 1307 3444 uillitatis
1330 3394 1529 3455 publica:
1552 3393 1684 3440 bonis
1707 3394 1935 3442 frueban-t

156 3469 246 3512 tur,
267 3458 333 3503 ita
352 3457 578 3506 incertum
599 3460 805 3509 fecerunt
824 3461 1057 3507 bellumne
1087 3459 1151 3507 eis
1186 3475 1243 3506 an
1259 3474 1351 3522 pax
1372 3459 1475 3520 plus
1496 3457 1783 3505 incommodi
1805 3470 1925 3506 attu-

154 3521 276 3593 lerit.
342 3522 524 3582 Dirutis
546 3524 671 3584 enim
692 3526 899 3580 urbibus,
929 3525 1051 3586 villis
1072 3523 1281 3577 incensis,
1305 3537 1488 3585 pecore,
1520 3523 1740 3585 omnique
1761 3523 1926 3571 rustico

162 3586 462 3632 instrumento
495 3589 667 3647 amisso,
699 3590 784 3652 qui
809 3589 1006 3641 hostium
1027 3588 1244 3641 saevitiam
1269 3585 1819 3650 evaserantssogebantur
1850 3605 1930 3650 aut

208 3647 281 3722 (¹3⁴
303 3666 397 3714 MS,
420 3676 539 3709 antea.
1849 3687 1927 3719 ve,

1938 3736 1959 3758 Ι
