1992 3801
128 135 329 223 '256
499 136 856 204 RERUM
945 130 1632 203 Scor-minum

184 232 312 279 deret
333 233 564 293 procella:
595 250 650 282 ac
672 246 768 281 turn
787 235 975 281 demum·
1008 232 1066 278 ad
1085 247 1245 279 eorum
1277 245 1430 280 motus
1461 232 1649 281 consilia
1670 232 1747 280 sua
1764 246 1943 286 aeconr..¹

182 296 424 344 modarent
447 316 461 352 3
492 302 542 348 &
564 299 690 360 quod
711 311 929 344 autumno
953 295 1181 358 superiore
1201 296 1259 343 ab
1291 296 1414 344 hoste
1435 297 1603 345 faftum
1637 297 1943 356 observarant,

129 389 134 394 -
182 359 403 414 diversam
427 372 525 410 turn
541 362 708 409 Scotiae
726 361 961 425 regionem
981 359 1160 424 ingreffi
1179 361 1308 407 clade
1328 361 1504 408 cladem
1523 362 1838 426 rependerent.
1864 351 1945 410 In-

116 476 119 479 >
182 435 308 471 terea
325 423 526 474 'mittunt
556 425 907 488 exploratorem,
930 423 1012 486 qui
1041 425 1100 471 de
1120 423 1244 472 hoste
1264 423 1537 488 propinquov
1561 431 1756 474 certiora
1787 427 1945 475 omnia

169 487 469 536 renunciaret
490 509 499 536 ε
521 489 648 552 quod
669 488 836 536 referre
857 500 1070 551 putarent
1085 488 1337 550 plurimum
1359 505 1451 535 non
1475 489 1615 537 modo
1634 490 1853 545 instituta,
1866 490 1944 538 sed

178 550 545 617 fa&a,difflrque
559 554 780 615 post-rema
797 552 1029 617 cognosci.
1081 552 1177 614 Qi
1199 552 1349 600 miffus
1369 564 1467 600 erat
1486 554 1591 600 cnm
1610 554 1829 609 sermone,
1843 555 1947 601 cul-

182 628 251 672 tu,
275 631 451 665 armatu
473 617 589 664 nihil
609 616 635 663 ὲ
652 616 827 665 caeteris
849 617 1069 672 differret,
1093 617 1228 664 facile
1242 633 1326 680 pro
1349 618 1488 665 Scoto
1510 616 1695 665 fefellit.
1759 618 1944 666 ⁴Omni-

183 680 267 728 bus
293 698 401 729 vero
421 699 524 744 quae
546 681 658 728 scire
675 681 910 737 intererat,
932 681 1035 728 satis
1056 682 1302 744 compertis
1324 681 1382 728 ad
1410 698 1604 744 equum,
1625 697 1763 745 quem
1790 682 1943 731 arbori

179 745 412 809 alligarat,
436 745 614 793 rediens
637 762 740 792 eum
764 747 888 793 furto
910 745 991 792 fibi
1010 746 1212 793 ablatum
1234 747 1319 793 effe
1339 745 1660 808 deprehendit.
1719 746 1871 810 Igitur
1890 764 1945 794 o-

180 823 376 864 creatuS,
396 810 656 871 penulatu5‚
679 810 871 858 calcaria
898 808 1104 871 indutus,
1124 812 1316 871 totoque
1352 810 1514 857 habitu
1543 811 1736 874 equestri
1757 825 1863 857 cum
1897 810 1942 858 se

177 874 320 937 pedes
340 874 398 921 ad
418 873 507 920 iter
526 873 732 927 dcdiss‘et,
755 874 897 936 eoepit
916 890 986 919 res
1008 874 1092 920 effe
1112 874 1307 936 suspe&a
1331 890 1342 918 ε
1373 875 1524 935 e6que
1545 891 1650 922 cum
1679 875 1942 938 longiuscu-

177 937 225 984 le
243 938 424 992 abesset,
447 937 580 984 miffis
607 936 839 1000 equitibus
860 939 988 983 velut
1009 937 1033 984 ὲ
1057 934 1169 998 fuga
1191 938 1423 991 retraftus,
1448 942 1488 982 &
1510 937 1814 1000 interrogatus
1837 939 1942 1003 quis

179 1007 222 1048 δε
246 1002 367 1048 unde
384 1002 506 1056 esset,
528 1000 698 1064 quidve
712 993 782 1048 ita
804 999 967 1056 abiret,
987 1016 1091 1047 cum
1118 1016 1210 1046 non
1238 999 1338 1047 satis
1361 1001 1615 1048 constanter
1634 1001 1942 1063 responderet,

179 1066 239 1113 ad
262 1066 397 1113 duces
417 1064 639 1112 exercitus
662 1065 909 1128 produEtus
931 1076 1054 1112 metu
1078 1063 1299 1129 gravioris
1320 1080 1472 1128 poenae
1487 1063 1656 1125 injefto
1679 1067 1941 1131 Anglorum

176 1129 366 1177 consilia
386 1129 449 1176 eis
472 1129 665 1191 aperuit.
1814 1127 1817 1131 ’

242 1195 373 1242 LVI.
395 1194 524 1241 Scoti
541 1209 652 1258 ergo
670 1194 742 1242 his
766 1193 1031 1257 compertis,
1046 1199 1086 1242 &
1104 1194 1186 1257 ipsi
1205 1192 1269 1241 rei
1289 1193 1480 1256 agendae
1500 1192 1710 1241 ordinem
1729 1207 1938 1244 mutant:
1972 1246 1976 1251 ,

175 1256 429 1306 exercitum
453 1257 668 1306 dividunt
688 1258 770 1313 ita,
803 1271 853 1304 ut
874 1258 1020 1320 major
1039 1275 1141 1320 pars
1166 1259 1430 1305 Carleolum
1452 1259 1600 1306 versus
1621 1258 1709 1306 iter
1729 1260 1940 1307 intende-

176 1336 263 1376 ret,
285 1323 421 1387 eique
455 1323 692 1387 praeeffent
713 1324 804 1370 duo
827 1322 970 1387 Regis
994 1323 1074 1368 filii
1098 1322 1229 1377 Fifae‚
1251 1327 1290 1369 &
1312 1323 1473 1369 Ierniae
1496 1323 1702 1369 Comites
1728 1340 1739 1368 τ
1759 1337 1941 1386 xpraete-

172 1403 251 1434 rea
269 1389 542 1436 Arcibaldus
564 1387 824 1451 Duglaffius
848 1386 1218 1441 Gallovidianus,
1244 1386 1538 1449 Comitesque
1560 1387 1763 1443 Marriae,
1788 1393 1829 1434 &
1852 1391 1936 1436 Sus

172 1452 444 1500 ther-landiae
468 1470 480 1499 ε
512 1453 699 1500 alteram
735 1467 838 1514 quae
859 1450 1243 1499 Northumbriam
1273 1451 1603 1514 ingrederetur,
1627 1452 1844 1500 ducerent
1865 1455 1939 1500 Ia-

173 1518 318 1564 cobus
357 1517 621 1581 Duglassiae,
647 1523 687 1565 &
712 1517 805 1563 duo
828 1515 986 1562 fratres
1018 1515 1266 1563 Dumbarii
1286 1515 1522 1579 Georgius
1554 1523 1594 1563 δι
1629 1519 1839 1572 IoanneS,
1862 1518 1939 1566 hic

177 1582 423 1637 Moraviae,
446 1584 524 1629 ille
543 1581 734 1629 Marciae
757 1580 982 1628 Comites.
1032 1580 1093 1626 Iis
1112 1579 1320 1627 attributi
1344 1580 1535 1628 trecenti
1556 1580 1822 1644 equites,»&
1846 1583 1939 1629 duo

174 1646 326 1693 millia
343 1647 549 1710 peditum
575 1659 739 1710 praeter
755 1645 961 1708 equitum
983 1644 1224 1690 ministros.
1293 1643 1506 1708 Singulos
1529 1646 1652 1691 enim
1675 1646 1848 1707 equites
1875 1650 1938 1692 se-

174 1722 380 1773 quuntur
399 1711 642 1758 minimum
662 1709 826 1774 singuli
845 1709 1016 1757 robusti
1035 1708 1239 1761 ministri,
1255 1709 1335 1770 qui
1354 1709 1516 1756 leviter
1536 1709 1697 1756 armati
1714 1728 1939 1774 equorum

177 1791 324 1838 prope
347 1775 526 1821 cursum
548 1776 810 1839 adaequant,
836 1780 877 1823 &
900 1791 1002 1821 cum
1037 1790 1107 1820 res
1139 1771 1281 1835 poscit
1303 1789 1487 1820 manum
1513 1788 1616 1820 cum
1640 1776 1763 1821 hoste
1784 1777 1949 1823 conse-1

177 1852 301 1888 runt..
339 1838 602 1902 Dispertitis
625 1839 690 1886 ita
706 1838 871 1902 copiis,
895 1839 978 1902 qui
999 1839 1046 1884 in
1071 1836 1361 1889 cambriam,
1383 1843 1422 1883 δε
1447 1838 1712 1885 carleolum
1729 1839 1879 1886 versus
1899 1841 1938 1888 i-

175 1918 248 1951 ter
279 1904 569 1952 intenderant
602 1919 706 1951 cum
728 1903 931 1951 exercitu
960 1903 1116 1950 valido
1139 1903 1298 1949 cunita
1334 1900 1520 1958 ferrent,
1552 1916 1832 1966 agerentque
1853 1906 1940 1952 ho·

177 1970 286 2032 {iem
310 1968 498 2016 obvium
522 1985 615 2014 non
638 1969 912 2015 habuerunt.
982 1966 1219 2030 Duglassio
1240 1966 1286 2012 in
1321 1965 1492 2012 diversa
1515 1979 1641 2028 parte
1673 1968 1827 2015 omnia
1860 1987 1940 2016 va-

179 2033 311 2080 stanti
336 2049 426 2087 non
451 2033 611 2080 eadem
633 2033 818 2080 fortuna
840 2032 946 2080 fuit.
1001 2030 1321 2094 Expeditionis
1358 2030 1481 2077 enirn
1512 2031 1599 2076 suae
1630 2031 1852 2086 rationem
1875 2034 1941 2083 ita

173 2097 444 2153 instituerat,
463 2110 513 2143 ut
530 2115 669 2161 quarn
690 2096 885 2159 magniS,
905 2103 944 2144 &
959 2095 1151 2142 occultis
1176 2097 1317 2158 posset
1336 2094 1577 2142 itineribus
1594 2096 1838 2144 transmissa
1849 2099 1938 2146 Ti.

173 2178 234 2209 -na
252 2162 540 2210 Dunelmum
565 2161 833 2225 praeterire‘t,
852 2177 903 2208 ac
926 2174 1022 2207 tum
1044 2161 1230 2207 demum
1254 2158 1543 2223 populationi
1568 2159 1609 2205 se
1632 2161 1775 2208 daret.
1808 2164 1860 2209 Id
1879 2164 1939 2210 ab

174 2226 242 2272 cis
265 2238 391 2273 tanta
416 2243 521 2274 cum
550 2226 800 2282 celeritate,
825 2228 877 2277 ὃς
906 2226 1088 2273 silentio
1109 2226 1279 2272 fafium
1300 2223 1377 2278 est,
1405 2236 1454 2270 ut
1474 2222 1675 2287 primum
1705 2225 1785 2272 ubi
1801 2229 1941 2276 essent

175 2291 323 2336 hostes
356 2307 413 2338 ex
435 2291 753 2338 incendiorum
785 2290 916 2337 sumo
944 2289 1258 2353 intelligerent
1291 2287 1455 2353 Angli.
1519 2288 1701 2335 Percius
1722 2289 1870 2337 senior
1889 2292 1936 2339 in

176 2355 534 2410 Nerthumbria‚
557 2359 606 2405 δε
627 2354 792 2402 vicinis
814 2353 1080 2417 regionibus
1102 2353 1369 2401 au&oritate
1399 2358 1440 2400 δι
1461 2351 1627 2415 opibus
1649 2353 1789 2418 longe
1811 2355 1938 2418 prin—

172 2435 279 2465 ceuv
306 2432 400 2466 crat
423 2438 436 2466 ι
473 2437 521 2466 re
550 2420 608 2466 ad
629 2436 736 2466 enm
758 2419 909 2466 delata
934 2419 1049 2466 duos
1072 2417 1189 2465 filios
1212 2417 1407 2477 juvenes
1426 2415 1783 2480 impigerrimos‚
1803 2421 1940 2468 Hen-

174 2482 325 2531 ricum
349 2490 390 2531 8ε
413 2483 666 2531 Rodolfurn
691 2483 747 2530 ad
775 2483 967 2530 Novum
999 2483 1189 2529 castrum
1212 2480 1470 2544 praemittit‚
1494 2481 1668 2529 caeteris
1691 2484 1749 2530 οὸ
1769 2499 1940 2533 conve·

177 2546 278 2594 nire
295 2548 436 2610 justis,
452 2565 508 2595 eo
531 2547 732 2595 maxime
750 2546 956 2602 confilio,
979 2560 1029 2594 ut
1047 2547 1206 2593 Scotos
1223 2545 1372 2593 reditu
1395 2547 1451 2592 ad
1474 2545 1573 2591 suos
1595 2546 1938 2598 intercluderet.

174 2611 256 2660 Illi
288 2626 396 2659 vero
418 2623 530 2676 agro
552 2612 857 2659 Dunelmenfi
887 2611 1026 2674 longe
1053 2609 1322 2657 fertiliffimo
1343 2610 1468 2657 omni
1491 2609 1602 2656 belli
1624 2611 1753 2659 clade
1775 2613 1939 2661 affefto

172 2675 329 2739 praeda
344 2676 522 2741 ingenti
535 2675 674 2741 potiti
684 2675 857 2724 Tinam
870 2676 1036 2722 iterum
1051 2674 1282 2729 transeunt
1298 2675 1355 2723 ad
1370 2675 1456 2722 tria
1467 2674 1560 2721 fere
1571 2674 1718 2723 millia
1736 2679 1937 2739 passuum
1962 2691 1966 2697 ⁴

173 2741 308 2802 supra
327 2742 518 2790 Novum
541 2743 748 2789 castrum.
815 2739 891 2787 Ibi
919 2739 1128 2786 homines
1150 2738 1280 2786 dorni
1297 2738 1492 2794 nobiles,
1512 2743 1552 2785 &
1573 2739 1736 2804 gloriae
1759 2741 1939 2804 cupidi,

175 2811 220 2850 &
250 2805 338 2853 hoe
355 2805 667 2869 qualicunque
689 2804 882 2852 successu
917 2804 1024 2851 elati
1055 2816 1188 2866 turpe
1215 2803 1298 2851 fibi
1319 2803 1564 2858 ducebant,
1594 2804 1625 2850 fi
1648 2805 1817 2852 rusticis
1839 2818 1940 2854 tan-

176 2881 293 2921 tum,
316 2885 368 2916 ae
389 2887 481 2916 non
504 2870 644 2918 etiam
667 2869 856 2917 urbibus
875 2881 1094 2915 terrorem
1115 2867 1352 2923 inferrent,
1364 2869 1422 2914 ad
1441 2868 1632 2915 Novum‘
1645 2870 1833 2917 castrum
1857 2871 1939 2917 ad-

171 2931 385 2994 equitant
411 2953 422 2980 :
457 2940 499 2982 Sc
531 2933 928 2999 oppugnationem
950 2932 1221 2980 comminati
1249 2931 1541 2980 contumeliis
1573 2933 1744 2980 hostem
1775 2934 1940 2982 elicere

171 3007 368 3043 tentant.
425 3014 429 3019 ·
657 3003 675 3040 ⁴.
1250 3017 1251 3020 ¹
1711 3036 1714 3040 .
1788 3034 1796 3040 ,

242 3061 397 3108 LVII.
423 3063 545 3109 Cum
563 3061 759 3110 biduum
780 3061 849 3110 ibi
866 3061 1134 3116 restitissent,
1159 3076 1211 3108 ac
1232 3060 1351 3108 levia
1372 3061 1641 3124 plaerunque
1657 3059 1785 3109 vario
1801 3077 1940 3109 even·
1988 3122 1992 3124 ‚

176 3136 230 3170 tu
247 3125 497 3172 certamina
517 3126 853 3182 conseruissent,
878 3143 1019 3174 unum
1044 3138 1214 3180 tamen,
1236 3139 1289 3172 ac
1309 3127 1583 3188 postremum
1604 3125 1846 3188 posteriore
1863 3125 1944 3173 die

178 3187 261 3235 sub
282 3189 514 3251 vesperum
535 3191 744 3237 omnium
765 3207 863 3247 ora,
885 3191 1133 3259 oculosque
1153 3190 1202 3237 in
1225 3189 1268 3236 se
1287 3190 1529 3246 convertit.
1597 3191 1690 3252 Ipsi
1707 3190 1831 3240 enim
1853 3191 1942 3237 du-

177 3268 252 3299 ces
269 3267 456 3317 genere,
474 3253 659 3316 opibus‚
674 3267 824 3308 aetate,
846 3267 991 3318 atque
1005 3253 1169 3302 animis
1187 3270 1304 3317 pene
1326 3270 1455 3317 pares
1474 3253 1694 3302 decorum
1714 3253 1942 3319 existima-

156 3345 160 3348 -
181 3317 293 3363 bant
314 3316 356 3364 se
376 3317 439 3364 ab
459 3329 654 3380 utroque
675 3319 878 3367 exercitu
904 3319 1092 3381 spectari
1113 3330 1388 3382 pugnantes.
1454 3317 1607 3382 Igitur
1626 3325 1939 3382 cumexpro·

179 3380 424 3428 vocatione
456 3380 756 3444 procefliffent
783 3381 833 3428 in
869 3383 1075 3430 medium
1108 3383 1302 3430 Iacobus
1336 3382 1614 3446 Duglaflius,
1635 3386 1687 3434 δε
1709 3381 1945 3430 Henricus

154 3445 397 3501 .Perciu‘s,·
415 3444 554 3510 atque
589 3444 762 3491 infestis
788 3445 942 3492 'hastis'
971 3445 1317 3501 concurri-ssent,
1336 3441 1684 3510 Perci'useqno·
1699 3442 1937 3506 dejicitur.

179 3508 427 3571 Anglis·ad
450 3507 673 3556 auxilium
695 3509 1071 3557 concurrentibus
1094 3525 1200 3560 cum
1235 3509 1496 3574 Deglaffius
1518 3509 1691 3557 hostem
1715 3508 1940 3571 attingere

179 3585 273 3620 non
288 3574 433 3636 poffet
448 3574 572 3622 hasta
589 3572 687 3637 ejus
706 3571 913 3639 potitur:
949 3584 1089 3640 'atque
1109 3589 1211 3623 earn
1240 3572 1450 3639 quatiens
1467 3575 1714 3630 exclamat,
1733 3583 1783 3621 ut
1801 3570 1940 3619 facile

623 3664 627 3669 ,
1444 3667 1445 3670 ¹
1862 3650 1944 3682 ex·
