2045 3857
481 149 813 216 Lrsssn
907 145 1406 235 QuiNTUS.
1723 168 1842 213 121

70 266 213 304 tatem
235 250 368 302 nimis
389 249 576 296 verbose
610 247 948 312 persequantur.
1018 247 1231 312 Mortuus
1266 247 1327 293 est
1366 261 1486 294 anno
1521 246 1689 296 Christi
1713 264 1844 315 542·

75 318 280 386 regnavit
300 331 439 362 annos
475 331 499 361 2
516 331 561 377 4.

137 434 308 485 XXIX.
341 431 452 479 UT
492 432 549 479 ad
579 448 646 479 res
667 430 867 477 Scoticas
887 430 1153 477 redeamus:
1182 429 1397 477 Goranus
1419 430 1522 477 Rex
1545 445 1714 492 magno
1744 430 1843 490 jam

75 515 183 549 natu
210 498 467 551 decesserat,
489 498 727 559 postquam
760 495 950 558 triginta
984 509 1180 556 quatuor
1215 512 1357 541 annos
1395 493 1642 557 praefuiffet
1673 496 1840 549 Scotis,

71 565 248 612 suorum
288 565 361 623 (ut
382 562 602 621 creditur)
641 559 798 606 fraude
841 558 1083 606 extinctus.
1153 560 1261 605 Erat
1295 559 1484 621 quidam
1508 559 1745 604 Toncetus
1768 562 1851 619 (1)-

71 629 297 689 supremus
321 642 470 672 rerum
495 623 760 687 capitalium
783 623 990 685 quaestor,
1017 623 1157 668 homo
1180 639 1270 669 non
1295 623 1445 670 minus
1465 622 1679 676 crudelis,
1704 638 1847 684 quam

70 707 240 738 avarae.
266 692 310 735 Is
332 706 437 736 cum
458 689 663 735 adversus
688 687 874 734 ditiores
894 687 1038 732 multa
1061 685 1174 733 saeva
1192 686 1395 733 facino-ra
1413 686 1636 750 patrasset,
1660 687 1846 733 facilem

68 754 273 802 omnium
298 754 503 816 sperabat
521 753 642 815 apud
663 753 841 814 Regem
863 750 1062 813 veniam,
1079 752 1203 814 quod
1225 753 1308 797 hac
1329 751 1503 798 ratione
1524 752 1613 797 fisci
1636 767 1848 798 commo-

66 819 125 866 da
144 817 357 864 nonnihil
378 817 578 864 auxisset.
647 815 865 879 Populus,
892 811 968 862 cui
991 831 1084 861 non
1118 814 1264 861 facilis
1298 829 1394 862 erat
1417 814 1471 872 ad
1495 818 1675 878 Regem
1699 816 1844 869 senio,

63 884 117 934 ὃς
138 883 300 929 morbo
323 881 582 929 invalidum
602 880 768 934 aditus,
794 896 878 927 nee
914 880 946 926 fi
968 879 1092 926 adire
1127 878 1334 932 licuiii‘et‚
1375 880 1584 926 adversus
1607 879 1846 927 hominem

63 946 351 1008 primarium,
379 951 420 993 δε
439 945 689 1009 gratiosum,
710 945 837 998 fides,
860 945 1126 991 Toncetum
1145 941 1332 1008 aggrefli
1357 943 1602 991 trucidant.
1657 943 1846 991 Deinde

62 1012 300 1074 postquam
325 1011 524 1073 impetus
547 1010 625 1056 irae
648 1007 898 1061 deferbuit,
940 1025 1044 1054 cum
1068 1013 1217 1054 secum
1240 1009 1495 1071 cogitarent
1516 1021 1740 1070 quantum
1777 1008 1846 1055 fa-

65 1074 195 1121 cinus
231 1075 516 1126 admififfent,
553 1075 826 1135 nullumque
855 1073 1002 1119 veniae
1026 1073 1328 1134 impetrandae
1356 1074 1510 1118 locum
1535 1072 1847 1136 prospicerent

64 1140 290 1192 relictum,
315 1139 362 1185 in
384 1138 530 1201 ipsum
555 1139 732 1199 Regem
757 1137 999 1197 impetum,
1025 1134 1281 1199 odiumque
1303 1149 1631 1184 converterunt
1659 1155 1670 1182 ε
1697 1154 1750 1184 ac
1771 1136 1849 1183 in-

63 1203 233 1250 citante
256 1203 474 1250 Donaldo
495 1202 686 1248 Atholio
706 1200 752 1246 in
774 1201 891 1248 aedes
915 1198 1151 1247 intromissi
1172 1217 1277 1248 eum
1299 1200 1587 1248 interimunt.

784 1283 799 1296 ⁷
872 1283 889 1311 Ῑ

131 1358 285 1404 XXX.
319 1358 391 1404 EI
415 1353 612 1404 suc‘cefiit
635 1283 870 1420 Eugeiiiitii
895 1283 1270 1419 bonzjilixfilius.
1317 1332 1322 1342 Ι
1355 1354 1498 1404 Hunc
1521 1371 1628 1403 curn
1649 1355 1707 1404 ¹ad
1729 1354 1851 1404 uici-

0 1426 1 1431 ’
66 1421 276 1468 scendam
299 1421 478 1468 Gorani
497 1421 647 1484 patrui
669 1437 827 1466 necem
848 1419 1038 1482 quidam
1059 1421 1340 1466 nobiliorum
1360 1421 1665 1477 hortarentur,
1685 1438 1848 1468 eorum

63 1486 317 1533 orationem
345 1486 460 1532 adeo
495 1486 785 1549 negligenter
807 1485 1017 1548 accaepit,
1057 1497 1106 1530 ut
1144 1484 1237 1547 ipse
1260 1485 1505 1547 suspitione
1545 1486 1850 1534 scelerisnon

65 1549 275 1597 caruerit.
343 1551 454 1598 Eam
478 1551 618 1597 etiam
641 1549 906 1611 opinionem
934 1549 1062 1596 auxit
1083 1564 1313 1613 accaeptus
1336 1548 1383 1595 in
1407 1550 1676 1603 amicitiam,
1716 1556 1755 1596 ἃς
1779 1550 1849 1596 fa-

65 1615 287 1662 miliarem
313 1614 686 1662 consuetudinem
707 1614 950 1660 Donaldus
974 1614 1208 1660 Atholius.
1279 1614 1460 1661 Gorani
1483 1615 1628 1677 igitur
1651 1631 1766 1661 uxor
1786 1610 1847 1661 ii-

64 1678 184 1725 beris
207 1678 356 1741 parvis
379 1680 544 1726 timens
569 1696 673 1726 cum
697 1679 761 1726 eis
784 1677 831 1724 in
859 1678 1138 1726 Hiberniam
1172 1678 1337 1725 seceffit
1363 1697 1373 1725 :
1410 1678 1646 1742 Eugenius
1671 1692 1844 1734 autem,

65 1757 115 1790 ut
138 1744 178 1790 se
202 1743 312 1798 vita,
351 1743 638 1807 moribusque
661 1755 895 1807 purgaret,
919 1742 983 1790 ita
1003 1759 1199 1806 regnum
1221 1743 1364 1806 geffit,
1402 1756 1453 1790 ut
1483 1761 1619 1790 nemo
1642 1744 1846 1806 superio-

8 1818 14 1821 ”
64 1824 166 1854 rum
189 1809 374 1869 Regum
392 1809 495 1870 jure
518 1808 560 1855 ei
586 1808 787 1870 praeferri
809 1809 953 1871 poffit.
1024 1809 1147 1854 Cum
1181 1807 1348 1854 vicinis
1373 1809 1553 1855 nullum
1576 1826 1657 1870 per
1679 1810 1721 1854 se
1748 1810 1846 1856 bel-

64 1871 160 1919 lum
184 1873 326 1935 gestit.
351 1879 356 1882 ’
389 1873 670 1920 Modredum
694 1873 903 1920 adversus
928 1875 1144 1926 Saxones,
1171 1886 1309 1935 atque
1331 1872 1472 1919 etiam
1498 1876 1740 1920 Arcturum
1763 1891 1844 1919 au-

65 1936 340 1997 xiliisjuvit.
409 1937 611 1990 Affiduis,
630 1955 711 2002 per
732 1937 881 1984 varios
920 1939 1058 1984 duces
1095 1936 1436 1984 excursionibus
1471 1940 1540 1999 (z)
1579 1939 1845 2001 Anglorum

67 2001 176 2047 fines
198 2001 379 2048 infestos
414 2002 592 2049 habuit.
660 2003 915 2066 Nunquam
942 2002 1061 2063 justo
1083 2002 1285 2050 exercitu
1314 2018 1424 2050 cum
1463 2004 1528 2049 eis
1551 2004 1842 2067 congressus„

67 2064 283 2130 Regnum
307 2067 455 2113 tenuit
472 2083 614 2114 annos
640 2083 716 2130 23,
741 2067 919 2114 decessit
943 2072 1052 2132 558.

733 2150 934 2198 XLVII.
989 2153 1033 2198 R
1055 2152 1092 2198 E
1117 2152 1176 2200 X.
1796 2195 1799 2198 ,

84 2274 92 2284 ·
130 2223 307 2269 XXXI.
340 2224 433 2276 1³³0
451 2225 477 2270 S
493 2222 540 2270 T
563 2241 667 2271 eum
692 2224 900 2271 suffe-stus
921 2227 982 2272 est
1002 2225 1140 2273 frater
1156 2227 1254 2298 ejus
1270 2227 1338 2290 (3)
1358 2226 1614 2300 Congallus
1633 2248 1643 2276 :
1665 2227 1746 2291 qui
1761 2227 1841 2276 de-

66 2303 165 2335 cem
182 2304 324 2334 annos
342 2305 485 2350 regno
509 2289 554 2335 in
579 2290 751 2336 summa
770 2305 882 2350 pate
900 2289 1109 2352 praefuit:
1129 2308 1201 2336 vir
1221 2293 1284 2338 'ob
1305 2309 1512 2356 egregias
1529 2294 1721 2341 virtutes
1741 2311 1842 2341 om-

67 2353 195 2399 nium
214 2351 478 2399 saeculorum
494 2354 718 2400 memoria
738 2354 922 2417 dignus.
957 2355 1080 2401 Nam
1105 2370 1269 2417 praeter
1291 2357 1555 2419 aequitatem
1579 2357 1628 2405 in
1644 2359 1747 2420 jure
1769 2358 1841 2405 di·-

33 2474 40 2485 l
66 2417 234 2471 cund0,
257 2422 296 2463 δε
320 2417 524 2464 animum
547 2418 753 2465 adversus
777 2417 1011 2466 avaritiam
1033 2419 1273 2475 indcium,
1299 2421 1504 2469 certabat
1526 2424 1844 2477 moderatione

64 2480 173 2529 vitae
195 2496 299 2528 cum
322 2481 574 2537 monachis,
598 2481 679 2545 qui
701 2499 753 2529 ea
777 2495 908 2531 aetate
927 2484 1191 2532 severiffima
1209 2486 1447 2549 disciplina
1467 2488 1726 2535 utebantur.
1762 2489 1842 2534 Sa-

65 2546 493 2609 cerdotespraediis,
516 2547 703 2610 aliisque
723 2549 1022 2610 proventibus
1042 2548 1220 2604 ditavit,
1243 2551 1321 2614 pio
1346 2551 1491 2615 magis
1511 2552 1672 2607 studio,
1698 2547 1843 2615 quam'

66 2609 195 2657 felici
218 2610 427 2657 successu.
495 2612 790 2673 juventutem
815 2613 1121 2661 declinantem
1145 2616 1201 2661 ad
1223 2615 1485 2670 mollitiem,
1508 2624 1548 2664 &
1564 2619 1742 2673 luxum,
1760 2634 1842 2681 pa—

63 2674 216 2737 cisque
238 2674 370 2738 bonis
392 2672 657 2723 abutentem
683 2678 829 2739 magis
851 2679 959 2725 vitae
982 2681 1213 2742 exempiQ
1241 2685 1281 2727 &
1304 2680 1588 2737 austeritate,
1615 2683 1752 2745 quani
1775 2685 1842 2730 le-

64 2755 177 2804 gum
201 2738 433 2786 severitate
455 2741 700 2788 continuit.
754 2742 896 2805 Filios
921 2743 1118 2798 Goraui,
1138 2745 1218 2806 qui
1238 2758 1361 2792 metu
1380 2745 1580 2808 Eugenii
1599 2745 1645 2792 in
1668 2747 1843 2794 Hiber-

63 2802 188 2850 niam
207 2803 479 2859 seeefl'erant,
501 2805 748 2853 revocavit.
821 2808 910 2854 Sed
929 2821 1032 2855 ante
1050 2809 1246 2856 reditum
1268 2826 1427 2856 eorum
1450 2809 1543 2874 ipse
1563 2810 1742 2857 deceffit
1759 2828 1840 2858 an-

64 2883 126 2913 no
159 2885 185 2914 a
215 2868 395 2915 Christo
418 2880 526 2916 nato
554 2873 660 2935 5682
730 2873 847 2918 Rem
873 2872 1084 2920 bellicam
1110 2890 1201 2923 non
1223 2874 1455 2938 attigerat,
1494 2875 1574 2922 nisi
1613 2888 1840 2938 quatenus

65 2931 291 2979 Brittones
321 2933 504 2981 auxiliis
529 2935 651 2997 juvit
674 2936 881 2987 adversus
913 2939 1132 2995 Saxones,
1169 2954 1275 2986 cum
1314 2939 1482 3003 quibus
1505 2939 1630 2988 varia
1657 2940 1843 2989 fortuna

65 2995 183 3060 saepe
204 3009 481 3062 pugnarunt.
703 3065 920 3115 XLVIII
994 3067 1036 3114 R
1058 3066 1096 3114 E
1121 3068 1166 3117 X

129 3136 330 3184 XXXII,
363 3133 718 3197 EOdefunc‘to,
755 3143 807 3193 δε
841 3103 979 3191 fratre
1013 3145 1108 3206 ejus
1139 3103 1410 3196 Kiinnatello
1440 3145 1570 3212 Rege
1604 3146 1842 3213 designato
1916 3158 1918 3160 ’

63 3195 276 3247 Aidanus
299 3201 478 3249 Gorani
499 3203 620 3251 filius
647 3206 775 3254 venit
811 3208 861 3254 in
897 3209 1097 3256 Scotiam
1121 3210 1331 3258 hortante
1350 3213 1450 3258 viro
1471 3213 1622 3260 fausto
1645 3215 1841 3260 Colum-

66 3262 141 3319 ba,
167 3264 372 3328 quiante
407 3264 647 3315 biennium
669 3270 725 3317 ex
757 3269 983 3319 Hibernia
1017 3276 1268 3322 accesserat.
1338 3278 1423 3323 Per
1443 3294 1548 3324 eum
1574 3278 1631 3324 ad
1661 3265 1842 3341 Regem

66 3327 228 3376 duftus
252 3342 418 3395 praeter
439 3336 480 3378 &
503 3331 643 3389 suam,
669 3340 709 3382 δι
729 3336 981 3384 multorum
1003 3337 1129 3402 spem
1151 3340 1465 3389 humaniflime
1489 3341 1714 3406 accipitur
1745 3362 1756 3389 ε
1788 3358 1841 3388 ac

98 3509 107 3518 ,
120 3455 183 3506 (1)
212 3457 298 3496 The
325 3459 693 3512 lord·chief-justice,
712 3476 755 3503 or
777 3465 843 3503 the
858 3467 923 3518 ju·
978 3468 1021 3515 13,
1042 3463 1254 3507 sometimes
1273 3470 1433 3508 Saxones
1452 3483 1465 3522 3
1509 3462 1576 3509 the
1598 3472 1683 3525 Juti
1701 3484 1760 3510 are
1776 3479 1845 3509 not

67 3510 335 3558 Pace-general.
978 3524 1094 3559 much
1115 3523 1342 3561 mentioned.

120 3562 183 3610 (τ.)
211 3565 300 3602 The
314 3565 419 3603 three
433 3567 578 3605 nations
593 3569 676 3607 that
693 3569 811 3610 feized
827 3586 926 3623 upon
1033 3574 1098 3626 (3)
1127 3576 1215 3615 MS.
1233 3577 1451 3616 Cumanus.

66 3615 187 3654 Sout'n
202 3617 361 3666 Britain,
377 3632 436 3658 are
455 3620 666 3662 sometimes
684 3625 801 3664 called
817 3628 925 3677 Aug·
1250 3622 1259 3628 ’

951 3678 1027 3743 Q
1615 3713 1619 3716 ·
1727 3684 1853 3733 bone
