1992 3801
174 127 322 209 *546
495 86 858 198 RERUM
951 126 1691 198 ΞοοτιιιιιιιιιΜ

184 225 295 273 dere
316 222 461 271 coacti
493 216 686 271 fuissent.
754 223 841 269 Illa
877 220 1176 272 nihilominus
1213 242 1240 272 a
1261 227 1500 274 Dumbaro
1540 227 1764 275 incertum
1789 232 1912 292 pejor
1916 251 1938 281 e

183 284 394 344 consilio,
416 305 473 334 an
491 286 571 350 spe
589 288 774 334 vaniore
811 286 1004 349 impulsa
1027 303 1195 344 movet,
1219 287 1293 336 sed
1331 291 1493 338 itinere
1513 292 1653 338 lento
1689 293 1764 338 du
1760 311 1797 336 η
1822 298 1941 367 agri-

188 353 305 400 colis
328 370 352 400 e
372 368 472 398 rure
494 351 645 396 vicino
668 351 868 397 collectis
893 366 1016 397 arma
1038 350 1103 398 di
1107 353 1319 407 ·iduntur.
1387 356 1433 401 Ἱ
1439 356 1600 402 andern
1627 340 1679 401 ad
1707 359 1942 406 Setonium

188 416 345 464 vicum
369 415 448 463 sub
471 418 647 461 noctem
672 415 895 461 veniunt:
929 422 970 462 &
1014 417 1124 478 quia
1144 417 1270 464 locus
1295 431 1462 464 tantam
1475 420 1829 468 multitudinem
1852 440 1943 469 non

185 479 419 542 capiebat,
461 477 510 526 in
547 479 677 542 propi
684 494 830 541 nquos
871 496 1014 542 pagos
1054 480 1256 544 (utrique
1279 482 1502 530 Praestono
1533 501 1701 531 nomen
1724 487 1803 546 est)
1829 486 1987 550 spar-

226 559 378 593 untur

187 558 222 610 g
258 603 699 669 XLV1.Trepidus
721 604 828 651 inde
866 606 1058 654 nuncius
1089 609 1237 671 paulo
1261 623 1365 657 ante
1388 609 1586 657 mediam
1625 614 1802 659 noelem
1829 608 1953 661 venit

179 673 544 735 Edimburgum
567 688 616 716 ac
641 670 782 716 statim
806 671 1051 734 fignodato
1067 675 1377 721 conclamatur
1402 674 1455 721 ad
1482 691 1619 722 arma.
1687 674 1951 737 Experrecti

183 754 218 786 e
263 739 418 785 somno
441 735 715 783 tumultuose
737 749 780 797 q·
777 752 873 781 iam
899 735 1085 798 quinque
1102 740 1240 799 potest
1264 739 1520 785 festinanter
1540 736 1584 785 in
1612 755 1796 811 campos
1819 758 1956 803 prox-

186 801 305 850 imos
329 802 413 848 sese
431 799 635 872 ejiciunt,
657 815 708 844 ac
729 799 797 846 ibi
819 798 938 846 circa
959 801 1061 847 solis
1083 813 1232 847 ortum
1259 803 1552 849 multitudine
1576 800 1676 850 {atis
1721 802 1950 867 frequenti

176 864 376 913 collecta
398 864 538 911 aciem
564 862 801 910 instruunt.
869 863 982 910 Inde
1005 865 1060 910 ad
1088 864 1450 927 Musselburgum
1476 862 1683 938 profecti,
1705 881 1755 913 ut
1778 869 1947 916 flumen

177 931 346 978 Escam
368 928 622 979 transirent,
662 940 904 989 antequam
931 944 1061 988 ponS,
1105 934 1146 974 δε
1168 931 1284 974 vada
1306 924 1363 975 ab
1386 915 1584 976 hosttbus
1608 946 1953 992 occuparentur.

179 994 374 1041 Isvicus
398 993 491 1039 duo
515 1004 687 1038 tantum
717 991 860 1038 millia
881 1009 908 1037 a
929 992 1154 1038 Praestono
1176 991 1309 1038 abest.
1378 994 1424 1039 V
1427 1010 1551 1039 erum
1591 1008 1696 1040 cum
1720 995 1952 1045 neminem

176 1056 297 1105 'inde
320 1057 504 1105 obviam
528 1056 763 1109 haberent,
789 1070 937 1118 neque
959 1055 1208 1118 quicquam
1233 1057 1405 1103 moveri
1428 1053 1745 1119 perspicerent,
1770 1058 1836 1105 ibi
1859 1061 1949 1107 dis-

180 1122 338 1186 positiS
362 1120 532 1185 vigiliis
546 1119 699 1168 cibum
723 1119 926 1182 capiunt.
953 1122 1133 1167 Interea
1143 1136 1224 1183 qui
1246 1119 1353 1168 miffi
1379 1121 1555 1168 foetant
1577 1134 1627 1168 ut
1648 1123 1717 1183 (1)
1738 1124 1948 1185 explora-

124 1221 140 1234 .
186 1200 362 1240 rentur„
406 1200 572 1246 paucos
613 1185 789 1246 equites
813 1183 1057 1246 conspicati
1078 1201 1156 1232 eos
1179 1185 1297 1232 intra
1319 1202 1487 1258 pagum
1510 1188 1848 1247 compulerunt,
1874 1189 1956 1251 ipfi
1978 1239 1979 1242 Ἰ

189 1264 296 1297 met
291 1269 315 1296 u
332 1242 600 1297 insidiarum
616 1265 704 1296 non
719 1249 808 1295 aust
831 1248 1015 1295 ulterius
1047 1249 1260 1330 progredi
1284 1250 1343 1296 nil
1365 1248 1475 1296 certi
1498 1250 1553 1297 ad
1567 1250 1665 1296 suos
1685 1252 1952 1308 retulerunt,

186 1315 269 1361 nisi
297 1315 439 1361 hostes
461 1312 598 1360 castra
619 1329 816 1360 movere.
843 1313 988 1375 Igitur
1042 1311 1246 1361 vindices
1289 1314 1570 1377 Muffelburg
1575 1331 1603 1361 o
1624 1315 1775 1378 egreffi
1799 1316 1957 1366 vident

185 1376 367 1427 hostes
356 1396 402 1426 ιιι
422 1377 667 1451 supercilio
687 1377 795 1424 clivi
814 1377 983 1424 adverfi
1006 1377 1104 1424 acie
1125 1377 1335 1425 instructa
1356 1379 1481 1432 stare,
1506 1396 1558 1425 ac
1542 1333 1665 1426 gsuis
1688 1375 1729 1426 se
1751 1379 1860 1432 locis
1887 1394 1953 1428 te-

186 1458 311 1490 nere.
346 1445 466 1490 Cum
493 1441 715 1488 clivusita
736 1444 880 1488 rectus
904 1443 1025 1495 esset,
1053 1455 1099 1488 ut
1123 1459 1211 1489 non
1237 1443 1323 1490 fine
1344 1441 1578 1506 pernicie
1569 1443 1625 1489 ad
1647 1460 1722 1490 eos
1746 1445 1956 1506 perveni*
1986 1468 1989 1478 ¹

184 1507 227 1554 ri
252 1507 407 1569 posset,
434 1505 651 1567 paulum'
639 1523 686 1552 ιιι
710 1507 947 1554 dexterum
973 1506 1045 1566 (z)
1073 1507 1336 1562 deflectunt,
1359 1508 1489 1554 simul
1513 1521 1560 1554 ut
1582 1508 1715 1554 solem
1736 1509 1763 1554 h
1770 1508 1956 1557 ιὸειεῑιιε

185 1587 213 1618 a
235 1584 383 1632 tergo,
428 1570 558 1617 simul
584 1581 653 1617 ut
669 1570 879 1617 molliore
920 1570 1011 1616 clix
1000 1587 1043 1616 o
1065 1570 1370 1626 ascenderent,
1404 1572 1588 1620 &locis
1611 1571 1761 1619 minus
1781 1573 1952 1635 iniquis

182 1636 504 1700 confligerent.
571 1635 626 1681 Id
643 1651 797 1681 eorum
817 1624 1052 1681 confilium
1079 1634 1305 1698 Reginam
1326 1635 1526 1698 primum
1549 1636 1730 1691 fefellit,
1750 1654 1851 1699 quae
1874 1653 1951 1684 eos

184 1700 363 1766 fugere,
387 1703 437 1750 δε
460 1698 746 1746 Dalkethum
772 1699 970 1746 Comitis
997 1698 1220 1745 Μοιιοιιίἰ
1245 1700 1553 1762 propinquum
1577 1698 1850 1762 oppidulum
1873 1718 1949 1749 eos

182 1778 341 1827 petere
363 1764 592 1812 credebat.
660 1763 935 1810 Persuaserat
955 1763 1079 1809 enirn
1104 1762 1184 1809 fibi
1203 1764 1340 1826 Regii
1363 1765 1560 1827 nominis
1585 1781 1685 1811 eam
1709 1763 1806 1813 fore
1826 1783 1950 1813 reve

168 1829 398 1884 tentiam,
424 1841 472 1875 ut
495 1844 629 1875 nemo
651 1842 706 1873 ex
729 1829 943 1874 adverso
933 1842 1147 1889 apparere
1170 1829 1369 1875 auderet
1439 1821 1527 1874 Sed
1564 1828 1631 1875 ibi
1654 1828 1787 1875 facile
1810 1847 1914 1892 app
1904 1848 1953 1877 ι·ι

185 1893 279 1939 ruit
303 1893 615 1940 auctoritatem
642 1903 690 1938 ut
713 1893 843 1938 bonis
867 1892 1036 1938 artibus
1057 1904 1361 1953 comparatur,
1387 1891 1451 1938 ita
1474 1892 1602 1939 malis
1626 1891 1814 1940 amitti:
1851 1911 1950 1941 ma·

177 1956 476 2020 jestatemque
497 1952 666 2002 virtute
706 1956 963 2003 destitutam
984 1956 1078 2002 levi
1107 1967 1341 2003 momento
1362 1957 1640 2003 evanescere.
1707 1958 1761 2002 In
1788 1957 1949 2005 itinere

183 2021 466 2083 populariter
488 2019 820 2067 ΒειΠςειιιειιΓες
843 2021 967 2067 effufi
992 2037 1127 2068 omne
1150 2037 1294 2082 genus
1326 2034 1606 2068 commeatus
1628 2020 1807 2067 abunde
1831 2036 1954 2070 attu

183 2086 372 2134 lerunt·
411 2085 529 2134 unde
551 2084 729 2132 refectis
747 2084 940 2139 viribuS,
957 2101 1008 2131 ac
1031 2085 1116 2140 liti,
1142 2101 1233 2147 qua
1257 2084 1454 2130 maxime
1466 2084 1759 2140 laborabant,
1785 2085 1950 2160 sedata,

185 2151 265 2197 ubi
280 2150 488 2213 primum
515 2166 695 2212 aequum
712 2149 863 2195 locum
884 2161 1181 2211 occuparunt,
1199 2149 1344 2195 duas
1333 2166 1380 2196 ιιι
1404 2150 1571 2196 hostem
1596 2150 1640 2195 di
1629 2148 1951 2221 riguntacies.

184 2213 350 2262 Primae
373 2226 594 2277 praeerant
614 2213 875 2260 Mortonius
891 2214 1111 2275 adjuncto
1139 2214 1208 2275 (3)
1238 2214 1499 2260 Alexandro
1524 2213 1669 2261 Humi
1674 2230 1701 2260 o
1735 2229 1837 2260 cum
1865 2214 1953 2262 suis

183 2278 447 2326 clientibus
516 2278 772 2324 Secundam
795 2278 1025 2325 ducebant
1049 2278 1255 2326 Comites
1282 2279 1351 2341 (4)
1379 2277 1701 2376 Glencarnius,
1733 2277 1951 2336 Marrius,

176 2335 234 2394 ὅτ
258 2342 489 2390 Atholius.

251 2407 454 2455 XLVII.
523 2405 608 2453 Ibi
617 2419 720 2453 cum
745 2404 790 2453 in
817 2405 1051 2468 procinctu
1076 2405 1255 2460 starent,
1280 2404 1405 2453 venit
1427 2404 1483 2452 ad
1506 2422 1580 2452 eos
1606 2367 1780 2452 Crocus
1803 2421 1955 2456 orator

179 2471 372 2518 QGallus
440 2472 484 2517 Is
501 2482 584 2530 per
606 2470 897 2533 interpretem
918 2470 1131 2534 praefatus
1155 2482 1378 2542 quantum
1401 2465 1574 2534 {emper
1592 2471 1843 2517 commodi
1851 2506 1863 2526 ,

178 2533 510 2598 ‘tranquillitati
534 2534 731 2597 publicae
753 2537 992 2582 Scotorum
1007 2533 1239 2588 studuerit,
1266 2551 1385 2581 nunc
1404 2550 1589 2596 quoque
1613 2552 1651 2579 e
1652 2535 1773 2581 niem
1797 2478 1952 2583 effe&
1903 2553 1952 2582 a·

183 2599 334 2656 nime,
359 2604 406 2648 &t
445 2596 759 2646 vehementer
767 2615 953 2662 cupere,
980 2613 1029 2646 ut
1052 2600 1079 2646 si
1105 2599 1200 2646 fieri
1222 2598 1378 2662 pc-ffet,
1412 2599 1501 2645 fine
1524 2598 1587 2653 vi,
1624 2599 1714 2646 fine
1736 2600 1862 2647 caede
1883 2618 1971 2650 res¹

183 2679 242 2711 ex
267 2662 505 2737 utriusque
514 2663 653 2726 partis
677 2662 873 2711 utilitate
893 2676 1214 2726 componatur.
1282 2663 1358 2710 Ad
1380 2661 1428 2709 id
1450 2661 1491 2709 se
1530 2662 1653 2709 suam
1675 2678 1858 2725 operam
1883 2665 1956 2711 of-

186 2728 322 2776 ferre.
379 2726 616 2802 Reginam
639 2743 824 2790 quoque
846 2744 937 2775 non
955 2728 1198 2775 abhorrere
1219 2742 1245 2772 a
1283 2725 1452 2789 pacatis
1492 2724 1707 2774 consiliis.
1775 2729 1829 2774 Id
1860 2731 1956 2792 qub

117 2821 119 2823 ·
184 2791 370 2840 facilius
386 2791 666 2854 intelligant,
690 2807 790 2838 eam
818 2791 864 2838 in
890 2791 1126 2855 praesentia
1163 2789 1362 2845 veniam,
1408 2795 1446 2838 δε
1470 2786 1688 2838 omnium
1700 2794 1957 2853 praeterito-

186 2873 290 2904 rum
304 2855 587 2903 oblivionem
605 2854 832 2917 polliceri,
847 2873 900 2904 ac
916 2854 1100 2903 sanctes
1093 2849 1309 2918 pondere,
1335 2852 1510 2901 nemini
1524 2853 1671 2903 fraudi
1691 2857 1803 2907 fore.
1815 2857 1958 2930 quod

183 2920 393 2969 adversus
411 2920 671 2982 supremum
695 2920 1002 2983 magistratum
1027 2937 1152 2967 arma
1172 2918 1462 2981 sumpfiffent.
1531 2919 1648 2968 Haec
1684 2936 1791 2967 cum
1813 2920 1956 2970 inter-

68 2996 83 3045 )
113 2999 115 3003 ’
177 3000 317 3048 ‚pres
331 2983 562 3047 retuliffet,
607 2983 870 3032 Mortonius
898 2983 1163 3047 respondit,
1187 2999 1279 3030 non
1303 2983 1345 3030 se
1367 2982 1578 3032 adversus
1613 2981 1869 3052 Reginam,
1883 2985 1959 3033 sed

208 3111 307 3161 (ι)
335 3112 492 3151 Paffives
510 3112 576 3151 for
586 3112 723 3151 aetives
737 3126 796 3151 are
815 3123 855 3153 to
873 3114 918 3152 be
930 3113 1051 3152 found
1105 3110 1229 3150 father
1245 3121 1284 3151 to
1318 3109 1534 3152 Alexander
1554 3108 1635 3151 first
1663 3113 1771 3152 earl.
1798 3112 1867 3152 the
1884 3102 1958 3152 first

185 3163 232 3204 3ss
249 3166 380 3204 almost
398 3167 449 3204 all
467 3167 532 3204 the
551 3165 717 3214 writings
702 3167 778 3204 eos
790 3167 856 3204 the
875 3168 1050 3213 antients,
1105 3165 1199 3202 laird
1218 3166 1263 3203 of
1273 3167 1412 3205 Coldin
1430 3169 1599 3204 Knowes
1617 3165 1763 3212 (whose
1784 3163 1956 3206 successor

187 3219 249 3261 see
267 3218 340 3256 lib.
354 3231 394 3267 7.
413 3231 500 3268 cap.
513 3219 580 3257 66.
597 3218 726 3257 which
749 3219 786 3257 is
813 3220 998 3258 reckoned
1032 3232 1067 3256 a
1105 3231 1211 3256 came
1229 3227 1268 3257 to
1282 3219 1332 3257 be
1337 3220 1432 3269 earl)
1446 3233 1525 3261 was
1543 3218 1737 3272 thisfman'
1741 3221 1879 3268 sgrand
1897 3220 1957 3260 fa·

190 3271 288 3318 kind
306 3270 350 3309 of
365 3272 551 3320 elegance.
588 3282 590 3284 ’
621 3271 630 3284 ⁸
704 3297 708 3302 -
1107 3270 1207 3308 ther'
1210 3285 1225 3309 s
1244 3272 1407 3311 brother.

238 3324 312 3373 (ἰ)
331 3323 421 3372 Scit.
440 3325 536 3362 latus
552 3324 772 3371 velorbem,
792 3325 914 3364 wheel
933 3326 1045 3364 about
1150 3323 1216 3375 (4)
1246 3326 1458 3364 Alexander
1474 3324 1611 3373 (called
1640 3324 1729 3371 the
1734 3325 1846 3373 good)
1874 3291 1953 3362 cari

186 3380 230 3418 (ο
249 3376 448 3425 theright,
467 3377 494 3415 i.
522 3389 557 3414 e.
577 3377 699 3414 either
711 3383 754 3415 to
771 3377 1046 3428 the-right'fide
1096 3376 1141 3417 of
1150 3378 1370 3425 Glencairn,
1381 3380 1487 3432 John
1505 3380 1581 3417 earl
1593 3378 1637 3416 of
1645 3379 1746 3422 Mar,
1761 3377 1954 3415 afterward

188 3433 237 3472 of
249 3429 315 3470 the
331 3443 418 3468 men
431 3444 475 3468 or
491 3430 536 3468 of
548 3428 613 3467 the
630 3429 717 3467 hm.
1098 3444 1204 3480 regen
1194 3440 1237 3478 t,
1256 3431 1360 3484 John
1413 3433 1488 3470 earl
1516 3432 1562 3470 of
1592 3431 1710 3470 Atho]
1725 3428 1860 3479 (called
1886 3429 1956 3467 the

240 3486 315 3537 (3)
338 3484 436 3523 Lord
465 3484 595 3522 Hume
624 3482 747 3522 sonte
769 3483 860 3524 llord
888 3485 1046 3535 ,George
1098 3486 1192 3535 good
1210 3483 1304 3535 earl)
1323 3485 1520 3526 afterward
1536 3483 1761 3525 chanceuor.

1812 3583 1955 3650 Regis
1978 3648 1981 3651 .
