1992 3801
161 178 293 227 22‘0
415 159 826 244 ,RERUM
876 161 1604 228 §corronium

158 259 303 322 migne
321 271 545 324 accaeptus
568 260 688 325 agris
711 265 767 309 ad
791 263 1002 308 Glottam
1033 260 1221 307 fluvium
1254 262 1315 307 est
1348 262 1559 308 donatus,
1625 259 1736 321 Ejus
1758 260 1925 322 posteri

161 340 256 370 non
279 325 422 372 multo
447 331 557 389 'post
576 329 644 387 (1)
672 327 719 373 in
741 341 979 389 procerum
1013 323 1326 387 dignationem
1358 330 1661 388 pervenerunt
1685 342 1696 370 ε
1730 325 1923 386 opulen-

162 387 414 451 tissimaque
436 393 492 437 ab
514 408 568 437 eo
587 389 979 437 Hamiltoniorum
999 388 1171 434 familia
1192 389 1251 434 est
1272 381 1610 451 cognominata.
1694 387 1765 449 (2)
1791 389 1922 451 Agro
1944 394 1950 429 Γ

162 466 351 514 quoque
370 471 507 517 quem
528 455 553 500 ὲ
576 456 703 516 Rege
722 453 910 515 accaepit
934 451 1197 500 Hamiltoni
1218 468 1383 499 nomen
1405 452 1683 514 impositum.
1749 451 1853 498 Nec
1874 467 1923 498 a-

162 520 252 564 deo
274 519 421 573 multo
442 521 540 582 post
557 519 741 581 Anglus
760 517 951 564 turbatis
980 516 1107 563 domi
1128 517 1260 562 rebus
1283 532 1386 562 cum
1412 515 1436 562 ὲ
1454 516 1730 577 primoribus
1753 515 1923 562 multos
1944 535 1946 537 ·

162 581 374 629 affecisset
394 582 634 645 supplicio,
660 582 985 645 Spenserosque
1002 595 1244 644 pravorum
1259 578 1548 626 consiliorum
1567 582 1768 626 auctores
1789 578 1924 625 altius

154 643 301 706 ‘quem
326 645 575 709 propinqui
593 646 686 708 ejus
707 646 821 694 ferre
835 648 1008 707 poffent
1025 645 1267 699 extulisset,
1286 643 1379 706 ipse
1399 642 1425 688 ὲ
1447 643 1559 699 filio,
1580 655 1717 705 atque
1735 643 1792 690 ab
1809 659 1922 689 uxo-

160 723 211 754 re
233 709 426 768 modicis
447 710 591 774 copiis
626 710 927 758 transmarinis
951 710 1065 758 freta
1097 707 1446 772 comprehensus
1472 709 1550 762 est,
1587 712 1636 756 &
1669 706 1719 753 in
1741 705 1921 753 aretini·
1959 758 1961 760 ,

161 789 285 819 mam
307 774 551 838 custodiam
575 776 804 836 conjectus
827 775 952 821 foedo
989 774 1148 822 mortis
1170 790 1335 836 genere
1355 772 1656 833 interemptus
1678 771 1756 826 est,
1781 770 1924 818 trans-

141 837 290 883 ·miffo
310 837 356 883 in
379 838 518 886 a'num
547 855 628 901 per
646 839 835 886 fistulam
857 854 1070 887 corneam
1089 837 1395 892 ferro'calido,
1431 835 1742 899 intestinisque
1760 834 1826 882 ita
1842 835 1925 882 ad-

161 901 285 955 ustis,
326 913 376 948 ut
410 903 537 949 nullo
571 904 769 949 exterius
806 902 981 950 indicio
1017 903 1193 949 facinus
1234 900 1603 948 immaniffimum
1634 899 1921 963 proderetur.

159 965 328 1027 Neque
361 965 499 1020 filius,
539 971 580 1013 &
616 982 728 1014 uxor
749 967 807 1013 ab
829 982 883 1012 eo
907 967 1094 1014 consilio
1124 964 1264 1012 alieni
1295 963 1631 1010 credebantur:
1690 964 1763 1009 vel
1792 964 1924 1025 quod

158 1028 360 1076 custodes
382 1041 553 1077 tantam
572 1046 667 1077 rem
691 1043 781 1078 tam
813 1031 966 1092 aperte
990 1031 1080 1076 fine
1102 1043 1271 1091 magno
1301 1029 1483 1074 auclore
1515 1027 1607 1075 aufi
1629 1042 1721 1074 non
1744 1026 1925 1074 fuiss‘ent

156 1104 376 1140 attentare
397 1112 408 1141 :
444 1095 519 1141 vel
541 1096 668 1158 quod
689 1096 815 1147 nulla
837 1093 1024 1156 quaestio
1046 1095 1102 1140 de
1121 1105 1214 1140 tam
1237 1091 1412 1138 nefario
1434 1090 1596 1138 scelere
1614 1092 1673 1138 est
1693 1091 1891 1138 decreta.

222 1161 276 1204 L.
311 1159 400 1205 Res
418 1158 464 1205 in
491 1159 665 1223 Anglia
685 1160 895 1214 turbatae,
921 1164 960 1206 &
984 1157 1126 1221 Regis
1151 1156 1382 1203 subsecuta
1403 1171 1542 1210 mors,
1567 1160 1608 1202 δε
1631 1155 1800 1203 Bruflio
1819 1171 1920 1202 ver-

153 1233 292 1285 gente
313 1222 361 1269 in
379 1222 550 1271 senium
572 1224 774 1286 corporis
795 1222 1033 1270 infirmitas
1056 1221 1231 1286 aliquot
1268 1236 1408 1267 annos
1430 1220 1547 1266 inter
1565 1219 1760 1266 finitima
1778 1235 1923 1284 regna

153 1302 313 1349 pacem
332 1287 551 1349 praestitit.
620 1289 809 1336 Bruflius
832 1287 953 1334 enim
979 1293 1017 1334 δε
1042 1299 1167 1334 metu
1190 1286 1247 1332 ab
1269 1285 1425 1347 Anglo
1447 1284 1682 1339 liberatus,
1707 1290 1747 1331 δι
1771 1283 1916 1330 aetatis

152 1350 338 1397 decursu
363 1353 636 1400 admonente
663 1353 716 1399 ad
742 1370 808 1400 res
842 1349 1106 1399 domesticas
1140 1348 1423 1396 stabiliendas
1446 1348 1683 1395 conversus
1716 1347 1920 1410 primum
1950 1405 1953 1408 ,

151 1415 363 1463 omnium
401 1428 594 1481 regnum
624 1418 828 1464 nondum
871 1416 971 1462 satis
1008 1432 1066 1462 ex
1103 1410 1386 1478 superiorum
1422 1424 1679 1475 temporum
1714 1407 1946 1459 motibus*

152 1480 451 1544 tranquillum
482 1481 576 1528 filio
612 1483 767 1538 unico,
783 1488 822 1528 δε
842 1481 989 1527 adhuc
1008 1496 1149 1541 puero
1167 1479 1434 1526 confirmare
1455 1494 1537 1540 per
1553 1489 1828 1524 conventum
1844 1492 1918 1523 or-

150 1543 313 1591 dinum
344 1545 535 1592 festinat.
603 1549 646 1593 Is
679 1562 786 1593 vero
809 1547 838 1592 fi
873 1546 962 1592 fine
996 1543 1152 1591 liberis
1191 1554 1441 1589 moreretur
1482 1543 1738 1589 Robertum
1761 1544 1932 1589 Stuarv·

151 1619 252 1655 tum
279 1622 492 1672 nepotem
512 1626 570 1656 ex
592 1611 683 1658 filia
708 1611 992 1658 successorem
1016 1608 1205 1655 destinat
1227 1626 1240 1655 ε
1277 1613 1316 1654 δι
1338 1607 1386 1653 in
1405 1606 1543 1653 verba
1561 1606 1731 1653 decreti
1754 1621 1915 1669 proce·

150 1689 221 1719 res
236 1674 531 1735 jurejurando
555 1676 724 1739 adegit.
792 1674 975 1722 Deinde
997 1674 1166 1720 veritus
1197 1688 1253 1719 ne
1281 1683 1411 1718 vetus
1441 1670 1498 1717 de
1520 1687 1663 1734 regno
1686 1677 1916 1718 certamen

150 1753 254 1784 cum
277 1739 472 1789 Balliolo
494 1737 535 1785 se
573 1755 753 1787 mortuo
774 1750 1084 1793 renovaretur,
1112 1735 1361 1800 praesertim
1383 1735 1642 1782 haeredibus
1664 1735 1751 1781 suis
1774 1751 1914 1797 prop·
1960 1790 1961 1793 Ἰ

149 1813 218 1848 ter
238 1802 528 1850 immaturam
553 1815 730 1853 aetatem
754 1803 960 1851 omnium
983 1803 1161 1864 injuriae
1183 1800 1454 1864 opportunis
1490 1799 1609 1846 misit
1634 1801 1682 1846 in
1706 1799 1915 1846 Galliam

147 1863 367 1914 Iacobum
392 1869 675 1931 Duglassium
696 1869 753 1916 ad
775 1869 992 1915 Ioannem
1017 1866 1261 1915 Balliolum
1284 1881 1387 1912 cum
1410 1863 1689 1927 ampliffimis
1713 1864 1921 1910 muneri·

149 1928 250 1992 bus,
285 1938 325 1978 &
348 1932 567 2005 promissis
592 1945 642 1980 ut
662 1949 806 1996 regno
836 1929 1017 1981 cederet
1049 1950 1060 1978 ε
1105 1931 1154 1977 id
1173 1942 1324 1976 autem
1348 1945 1439 1975 non
1463 1940 1557 1974 tam
1575 1928 1683 1974 novi
1700 1927 1814 1988 juris
1838 1943 1916 1974 ac·
1935 1936 1961 1962 'r

145 1995 360 2056 quirendr
381 1997 510 2043 causa
550 1998 743 2061 (quippe
766 1997 847 2060 qui
869 2014 925 2044 ex
949 2013 1073 2044 more
1096 1997 1333 2042 Scotorum
1358 1994 1460 2039 Rex
1477 1993 1662 2038 decreto
1678 1990 1912 2053 ordinum,

142 2070 283 2122 penes
305 2073 420 2123 quos
443 2063 502 2108 est
544 2063 750 2110 omnium
780 2078 929 2109 rerum
961 2061 1135 2108 summa
1158 2060 1368 2122 potestas,
1405 2057 1548 2103 faCtus
1588 2057 1715 2116 effet)
1750 2055 1826 2103 sed
1863 2069 1914 2104 ut

143 2141 386 2187 pravorum
412 2127 650 2174 hominum
675 2125 915 2180 calumniis
939 2126 1135 2188 posteros
1156 2124 1386 2177 liberaret,
1422 2126 1464 2167 δε
1497 2119 1767 2168 seditionum
1790 2120 1914 2168 radi·
1951 2154 1955 2157 ι

143 2204 216 2235 ces
240 2190 522 2252 praecideret.
549 2187 807 2254 Duglaffius
820 2190 1064 2237 Balliolum
1081 2188 1178 2248 jam
1200 2200 1415 2234 extremae
1436 2185 1674 2232 seneftutis
1697 2182 1914 2232 m'olestiis
1958 2205 1959 2208 ¹

142 2253 359 2301 obseffum
385 2256 524 2318 longe
547 2259 596 2305 &
616 2255 707 2310 sua,
733 2259 779 2304 ὅ(
803 2255 995 2301 aliorum
1020 2251 1239 2315 opinione
1256 2249 1600 2314 placabiliorem
1621 2249 1813 2296 invenit.
1833 2251 1913 2296 In-

141 2319 293 2380 genue
315 2317 439 2367 enim
457 2319 676 2366 confessus
699 2319 760 2365 est
782 2319 857 2365 sua
878 2319 1014 2382 culpa
1035 2318 1076 2364 se
1094 2316 1142 2364 in
1160 2316 1369 2364 ordinem
1392 2314 1643 2368 redactum,
1660 2330 1712 2360 ac
1726 2313 1948 2368 merito„⁴

142 2381 268 2428 velut
285 2400 428 2446 regno
449 2383 661 2430 inutilem
684 2386 909 2431 exailum.
978 2384 1141 2445 Itaque
1163 2380 1205 2428 se
1229 2396 1320 2427 non
1340 2378 1479 2426 modo
1496 2377 1630 2424 facile
1647 2377 1743 2440 pati
1760 2376 1912 2440 impe·
1932 2406 1943 2421 χ

141 2444 259 2492 rium
283 2464 420 2510 penes
443 2447 699 2495 Robertum
738 2447 866 2494 suum
899 2446 1214 2510 propinquum
1242 2446 1352 2498 effe,
1375 2442 1504 2504 cujus
1524 2441 1696 2488 virtute
1717 2441 1908 2498 summa,

141 2509 355 2572 singulari
376 2511 610 2567 felicitate,
625 2517 664 2559 δι
688 2511 897 2559 maximis
921 2511 1152 2558 laboribus
1173 2509 1221 2556 in
1240 2508 1474 2573 pristinum
1498 2505 1783 2569 splendorem
1807 2507 1912 2553 effet

139 2574 438 2623 vindicatum.
507 2577 631 2624 Illud
655 2574 794 2623 etiam'
811 2578 851 2623 se
873 2577 1088 2640 gaudere,
1106 2573 1233 2637 quod
1252 2590 1334 2636 per
1354 2587 1469 2635 quos
1487 2569 1581 2633 ipse
1595 2570 1817 2634 ,deceptus
1837 2570 1909 2618 fu·

136 2649 251 2692 erat,
269 2639 472 2703 perfidiae
494 2641 581 2687 suae
604 2640 794 2702 praemio
816 2655 904 2688 non
930 2641 1202 2687 fruerentur.
1440 2664 1444 2668 -

162 2746 164 2751 ,
204 2704 284 2749 LI.
318 2705 436 2751 Haec
458 2718 566 2751 cum
587 2706 816 2752 Robertus
850 2722 906 2752 ex
929 2703 1148 2752 sententia
1169 2700 1437 2766 perfecisset,
1467 2698 1630 2755 eodem
1662 2715 1799 2754 annor,
1823 2698 1907 2761 qui

140 2765 230 2813 fuit
251 2768 512 2815 millefimus
540 2771 875 2816 trecentesimus
899 2770 1143 2833 vigesimus
1163 2767 1377 2830 septimus
1413 2764 1549 2811 nostri
1578 2765 1761 2810 tradunt
1781 2765 1910 2825 lega·
1962 2820 1963 2825 ¹

141 2841 207 2875 tos
233 2831 288 2876 ab
312 2834 524 2879 Eduardo
544 2833 677 2880 tertio
699 2835 755 2880 ad
775 2834 1104 2897 pacificandum
1125 2831 1171 2878 in
1195 2830 1393 2877 Scotiam
1418 2829 1584 2882 miffOS,
1605 2830 1731 2889 quod
1752 2827 1913 2874 infidi·
1937 2862 1940 2865 n

60 2916 67 2923 =
139 2893 215 2938 ose⁴
234 2894 312 2941 vifi
330 2899 466 2943 essent
483 2912 615 2961 agere
633 2914 714 2959 pro
731 2916 841 2961 pace
856 2898 1027 2944 bellum
1047 2898 1237 2943 domum
1252 2891 1461 2945 retulisse,
1483 2907 1641 2936 verum
1664 2891 1907 2953 quaefraus

139 2954 549 3018 intentaretur-non
573 2962 819 3023 explicant.
860 2963 919 3008 Et
943 2961 1087 3024 Angli
1111 2960 1282 3007 bellum
1302 2955 1457 3020 aperte
1481 2954 1508 3000 ὲ
1529 2956 1736 3002 Roberto
1757 2953 1907 3002 indic·
1970 2989 1972 2991 -

140 3029 242 3066 tum·
263 3023 486 3071 affirmant
511 3045 521 3071 :
558 3025 632 3071 sed
652 3042 733 3071 nec
758 3026 896 3084 ullzvr
919 3026 986 3071 illi
1006 3025 1183 3072 causam
1206 3021 1461 3068 ascribunt:
1486 3035 1586 3065 eam
1607 3032 1757 3066 tamen
1777 3021 1908 3082 mag·-
1940 3046 1941 3049 =
1971 3068 1973 3070 ,

141 3090 247 3130 nam·
282 3086 424 3141 fuisse,
460 3105 516 3134 ac.
539 3087 699 3148 justam
723 3090 942 3136 credibile
960 3090 1036 3143 cst,
1062 3094 1166 3150 quae
1187 3086 1336 3132 senem
1358 3082 1758 3138 valetudinarium,
1782 3096 1909 3130 tran-

94 3207 98 3210 *
140 3148 371 3211 quillit'ate
393 3151 518 3198 dorni
540 3152 728 3198 vixdum
753 3155 1010 3208 constituta,
1036 3158 1075 3198 &
1099 3167 1238 3213 quem
1281 3165 1372 3196 non
1396 3147 1640 3201 bellorum,
1667 3147 1742 3193 sed
1761 3146 1914 3194 victo«
1935 3201 1945 3209 ,

140 3213 308 3259 riarum
333 3213 507 3261 satietas
528 3231 688 3276 capere
710 3217 920 3277 potuisset
942 3218 999 3262 ad
1022 3232 1147 3262 arma
1168 3230 1259 3261 tam
1283 3211 1451 3276 cupide
1473 3210 1739 3258 resumenda
1757 3210 1907 3257 excie-
1969 3247 1974 3250 .

139 3275 216 3325 rit.
272 3277 423 3324 ‘Certe
455 3279 568 3324 i'll’ud
593 3279 693 3323 satis
716 3281 900 3333 constat,
926 3282 1102 3352 Regem
1128 3291 1257 3326 aetate
1277 3275 1534 3323 invalidum
1559 3275 1681 3320 bello
1702 3273 1905 3337 gerendo
1930 3286 1944 3330 ,‘
1965 3296 1968 3297 ⁷

66 3361 75 3371 ’
137 3355 232 3395 non
254 3337 516 3402 interfuisse.
584 3341 701 3405 Mlffi
723 3343 780 3387 ab
797 3359 852 3388 eo
875 3344 1047 3390 suntin
1085 3342 1304 3405 Aug-liam
1327 3340 1538 3386 Thomas*
1563 3337 1837 3393 Randolfus,
1862 3341 1903 3383 δε
1931 3376 1935 3382 .
1966 3369 1969 3371 »

83 3431 87 3434 -
138 3405 337 3453 Iacobus
355 3404 613 3470 Duglassi-us
631 3404 839 3451 omnium
857 3404 979 3452 illius
1003 3408 1146 3454 aetatis
1169 3402 1342 3454 ducum
1360 3406 1408 3456 ὃς
1429 3401 1717 3458 fortitudine,
1735 3406 1777 3448 &
1794 3416 1903 3464 pru-

195 3535 257 3585 (1)
287 3535 401 3573 Made
417 3529 530 3572 [offis.-
671 3581 688 3597 ⁴
1046 3548 1130 3574 now
1148 3534 1363 3574 Hamilton.

195 3590 257 3638 (z)
283 3589 411 3627 Called
432 3589 591 3637 Cadyow
610 3600 650 3624 or
671 3587 836 3638 1<cdyow
854 3585 989 3634 before,

1753 3648 1910 3708 dentia'
1956 3720 1957 3723 Ἴ
