2010 3851
280 159 574 223 Lr-BER
668 148 1567 216 Dsscmusocmvus.
1681 153 1813 220 525

0 231 25 324 ’ἒῆ
55 277 153 316 aasz,
173 258 248 306 sed
268 273 372 306 eum
396 251 489 316 ipsa
501 249 566 297 ire
588 248 752 304 vetuit,
775 249 906 296 simul
928 245 1088 298 verita,
1108 259 1169 289 ,ne
1190 241 1295 312 ejus·
1308 254 1448 302 opera
1470 246 1669 300 aegrotus
1691 247 1813 278 mor-

0 311 24 410 ti
58 339 151 373 tem
174 323 383 370 evaderet
402 334 415 365 ε
457 310 586 362 fimul
608 330 667 360 ne
681 315 715 359 ‘a
736 314 942 375 pluribus
968 308 1133 356 veneni
1154 307 1328 353 indicia
1349 300 1815 366 deprehenderentur.

1 498 19 528 η

123 388 237 435 VII.
270 378 559 431 ceremoniis
591 377 806 440 baptismi
847 375 1067 439 peraftis,=
1105 378 1145 418 8:
1170 369 1388 433 paulatim
1413 368 1548 414 turba
1567 363 1819 414 dilabente,

57 451 241 515 Regina
260 444 552 494 solitudinem
577 458 785 505 quaerens
807 456 911 486 cum
929 437 1172 486 Bothuelio
1194 450 1337 498 prope
1363 449 1453 480 uno
1475 428 1598 492 apud
1622 427 1824 494 Drumc-

58 517 207 568 nium,
232 518 272 558 &
315 506 664 557 Tilibardinum
709 505 938 553 nobilium
982 504 1144 549 domos
1186 500 1364 561 aliquot
1384 497 1546 567 diebus
1578 488 1825 565 transactis,

59 582 184 632 circa
203 574 405 623 Ianuarii
425 571 608 620 initium
633 571 880 618 Sterlinum
902 566 1053 614 rediit.
1086 568 1145 612 Et
1167 580 1271 612 cum
1295 563 1502 625 quotidie
1521 564 1564 606 ie
1587 559 1836 628 (sla-leuant

6 649 11 652 '
61 647 229 693 ituram
253 638 521 691 ostenderet,
547 650 599 681 ac
620 634 841 681 nuncium
866 633 922 679 de
945 644 1092 678 morte
1115 628 1257 692 Regis
1279 629 1557 689 expectaret,
1579 625 1627 671 in
1650 636 1748 681 ejus
1770 633 1838 667 ret

12 755 14 757 ,
62 694 288 756 incertum
311 716 525 749 eventum
551 699 696 747 filium
718 699 766 744 in
788 698 864 744 sua
885 697 1105 759 potestate
1126 695 1292 740 habere
1313 692 1532 739 decrevit.
1599 687 1656 733 ld
1693 684 1840 755 confir·

6 763 13 784 ”
61 773 177 822 lium
201 771 297 833 quo
321 767 471 814 minus
493 764 740 826 suspectum
765 763 1025 815 haberetur,
1050 757 1220 805 causari
1261 757 1405 819 coepit
1426 756 1563 810 aedes,
1599 753 1648 799 in
1668 752 1838 821 quibus

65 853 181 902 puer
221 832 501 881 educabatur
524 828 859 882 incommodas,
899 826 1027 889 quod
1046 825 1094 871 in
1118 824 1232 871 locis
1254 822 1474 876 humidis,
1499 828 1538 868 δε
1562 816 1842 886 praefrrgidis

52 899 329 973 ⁴periculum
353 897 395 943 ei
416 912 448 942 a
470 894 637 957 pituita
658 894 779 940 esset.
848 893 938 938 Sed
960 891 1095 937 facile
1118 888 1369 950 apparebat
1390 887 1480 933 alia
1509 888 1566 933 de
1585 888 1733 933 caula,
1758 883 1845 926 ali·

49 956 192 1028 'oque
214 962 369 1009 animo
392 961 492 1006 haec
516 959 630 1012 fieri,
673 974 778 1004 cum
821 962 860 1002 &
884 955 1012 1009 vitia,
1045 970 1149 1017 quae
1176 954 1436 1000 vitabantur
1475 949 1730 999 mutatione
1753 946 1845 1016 loci

71 1031 211 1091 longe
255 1028 427 1088 majora
467 1024 514 1070 in
558 1023 669 1075 illis,
694 1026 790 1084 quo
810 1022 1082 1073 ducebatur,
1108 1018 1283 1065 aedibus
1327 1018 1480 1072 essent,
1511 1015 1627 1063 utin
1653 1015 1724 1076 (1)
1751 1014 1845 1084 soso

73 1092 285 1145 humido,
311 1094 360 1140 ὃς
384 1088 570 1153 palustri
593 1089 682 1137 fitis
709 1105 721 1133 :
756 1092 804 1137 ὅ(
827 1103 854 1133 a
876 1086 966 1131 sole
989 1087 1157 1131 montis
1199 1083 1379 1143 objeaestu
1424 1083 1602 1128 aversis.
1670 1080 1788 1126 Puer
1810 1093 1849 1123 1-

9 1187 15 1204 -.
73 1158 200 1222 gitur
218 1155 296 1203 vix
317 1153 562 1217 septimum
588 1151 732 1198 aetatis
754 1151 972 1216 ingressus
995 1148 1212 1202 mensem,
1232 1147 1473 1208 asperrima
1515 1147 1667 1193 hieme
1690 1143 1852 1194 Edim.

73 1225 274 1284 burgum
319 1220 521 1265 ducitur.
589 1217 663 1263 Ibi
705 1231 812 1263 curn
854 1215 1065 1262 rescitum
1089 1215 1211 1267 effer,
1246 1214 1421 1275 Regem
1444 1211 1774 1263 convalescere,
1799 1224 1854 1255 ae

9 1287 15 1299 ”
77 1286 171 1333 vim
215 1283 382 1331 veneni
424 1282 569 1329 aetatis
592 1282 772 1346 vigore,
795 1284 844 1328 &
882 1278 1085 1342 corporis
1109 1277 1324 1324 firmitate
1360 1276 1557 1323 naturali
1579 1276 1852 1338 superatam,

10 1336 17 1366 ἰ’
78 1366 250 1399 novum
274 1349 331 1395 de
361 1364 418 1395 eo
441 1347 648 1394 tollendo
670 1344 908 1393 confilium
929 1344 1076 1391 initur
1099 1360 1111 1388 2
1143 1342 1322 1404 aliquot
1342 1343 1481 1388 etiam
1505 1342 1529 1388 ὲ
1552 1341 1793 1388 nobilitate
1806 1338 1854 1388 in

11 1423 19 1460 g.-
77 1415 402 1462 conszientiam
425 1412 601 1458 sceleris
625 1411 766 1459 asciti.
1540 1427 1543 1429 ·

147 1481 285 1527 Vm,
318 1479 438 1525 Cum
462 1477 637 1523 interea
657 1477 715 1522 ad
737 1474 966 1538 Reginam
990 1473 1194 1520 delatum
1234 1472 1358 1526 effet,
1383 1472 1562 1535 Regem
1597 1472 1654 1519 de
1677 1471 1788 1536 fuga
1809 1473 1860 1522 in

6 1586 16 1601 ⁴
85 1545 311 1597 Galliam,
337 1555 415 1588 aut
437 1540 708 1603 Hispaniam
730 1542 934 1604 cogitare
959 1557 971 1585 ε
1004 1555 1150 1600 eaque
1172 1539 1228 1584 de
1250 1554 1298 1583 re
1336 1551 1441 1583 cum
1467 1536 1653 1600 Anglis,
1677 1540 1758 1600 qui
1781 1556 1862 1586 na·

7 1604 17 1613 ⁹
55 1663 58 1665 .
82 1626 189 1657 vem
213 1608 260 1654 in
285 1607 489 1654 aestuario
512 1603 691 1652 Glottae
713 1606 901 1657 stantem
920 1603 1153 1650 habebant
1174 1602 1474 1649 collocutum.
1543 1602 1641 1648 Alii
1663 1604 1863 1649 occa-fio-

45 1688 47 1690 ·
87 1691 195 1722 nem
216 1671 461 1719 commode
483 1671 684 1717 oblatam
707 1669 906 1724 censent,
953 1682 1003 1715 ut
1029 1667 1214 1731 Regina
1238 1684 1344 1713 eum
1369 1665 1632 1721 accerseret,
1655 1683 1709 1714 ac
1731 1669 1762 1714 st
1783 1684 1865 1715 ve-

14 1733 18 1737 ’
90 1739 188 1786 nire
230 1738 418 1792 abnuat,
462 1735 616 1799 palam
658 1740 780 1781 terro
823 1733 1142 1782 trucidaretur.
1207 1733 1313 1780 Nec
1346 1733 1551 1787 deerant,
1575 1733 1656 1795 qui
1679 1748 1868 1796 operam

53 1847 56 1849 .
88 1803 209 1850 suam
231 1801 573 1865 pollicerentur.
643 1799 741 1847 Alii
761 1802 942 1846 occulte
963 1798 1138 1845 facinus
1160 1796 1330 1860 exequi
1361 1798 1620 1844 consulunt.
1689 1800 1870 1845 Omnes

36 1888 51 1917 κ
93 1866 415 1920 festinandum,
460 1878 708 1928 antequam
731 1865 868 1927 plane
912 1862 1261 1910 convalesceret.
1294 1862 1477 1925 Regina
1497 1863 1650 1909 secura
1670 1863 1730 1909 de
1751 1863 1868 1918 filio,

64 1957 69 1966 τ
95 1945 147 1980 ut
167 1931 382 1980 maritum
403 1946 591 1993 quoque
610 1929 802 1977 haberet
821 1929 870 1975 in
892 1931 1127 1992 potestate,
1154 1944 1418 1991 quanquam
1440 1928 1619 1974 incerto
1640 1928 1790 1975 adhuc
1814 1930 1872 1976 de

96 1992 264 2068 genere
285 1995 423 2043 caedis
446 1994 653 2051 confilio,
676 1994 773 2058 ipsa
795 1994 1043 2040 Glascuam
1066 1993 1288 2055 proficisci
1318 1992 1539 2039 decrevit.
1575 1993 1875 2055 Superiorum

99 2063 319 2111 mensium
363 2059 686 2123 suspitionibus
725 2076 807 2123 per
827 2059 1108 2121 frequentes,
1151 2070 1200 2106 et
1228 2057 1492 2105 amiciffime
1512 2057 1698 2121 scriptas
1720 2057 1876 2107 literas

67 2168 69 2170 .
103 2132 175 2189 (ut
192 2125 287 2190 ipsa
308 2125 510 2184 rebatur)
537 2123 638 2171 satis
662 2126 969 2188 perpurgatiS,
993 2123 1068 2170 sed
1084 2123 1207 2170 fasta
1227 2123 1370 2171 literis
1394 2122 1533 2170 fidem
1555 2123 1875 2171 detrahebant.

18 2199 20 2202 ’
100 2193 235 2240 Nam¹
249 2190 347 2252 ejus
386 2187 563 2236 itineris
596 2204 740 2253 prope
761 2188 877 2236 solos
915 2188 1110 2235 comites
1139 2188 1475 2242 Hamiltoni03‚
1511 2187 1712 2250 aliosque
1735 2190 1879 2253 Regis

48 2311 51 2313 μ
104 2269 318 2322 paternos
340 2253 555 2300 inimicos
579 2253 795 2301 habebat.
857 2253 1047 2315 Qaein
1066 2270 1163 2301 rem
1184 2256 1360 2301 interea
1378 2255 1518 2300 essent
1539 2254 1786 2301 Bothuelio
1799 2270 1882 2302 cu-

103 2321 263 2375 randa,
289 2318 569 2383 Edimburgi
589 2318 857 2365 committit.
911 2319 957 2364 Is
979 2319 1106 2366 enim
1127 2320 1256 2366 locus
1279 2324 1320 2366 &
1338 2320 1396 2365 ad
1420 2318 1716 2381 patrandum,
1741 2324 1783 2366 δι
1805 2336 1886 2368 oc-

105 2385 378 2432 cultandum
400 2383 541 2430 scelus
559 2383 760 2430 maxime
778 2382 897 2430 visus
911 2384 973 2430 est
989 2383 1209 2431 idoneus:
1235 2384 1411 2446 quippe
1427 2383 1504 2429 ubi
1519 2382 1567 2429 in
1584 2399 1756 2448 magno
1769 2400 1888 2432 cort·

56 2459 72 2504 j
105 2462 246 2499 ventu
269 2447 526 2509 nobilitatis
545 2447 592 2495 in
613 2449 758 2495 alium
780 2447 1031 2504 transferri,
1056 2448 1199 2495 autin
1218 2450 1390 2496 multos
1411 2447 1561 2513 spargi
1582 2447 1774 2512 suspicio
1795 2466 1885 2497 caze-

107 2515 181 2563 dis
198 2515 358 2578 poffet.
393 2513 515 2560 Cum
536 2513 720 2576 Regina
739 2513 913 2568 omnia,
935 2530 1040 2576 quae
1062 2515 1174 2560 odio
1195 2513 1515 2560 diffimulando
1537 2515 1694 2569 essent,
1719 2515 1888 2562 tentas-

107 2580 190 2635 set,
213 2573 634 2641 objurgationibus,
669 2576 988 2646 querimoniis,
1027 2577 1435 2626 lamentationibus
1477 2577 1634 2627 multis
1657 2578 1798 2637 ultro,
1821 2580 1891 2628 ci-

18 2652 24 2685 1
67 2676 80 2689 ξ
114 2659 278 2707 troque
295 2642 508 2706 peraffis,
532 2659 654 2707 aegre
675 2658 830 2690 tamen
851 2641 993 2689 animi
1015 2643 1186 2706 placati
1208 2644 1344 2691 fidem
1368 2643 1496 2692 fecit.

53 2707 76 2731 ¹
179 2709 266 2756 IX.
299 2709 401 2755 Rex
423 2708 628 2756 nondum
669 2708 695 2755 ὲ
733 2708 898 2754 morbo
936 2708 1037 2754 satis
1063 2708 1258 2762 validuS,
1285 2709 1447 2756 leffica
1468 2707 1811 2773 Edimburgum
1833 2712 1895 2771 ad.

108 2774 275 2823 locum
295 2789 377 2836 per
394 2772 694 2820 Bothuelium
715 2773 818 2836 (qui
840 2772 1023 2819 absente
1041 2774 1223 2838 Regina
1243 2775 1292 2822 id
1314 2791 1482 2821 munus
1505 2773 1775 2838 susceperat)
1799 2774 1896 2824 sce·-

16 2871 21 2875 -
93 2888 97 2897 ,
118 2837 203 2886 leri
221 2837 498 2885 destinatum
519 2837 778 2885 deducitur.
849 2839 921 2899 (a)
953 2839 1063 2885 Erat
1083 2851 1237 2886 autem
1260 2838 1298 2885 is
1320 2840 1449 2886 locus
1472 2840 1592 2886 aedes
1614 2856 1697 2904 per
1716 2839 1900 2904 aliquot

56 2950 59 2954 ,
81 2946 86 2956 ,
121 2919 265 2950 annos
285 2902 490 2956 desertae,
514 2902 746 2966 murisque
772 2903 894 2949 urbis
913 2903 1171 2964 conjunfitae
1191 2904 1240 2951 in
1264 2906 1383 2956 vasta
1404 2905 1648 2952 solitudine
1670 2904 1901 2954 interdu-

67 3006 78 3020 .
123 2983 254 3015 orum
278 2967 560 3030 templorum
581 2967 754 3023 ruinas,
797 2968 918 3014 unde
939 2984 1093 3031 neque
1113 2969 1306 3025 clamor,
1349 2982 1428 3016 aut
1461 2969 1670 3033 strepitus
1690 2971 1904 3020 exaudiri

71 3075 74 3086 ς
111 3032 263 3101 posset
288 3050 301 3079 ε
333 3047 390 3078 eo
413 3045 520 3078 cum
544 3032 702 3094 paucis
721 3031 936 3079 ministris
951 3032 1148 3081 intrusus
1162 3036 1239 3081 est.
1267 3033 1423 3096 Major
1445 3050 1566 3097 pars,
1589 3036 1902 3102 quosRegina

9 3102 12 3105 ’
74 3122 76 3125 ·
124 3110 216 3154 ιιιοιι
237 3095 485 3154 ¹minimos,
520 3094 595 3142 sed
633 3098 845 3144 omnium
868 3096 1098 3145 diftorum
1120 3114 1172 3144 ac
1194 3099 1421 3146 fafitorum
1441 3100 1749 3148 observatores
1770 3102 1905 3150 addi·

127 3159 274 3216 derat,
311 3161 610 3214 discesserant,
650 3162 780 3223 gnari
815 3162 1033 3209 videlicet
1065 3164 1257 3226 periculi
1290 3164 1615 3213 imminentis:
1649 3183 1801 3230 neque
1823 3166 1907 3230 qui

62 3265 91 3295 ,ὦ
128 3224 433 3272 remanserant
453 3225 512 3272 ab
532 3224 718 3286 hospitIi
739 3226 1025 3289 paratoribus
1049 3229 1198 3276 claves
1235 3228 1454 3276 ostiorum
1475 3242 1749 3294 extorquere
1774 3246 1908 3294 pote-

68 3294 110 3354 43
130 3301 246 3340 rant.
314 3289 497 3354 Regina
517 3302 674 3337 autem
697 3307 839 3338 unum
877 3292 927 3338 id
949 3295 1150 3341 maxime
1169 3294 1384 3342 omnium
1418 3294 1603 3359 agebat,
1630 3310 1680 3344 ut
1700 3313 1859 3344 omnes
1881 3313 1911 3344 a

0 320 8 342 i*

0 395 13 461 ἰ.

2 950 17 1156 ..-ς..ι-’νυὴᾳ“
0 827 17 943 awo-‘¹'

75 3390 106 3437 *ζ’
168 3391 257 3465 ζ(ῐ)
284 3408 372 3446 The
391 3409 515 3458 palace
534 3408 580 3445 of
591 3408 912 3498 Holyroodhouse.
1047 3412 1092 3450 of
1119 3413 1184 3452 the
1220 3414 1290 3452 said
1312 3414 1408 3454 kirk
1440 3417 1511 3452 and
1546 3416 1613 3453 the
1632 3416 1735 3453 ficlds
1765 3429 1814 3453 on
1841 3415 1910 3454 the

195 3459 258 3509 (2)
287 3462 373 3499 The
392 3462 568 3510 provost's
587 3462 662 3498 hou
682 3476 700 3498 e
717 3476 804 3500 near
816 3464 881 3501 the
899 3464 993 3503 kirk
1046 3468 1134 3513 east,
1169 3471 1241 3506 and
1259 3468 1324 3506 the
1343 3470 1447 3506 ruins
1465 3469 1510 3505 of
1522 3469 1588 3507 the
1609 3468 1828 3506 blackfriers
1859 3483 1911 3507 on

140 3511 186 3551 of
197 3515 254 3553 St.
275 3513 418 3569 Mary's
436 3516 474 3551 in
495 3515 559 3551 the
576 3515 696 3563 fields,
716 3529 801 3553 now
820 3530 840 3553 a
858 3527 938 3566 part
957 3518 1001 3556 of
1050 3520 1115 3558 the
1151 3522 1253 3566 west,
1288 3523 1414 3561 where
1449 3534 1534 3561 now
1569 3521 1633 3569 the
1668 3522 1762 3572 high
1782 3522 1911 3567 school

141 3565 206 3602 the
224 3569 363 3616 college
380 3569 423 3604 of
437 3568 670 3616 Edinburgh,
693 3570 757 3607 but
766 3569 856 3606 then
874 3571 995 3608 stand·
1049 3575 1233 3613 standeth.
1770 3571 1781 3582 ²

141 3615 206 3672 ing
223 3618 264 3658 in
283 3621 438 3661 adesart
467 3622 585 3674 place,
617 3622 756 3670 having
799 3622 863 3661 the
892 3624 995 3662 ruins

1873 3681 1916 3750 ss
