1992 3801
151 137 287 214 264
456 137 813 203 RERUM
902 134 1595 201 ScoTrcARuM

149 251 255 283 cum
277 234 571 283 successurum
593 236 652 282 est
671 234 904 297 professus,
920 232 950 278 fi
965 231 1089 278 aurei
1109 231 1268 280 scutati
1281 231 1455 288 Gallici
1474 231 1722 280 dimidium
1743 249 1909 298 reprae-

149 299 397 347 sentaretur
417 299 499 346 fibi
519 299 695 353 victori,
720 314 772 344 ac
793 297 840 343 in
863 297 1105 358 posterum,
1122 296 1268 343 donec
1287 297 1479 353 viveret,
1504 298 1562 344 de
1582 297 1706 344 victu
1727 314 1908 347 caverea
1988 344 1989 347 ,

149 376 241 411 tur.
306 365 380 412 Ita
394 363 540 411 rursus
563 375 741 424 aequato
758 377 950 407 numero
971 372 1198 408 certamen
1220 360 1390 408 initur:
1424 363 1477 408 ac
1499 374 1626 410 tanta
1646 377 1909 425 corporum,
1955 380 1966 398 ⁸<

150 425 814 491 animorumque'contentione
835 436 1083 488 pugnatur,
1107 437 1331 488 quantum
1354 426 1530 472 efficere
1552 438 1730 489 poterat
1752 428 1913 476 odium

148 505 279 540 vetus
309 493 438 540 novis
468 488 757 538 'detrimentis
794 488 1129 535 inflammatum
1164 487 1212 536 in
1248 489 1497 536 ‘hominum
1537 489 1914 540 ferociffimorum

150 556 408 605 crudelitati
438 555 612 602 affueris
650 553 848 617 ingeniis
872 570 883 599 ε
922 557 970 602 a&
991 552 1148 600 vioori
1184 570 1272 608 res,
1292 550 1535 617 decusque,
1561 554 1681 601 victo
1711 561 1913 611 mom&

149 620 407 684 ignominia
429 620 673 682 propofita.
740 618 844 665 Nec
862 616 1012 664 minor
1032 619 1280 681 speciant&
1301 619 1477 673 horror,
1498 617 1635 681 quam
1657 632 1916 682 pugnantes

153 688 281 733 furor
303 685 503 738 tenebat,
528 684 752 730 deformes
786 699 1030 746 corporum
1063 683 1276 737 laniatus,
1300 682 1678 746 detruncatosque
1708 695 1849 738 artus,
1874 689 1917 731 δε

150 750 199 797 in
221 749 420 797 hominis
442 746 592 811 effigie
609 746 783 810 rabiem
806 746 1002 794 ferarum
1022 747 1304 794 detestantes.
1373 747 1496 794 Illud
1516 760 1668 794 autem
1685 748 1732 794 in
1755 748 1917 810 primis

80 839 85 850 =
150 815 444 871 abjomnibus
467 814 526 858 est
545 811 923 864 animadversum,
939 813 1065 874 quod
1085 828 1220 858 nemo
1239 810 1281 857 se
1303 811 1510 857 omnium
1536 811 1698 859 fortius
1721 827 1917 874 gereret,

150 879 292 942 quum
317 876 622 940 supposititius
644 876 741 930 ille,
766 878 812 923 δί
839 875 1142 922 mercenarius
1164 876 1374 930 bellator,
1399 876 1530 935 cujus
1556 892 1695 939 opera
1716 878 1920 924 maxime·

151 943 389 989 victoriam
420 954 594 1003 partam
630 939 902 985 existimant.
973 939 1301 1000 Superfuerunt
1339 938 1461 984 enim
1494 940 1737 991 certamini
1759 957 1815 988 ex
1845 958 1918 995 ea,

153 1009 230 1055 cui
264 1006 406 1054 seille
439 1005 677 1051 addixerat
706 1015 833 1065 parte
856 1015 1019 1064 praeter
1052 1001 1198 1063 ipsum
1229 1002 1387 1048 decem
1415 1019 1426 1047 :
1461 1002 1536 1048 sed
1557 1019 1715 1050 omnes
1739 1006 1920 1067 magnis

152 1070 418 1119 vulneribus
436 1068 636 1132 graviter
657 1065 807 1116 saucii.
848 1063 854 1089 ¹
877 1068 947 1112 Ex
967 1068 1108 1112 altera
1129 1067 1325 1113 fac'tione
1340 1067 1530 1113 restabat
1554 1083 1687 1123 unus,
1710 1069 1791 1130 qui
1813 1085 1919 1116 cum

153 1153 320 1199 corpus
338 1134 488 1180 adhuc
506 1132 624 1179 ferro
638 1132 827 1177 haberet
840 1130 1080 1186 intacium,
1096 1131 1396 1193 iniquamque
1409 1131 1668 1178 certaminis
1689 1132 1920 1195 fortunam

157 1198 240 1247 fibi
262 1199 439 1261 videret
455 1197 698 1258 objectam,
714 1195 762 1242 in
776 1196 878 1242 Tau
888 1212 942 1249 tn«¹
956 1196 1125 1241 flumen
1146 1195 1458 1258 propinquum
1479 1195 1521 1241 se
1542 1195 1755 1257 conjecit,
1769 1212 1821 1244 ac
1839 1199 1921 1244 ad-

149 1263 376 1318 versariis,
400 1279 493 1325 quo
516 1262 666 1308 minus
688 1277 793 1307 eum
827 1262 1133 1323 sequerentur,
1154 1262 1216 1305 ob
1243 1261 1433 1305 vulnera
1454 1259 1657 1314 tardatis,
1682 1261 1730 1307 in
1760 1262 1921 1308 adver-

155 1331 245 1377 sam
269 1327 414 1390 ripam
439 1327 589 1372 evasit.
658 1323 763 1372 Hac
793 1325 969 1371 ratione
1001 1324 1270 1370 ferocissimo
1302 1340 1487 1387 quoque
1520 1323 1652 1378 caeso,
1672 1319 1924 1373 multitudo

159 1395 250 1442 fine
267 1391 459 1438 ducibus
481 1391 651 1444 relicia,
666 1390 712 1435 in
738 1390 905 1436 multos
928 1391 1024 1451 post
1046 1388 1093 1434 id
1117 1405 1257 1434 annos
1277 1387 1302 1433 a
1318 1388 1641 1434 tumultuando
1661 1391 1849 1452 repressa
1866 1391 1925 1437 ad

156 1458 481 1522 agriculturam
505 1454 659 1515 rediit,
726 1456 842 1501 Haec
866 1470 1023 1517 pugna
1039 1451 1204 1499 incidit
1224 1451 1271 1499 in
1290 1469 1458 1499 annum
1479 1449 1631 1500 salutis
1661 1469 1676 1500 1
1699 1472 1764 1519 39
1780 1455 1808 1501 6
1830 1457 1922 1516 (J),
1946 1510 1951 1514 .

222 1522 313 1570 IV.
347 1520 540 1568 Biennio
562 1515 656 1565 fere
678 1520 774 1581 post
799 1520 868 1579 (z)
901 1518 947 1564 in
980 1531 1211 1564 conventu
1242 1517 1452 1563 ordinum
1479 1517 1632 1564 Perthi
1656 1519 1756 1564 Rex
1779 1519 1926 1565 Davi-

158 1586 264 1634 dem
285 1585 427 1633 filium
449 1583 700 1638 octodecim
726 1599 866 1629 annes
891 1595 1045 1629 natum
1063 1581 1604 1636 Rothesaiae,¹Robertum
1628 1580 1811 1630 fratrem
1828 1584 1926 1630 Ta-

158 1651 311 1704 ichiae,
330 1665 383 1696 ac
403 1648 802 1711 Fifaejamdudum
827 1647 1061 1694 Comitem
1084 1645 1283 1692 Albiniae
1306 1647 1444 1693 duces
1465 1657 1612 1692 vocat.
1707 1648 1802 1694 Hic
1819 1647 1927 1694 vani

158 1715 348 1763 honoris
382 1713 542 1760 titulus
575 1724 672 1758 tum
705 1712 904 1774 primum
943 1711 1062 1758 inter
1101 1712 1260 1756 Scotos
1293 1727 1463 1771 magno
1489 1710 1771 1768 ambitionis,
1797 1712 1926 1758 nullo

159 1778 344 1828 virtutis
366 1777 647 1826 incremento
665 1780 725 1823 est
742 1774 994 1823 celebratus
1016 1794 1026 1822 :
1064 1788 1148 1822 nec
1167 1774 1384 1838 cuiquam
1405 1777 1556 1837 postea
1577 1774 1772 1823 feliciter
1788 1776 1926 1823 cessit.

163 1843 398 1893 Comitem
420 1842 557 1888 etiam
582 1841 828 1904 Duglassiae
849 1843 950 1888 Rex
971 1840 1120 1887 voluit
1141 1841 1304 1886 eodem
1327 1839 1462 1886 titulo
1485 1841 1660 1885 afficere
1684 1856 1696 1903 ς
1731 1840 1804 1887 sed
1827 1841 1925 1892 ille,
1968 1845 1973 1854 “’

165 1921 217 1956 ut
233 1921 329 1955 erat
347 1908 540 1961 sevana,
565 1909 818 1953 constanter
838 1905 1030 1968 speciem
1054 1904 1321 1966 supervacui
1344 1904 1529 1950 honoris
1552 1904 1772 1950 recusavit
1800 1922 1810 1950 :
1837 1911 1874 1952 δι
1897 1904 1929 1951 fi

136 2026 137 2030 η
164 1973 266 2038 quis
285 1973 375 2018 hoc
395 1971 435 2017 ei
460 1987 626 2017 nomen
650 1970 944 2025 ominaretur,
964 1969 1217 2033 gravissime
1239 1969 1520 2031 increpabat.
1589 1968 1704 2014 Sunt
1721 1968 1798 2032 qui
1823 1970 1933 2017 Gu-

164 2036 416 2086 bernatoris
435 2035 618 2082 titulum
640 2034 666 2081 a
686 2048 814 2098 patre
833 2035 989 2081 datum
1003 2033 1208 2080 Roberto
1230 2032 1373 2094 Regis
1397 2032 1524 2079 fratri
1541 2032 1628 2079 hoc
1651 2049 1770 2080 anno
1793 2033 1819 2080 ἒι
1837 2035 1908 2080 Re
1924 2065 1935 2076 .

167 2119 227 2165 ge
257 2101 596 2153 confirmatum,
620 2105 660 2146 δι
686 2102 756 2163 (3)
782 2099 1097 2146 Lindefiorum
1129 2097 1348 2144 familiam
1374 2097 1508 2143 titulo
1533 2097 1773 2145 Comitum
1815 2099 1932 2146 Cra-

167 2166 329 2214 fordiae
350 2167 524 2212 auctam
539 2164 733 2211 tradant.
802 2165 891 2210 Sed
910 2180 995 2210 nec
1014 2162 1132 2209 illud
1154 2163 1323 2210 constat
1344 2160 1560 2213 intereos
1576 2162 1858 2218 Thon-iisne,
1874 2179 1933 2209 an

166 2230 322 2282 David
344 2243 600 2283 vocaretur,
623 2229 704 2292 qui
724 2228 898 2291 primus
920 2244 977 2276 ex
999 2244 1052 2274 ea
1069 2240 1205 2290 gente
1229 2227 1398 2273 Comes
1421 2225 1510 2273 fuit
1531 2228 1802 2290 appellatus.
1836 2227 1837 2230 ’

231 2297 296 2343 V.
328 2295 544 2342 Proximo
578 2309 697 2339 anno
730 2293 988 2341 Richardus
1016 2291 1238 2338 secundus
1262 2292 1522 2353 Anglorum
1555 2293 1655 2338 Rex
1675 2291 1935 2353 coactus-se
1967 2313 1971 2320 ’

167 2376 313 2424 regno
330 2358 558 2406 abdicare.
626 2359 678 2404 In
703 2359 799 2419 ejus
828 2357 981 2404 locum
1005 2357 1213 2403 suffectus
1235 2356 1295 2401 est
1318 2356 1546 2402 Henricus
1564 2369 1768 2418 quartus.
1839 2357 1935 2403 lni-

156 2425 237 2473 ‘tio
256 2423 386 2487 regni
418 2422 514 2484 ejus
536 2423 742 2469 nondum
777 2420 917 2468 finitis
954 2421 1150 2468 induciis
1185 2435 1303 2466 nova
1321 2419 1433 2465 belli
1455 2418 1624 2466 semina
1645 2435 1749 2467 cum
1785 2421 1936 2468 Scotis

148 2496 151 2498 ’
163 2492 287 2553 jacta
307 2490 424 2535 sunt.
493 2487 726 2550 Georgius
748 2486 1031 2533 Dumbarius
1054 2485 1244 2543 Marciae
1263 2484 1432 2530 Comes
1453 2483 1771 2531 Elizabetham
1795 2485 1936 2533 filiam

171 2552 349 2603 Davidi
369 2552 466 2599 filio
486 2551 631 2615 Regis
648 2549 966 2612 desponderat,
986 2566 1038 2596 ac
1056 2549 1223 2595 bonam
1251 2547 1370 2594 dotis
1392 2560 1564 2611 partem
1581 2549 1678 2609 jam
1703 2551 1938 2613 depende-

171 2631 258 2667 rat.
326 2615 601 2664 Arcibaldus
625 2613 869 2679 Duglaffiae
888 2617 1059 2663 Comes
1083 2613 1204 2676 aegre
1240 2611 1389 2659 ferens
1423 2612 1656 2660 hominem
1679 2620 1935 2678 potentem,

174 2689 218 2732 δι
241 2682 458 2729 aemulum
479 2681 561 2728 fibi
579 2681 838 2745 praelatum,
859 2679 1060 2727 causatus
1078 2677 1293 2724 ordinum
1314 2676 1575 2724 consensum
1596 2680 1742 2742 (quod
1763 2676 1811 2726 in
1834 2680 1940 2726 nul-

172 2748 231 2796 lis
250 2747 557 2809 anteRegum
576 2744 755 2807 ‘nuptiis
783 2744 1022 2808 quisquam
1041 2742 1211 2789 fac‘tum
1234 2742 1524 2802 meminerat)
1546 2746 1823 2806 neglectum,
1850 2742 1938 2789 fili-

176 2811 396 2860 am'suam
417 2810 618 2858 Mariam
640 2825 745 2856 cum
768 2808 990 2871 ampliore
1020 2809 1127 2854 dote
1159 2805 1331 2854 obtulit
1350 2825 1361 2854 :
1397 2806 1570 2869 perque
1591 2807 1774 2856 fratrem
1794 2807 1940 2871 Regis
1987 2805 1989 2807 ’

179 2872 452 2932 Robertum,
471 2874 554 2939 qui
572 2889 670 2923 tum
689 2874 846 2921 omnia
866 2884 1061 2951 poterat,
1080 2871 1250 2927 effecit,
1274 2883 1326 2918 ut
1343 2871 1370 2918 ὲ
1386 2872 1516 2933 Rege
1530 2871 1810 2943 acciperetur
1829 2886 1942 2920 con-

179 2940 316 2995 ditio,
341 2946 380 2986 &
403 2939 576 3003 nuptiae
595 2954 651 2985 ex
679 2936 891 2985 ordinum
915 2939 1102 2993 decreto
1130 2936 1395 2983 confierent.
1475 2935 1786 2998 Hacinjuria,
1811 2936 1942 2985 fimul

181 3010 224 3052 δε
245 3003 504 3068 ignominia
523 3003 640 3050 ictus
674 3002 908 3069 Georgius
931 3000 1133 3066 'graviter
1163 3016 1270 3048 cum
1292 3001 1422 3063 Rege
1441 3000 1695 3063 expostulat
1720 3020 1731 3048 :
1762 3006 1810 3052 8<
1837 3004 1944 3050 cum

182 3068 304 3117 facia
325 3066 493 3114 infeeca
514 3068 610 3114 fieri
631 3069 879 3130 nequeant,
896 3067 1053 3114 saltem
1069 3065 1231 3112 'dotem
1254 3064 1359 3111 filiae
1380 3064 1562 3127 repetit.
1630 3064 1697 3112 Ea
1717 3065 1946 3128 tamjust'a

178 3130 482 3198 postulatione
506 3133 700 3194 repulsa,
724 3130 831 3178 cum
853 3130 967 3178 nih-il
998 3128 1118 3192 aequi
1139 3128 1182 3176 se
1211 3128 1572 3191 impetraturum·
1583 3142 1801 3187 cerneret,
1827 3147 1945 3194 prae-
1986 3142 1989 3145 ’

179 3193 417 3260 occupatis
438 3198 705 3243 eunciorum
728 3195 786 3241 ab
801 3195 973 3242 aemulo
993 3193 1175 3248 animis,
1199 3198 1241 3240 ἃς
1259 3193 1463 3247 auribus,
1487 3193 1545 3239 ab
1563 3195 1665 3240 aula
1688 3210 1776 3240 non
1801 3194 1945 3252 solum

181 3260 343 3317 iratus,
365 3257 441 3305 sed
473 3259 613 3306 etiam
645 3259 955 3307 minabundus
977 3258 1165 3306 disceffit
1188 3275 1200 3305 z
1234 3256 1281 3305 ’δι’
1300 3256 1659 3318 arce'Dumbari
1673 3257 1832 3305 sororis
1850 3258 1946 3306 filio

182 3391 315 3439 Henry
339 3387 456 3426 Wine
475 3403 488 3438 3
516 3387 673 3427 whence
701 3387 852 3427 cometh
871 3389 937 3426 the
954 3403 1039 3438 pro·
1149 3387 1212 3439 (3)
1239 3386 1380 3425 Others
1395 3382 1489 3426 bave
1508 3384 1553 3433 it,
1587 3379 1948 3439 that-James‘Lind-

182 3443 297 3488 verb„
311 3442 373 3479 He
388 3441 539 3479 'cometh
557 3441 597 3478 in
615 3441 674 3480 for
690 3441 751 3480 his
768 3455 853 3481 own
869 3442 985 3490 hand,
1004 3456 1042 3480 as
1097 3441 1156 3492 say
1174 3442 1220 3479 of
1244 3440 1410 3478 Glenessc
1429 3446 1502 3478 was
1519 3443 1626 3478 made
1655 3440 1737 3479 ear]⁴
1760 3439 1804 3479 of
1817 3439 1946 3481 Ciam-

183 3497 316 3544 Henry
331 3493 450 3531 Wine
466 3493 614 3542 fought.
810 3506 813 3509 ·
1012 3540 1014 3542 q
1096 3495 1175 3533 ford
1195 3508 1243 3532 on
1260 3493 1332 3536 the=
1353 3494 1568 3531 coronation
1586 3493 1715 3541 dayof
1727 3491 1869 3533 Robert
1884 3492 1951 3528 ad„

239 3548 305 3598 (1)
331 3558 382 3598 25
401 3547 631 3597 September.
1097 3560 1195 3589 anno
1208 3559 1321 3599 1370,
1340 3546 1397 3584 see
1411 3546 1534 3605 before
1552 3558 1629 3596 cap.
1645 3557 1684 3584 2.

237 3599 301 3650 (2)
326 3599 379 3638 28
397 3599 524 3652 April.

259 3680 268 3695 s
380 3649 394 3655 ‘
459 3657 462 3659 ’
1800 3667 1802 3669 >
1855 3644 1951 3711 Ro-
