1992 3801
138 165 271 229 304
444 145 810 214 RERUM
903 149 1595 221 Saos-remum

134 241 381 305 Duglassiae
402 242 706 309 superioribus
728 244 1008 302 Comitibus,
1031 248 1111 294 etfi
1136 265 1227 297 non
1250 252 1407 307 aleret,
1438 270 1528 302 non
1554 265 1706 301 tamen
1731 253 1831 303 satis
1853 270 1902 304 a·

130 314 268 361 criter
290 313 672 377 reprimerettsed
690 329 809 359 mors
836 312 906 374 (1)
930 311 1050 358 intra
1068 311 1305 360 biennium
1325 315 1544 365 subtraxit
1564 335 1669 365 eum
1691 319 1900 374 invidiae.

130 379 261 428 Huic
277 379 303 426 ὲ
320 377 491 443 septem
509 378 612 426 filiis
629 377 890 425 Gulielmus·
912 388 1021 422 natu
1043 377 1271 424 maximus
1288 380 1499 437 succeffit.
1526 384 1569 429 Is
1588 383 1717 430 avitae
1738 390 1904 446 poten-

133 444 211 492 tiae
227 444 492 499 aemulus‚ut
510 442 731 490 familiam
743 441 789 488 in
809 440 1044 502 pristinum
1060 443 1309 490 restitueret
1322 444 1626 506 splendorem,
1642 448 1792 510 patrui
1812 449 1907 495 fili·
1952 483 1955 485 »

133 526 206 556 am
231 509 477 555 multarum
514 506 756 569 regionum
779 505 1005 552 haeredem
1041 505 1206 554 ducere
1230 506 1438 565 instituit.
1480 511 1530 556 Id
1555 512 1899 559 matrimonium

124 572 350 638 plaerique
362 588 419 620 ex
435 571 706 634 propinquis
720 570 885 633 partim
904 583 952 616 ut
967 569 1218 626 insolitum,
1235 588 1286 619 ac
1297 572 1490 635 proinde
1508 591 1599 621 non
1619 575 1900 638 legitimum:

131 638 299 702 partim
324 638 384 684 ob
410 636 572 683 nimias
594 652 704 697 opes
727 636 868 698 vulgo
889 634 1406 700 invidiosum,Regibus
1429 638 1791 695 formidolosum,
1809 657 1903 688 non

126 703 507 766 comprobabant.
574 701 751 746 Rumor
772 700 910 746 etiam
932 713 1045 754 erat,
1066 717 1148 747 nec
1168 701 1208 747 is
1230 714 1398 748 temere
1420 703 1606 765 sparsus,
1627 705 1803 768 Regem
1829 704 1902 751 ni-

132 768 201 814 hil
219 767 501 820 omffiurum,
520 765 645 828 quod
667 764 721 811 ad
745 781 840 811 rem
863 763 1204 826 impediendam
1228 766 1414 813 faceret.
1466 769 1531 813 Ea
1553 767 1641 814 fuit
1658 769 1902 816 Gullelmo

137 833 269 879 causa
306 830 563 878 maturandi
593 828 815 876 connubii
847 830 917 890 (z)
941 828 1186 881 interdifio
1207 830 1380 893 nuptiis
1410 843 1634 894 tempore,
1660 845 1709 880 ut
1730 833 1904 896 Regios

129 896 349 944 videlicet
369 905 556 941 conatus
580 893 868 954 praeveniret.
937 895 1100 940 Secuta
1121 893 1282 940 nimias
1305 911 1415 955 opes
1437 894 1900 951 insolentia,insolen·

128 961 239 1010 tiam
263 959 438 1006 invidia
465 957 762 1021 grassantibus
799 956 953 1019 paflim
983 956 1209 1003 latronum
1235 958 1471 1021 gregibus,
1491 975 1686 1021 quorum
1711 961 1848 1008 duces
1876 962 1904 1008 a

128 1024 353 1089 Duglaffii
373 1021 570 1070 consiliis
592 1036 684 1068 non
702 1020 840 1068 alieni
857 1020 1173 1068 credebantur.
1222 1023 1277 1068 In
1295 1021 1350 1071 iis
1369 1036 1464 1068 erat
1484 1024 1677 1070 Ioannes
1701 1025 1905 1072 Gorma-

128 1106 209 1136 cus
241 1087 474 1142 Atholius‚
497 1086 578 1150 qui
608 1101 714 1132 cum
750 1084 907 1132 omnia
936 1084 1188 1133 latrociniis
1222 1085 1378 1134 infesta
1411 1087 1534 1134 circa
1555 1087 1595 1133 se
1622 1089 1901 1145 reddidisset,

131 1156 205 1217 (3)
235 1153 527 1209 Gulielmum
553 1149 815 1199 Ruvenium
849 1149 1004 1196 Perthi
1037 1153 1106 1213 (4)
1132 1150 1486 1205 Vicecomitem,
1510 1153 1637 1215 quod
1675 1155 1903 1200 latronem

128 1218 372 1267 Atholium
395 1217 453 1264 ad
473 1215 746 1280 supplicium
769 1215 972 1269 duceret,
990 1216 1217 1279 aggressus
1240 1233 1383 1279 prope
1394 1217 1513 1278 justo
1535 1233 1640 1264 cum
1663 1235 1717 1265 eo
1740 1219 1901 1280 praelio

126 1281 354 1332 conflixit.
419 1281 634 1328 Tandem
669 1280 905 1327 Gormaco
934 1280 1051 1327 duce
1077 1296 1184 1326 curn
1218 1280 1409 1343 triginta
1430 1280 1558 1328 sociis
1579 1282 1708 1337 caeso,
1733 1281 1901 1345 reliqui

126 1348 240 1411 fuga
260 1347 302 1394 se
322 1358 592 1409 receperunt
612 1343 661 1392 in
684 1356 879 1392 monteS.
946 1344 1118 1392 Incidit
1138 1345 1237 1393 haec
1258 1362 1417 1410 pugna
1444 1345 1493 1392 in
1516 1362 1684 1394 annum
1710 1345 1738 1393 a
1759 1347 1900 1394 Chri-

125 1413 190 1460 sto
212 1423 322 1458 nato
350 1428 456 1474 ¹44
467 1429 510 1474 3.

190 1478 320 1524 XIX.
357 1477 467 1523 Non
491 1475 606 1523 adeo
625 1475 781 1523 multis
802 1476 900 1536 post
928 1474 1091 1523 diebus
1110 1473 1506 1523 Britannodunum
1529 1493 1608 1524 arx
1629 1475 1802 1523 viribus
1823 1476 1898 1525 in-

123 1541 450 1604 expugnabilis
467 1541 588 1588 intra
604 1556 771 1603 paucos
794 1539 891 1587 dies
914 1540 984 1588 bis
1013 1552 1147 1602 capta
1180 1539 1282 1586 fuit.
1351 1542 1548 1588 Praeerat
1577 1541 1669 1588 arci
1689 1540 1897 1589 inferiori

122 1606 354 1657 Robertus
377 1604 624 1668 Semplius,
645 1603 864 1667 superiori
893 1604 1114 1652 Patricius
1138 1604 1439 1660 Galbrethus‚
1463 1604 1529 1652 ita
1556 1605 1712 1668 partiti
1743 1611 1898 1669 impe-

121 1671 263 1726 rium,
283 1683 335 1718 ut
370 1670 649 1732 peculiarem
677 1668 869 1731 quisque
901 1670 1078 1716 aditum
1101 1669 1149 1717 in
1183 1668 1305 1715 suam
1341 1682 1518 1732 partem
1540 1670 1758 1718 habentes
1785 1674 1855 1737 (5)
1881 1689 1895 1718 ε

122 1753 210 1785 nec
227 1735 274 1781 hi
297 1734 488 1799 quidem
511 1734 538 1780 a
564 1733 837 1781 fa&ionibus
857 1733 1005 1781 liberi.
1074 1732 1294 1781 Patricius
1316 1734 1439 1781 enim
1463 1735 1644 1782 occulte
1666 1737 1898 1801 Duglafli·

122 1800 221 1849 anis
243 1800 396 1847 favere
413 1799 697 1846 credebatur.
766 1799 816 1845 H
822 1815 909 1844 unc
933 1798 1179 1861 Semplius‚
1205 1814 1308 1845 cum
1332 1797 1608 1861 superiorem
1642 1801 1757 1847 arcis
1790 1820 1899 1866 par·-

123 1878 217 1912 tem
253 1863 562 1928 negligentius
591 1863 649 1910 ab
670 1879 725 1909 eo
747 1862 961 1910 custodiri
983 1863 1383 1917 animadvertisset,
1407 1878 1464 1909 ex
1492 1880 1546 1910 ea
1566 1865 1802 1927 expulsum
1827 1884 1900 1915 res

120 1930 219 1977 suas
240 1942 480 1992 exportare
495 1927 633 1988 jussit.
680 1927 1139 1975 Postridie'Patricius
1158 1943 1263 1975 cum
1286 1940 1484 1990 quatuor
1505 1928 1754 1976 comitibus
1775 1932 1896 1979 iner-

120 1994 272 2042 mibus
309 1994 366 2041 ad
399 1991 727 2056 supelleffllem
764 1993 1096 2055 exportandam
1129 1992 1367 2056 ingreffuS,
1392 1992 1593 2054 primum
1628 1993 1894 2055 janitorem,

122 2075 228 2107 eum
253 2059 396 2106 solum
420 2059 595 2112 nauus,
618 2056 787 2104 deinde
816 2057 1007 2121 arreptis
1031 2058 1186 2112 armis,
1219 2068 1408 2103 caeteros
1438 2073 1495 2104 ex
1528 2071 1630 2104 arce
1668 2058 1897 2122 superiore

122 2124 306 2186 dejecit.
374 2124 495 2170 Mox
512 2120 667 2169 accitis
690 2138 746 2168 ex
767 2122 943 2185 oppido
959 2122 1224 2185 propinquo
1245 2119 1446 2176 auxiliis,
1470 2121 1608 2171 etiam
1628 2127 1689 2169 ex*
1705 2119 1899 2173 inferio.

117 2205 166 2237 re
184 2187 389 2242 exclusit,
421 2186 660 2251 totamque
692 2201 842 2233 arcem
865 2186 912 2234 in
934 2185 1058 2233 suam
1082 2187 1346 2250 potestatem
1369 2186 1564 2250 redegit.
1632 2189 1898 2253 Plaeraeque

120 2270 204 2316 per
223 2253 274 2300 id
304 2264 486 2315 tempus
507 2250 785 2315 ignobilium
808 2250 1049 2298 hominum
1072 2252 1218 2298 caedes
1240 2250 1390 2305 faetae,
1424 2266 1527 2313 quae
1555 2252 1720 2314 partim
1745 2251 1771 2300 ὲ
1793 2254 1898 2302 Du-

119 2318 346 2381 glaflianis
368 2317 680 2381 patrabantur,
702 2316 866 2379 partim
893 2317 951 2363 ab
972 2315 1173 2363 inimicis
1195 2316 1253 2362 ad
1271 2331 1347 2362 eos
1369 2316 1697 2364 referebantur.
1765 2319 1897 2384 Rege

118 2381 267 2445 igitur
280 2382 377 2443 jam
399 2381 574 2437 adulto,
595 2387 636 2428 δε
666 2381 800 2427 rebus
823 2380 1036 2445 gerendis
1070 2380 1298 2436 adhibito,
1321 2379 1583 2443 Duglassius
1604 2380 1790 2428 invidiae
1813 2400 1897 2430 no-

121 2445 334 2501 bilitatis,
358 2451 398 2493 &
420 2445 566 2508 plebis
589 2446 646 2493 de
669 2445 710 2492 se
736 2446 930 2508 querelis
953 2445 1119 2509 impar,
1143 2445 1296 2492 statuit
1317 2444 1502 2491 mutatis
1524 2445 1726 2492 moribus
1745 2463 1898 2510 popu·

121 2512 169 2559 lo
190 2510 460 2566 satisfacere,
483 2512 534 2559 ὃς
555 2509 904 2574 quibuscunque
924 2511 1066 2574 poffet
1086 2509 1358 2564 rationibu5‚
1381 2510 1559 2572 Regem
1588 2509 1671 2557 fibi
1692 2512 1897 2560 aversum

121 2574 383 2624 conciliare.
451 2575 631 2637 Magno
662 2573 818 2639 itaque
840 2573 1344 2622 comitatuSterlinum
1373 2575 1517 2622 venit.
1583 2575 1762 2639 Regem
1789 2592 1896 2625 cum

118 2657 202 2704 per
221 2641 394 2688 aulicos
421 2637 660 2701 largiendo
682 2640 764 2697 fibi
785 2640 967 2687 venales
987 2639 1218 2703 placatum
1242 2637 1448 2693 rescifl‘et,
1473 2653 1569 2687 tum
1594 2639 1780 2688 demum
1804 2639 1898 2703 ipse
1976 2673 1984 2683 ,

119 2705 237 2752 adiit
264 2723 276 2752 ε
309 2721 363 2752 ac
383 2704 444 2759 se,
473 2702 659 2767 suasque
689 2704 896 2755 fortunas
918 2703 961 2750 ei
996 2703 1214 2766 permisit.
1282 2703 1537 2766 Superioris
1564 2703 1671 2751 vitae
1701 2704 1897 2754 crimina

119 2770 287 2831 partim
309 2782 493 2833 purgat,
508 2769 675 2830 partim
701 2769 942 2832 (quoniam
963 2767 1013 2815 id
1035 2767 1306 2832 placabilius
1324 2767 1586 2828 videbatur)
1607 2768 1807 2833 ingenue
1824 2770 1894 2818 fa·

121 2845 258 2880 tetur.
326 2833 663 2897 Qamci'inque
685 2834 869 2897 posthac
899 2833 1136 2880 habiturus
1157 2834 1264 2880 esset
1283 2831 1531 2887 fortunam,
1564 2849 1664 2880 eam
1686 2833 1729 2881 se
1753 2834 1896 2898 Regis

119 2897 395 2953 clementiae,
415 2915 507 2946 non
545 2898 632 2946 -suae
662 2897 939 2945 innocentiae
960 2898 1242 2946 debiturum.
1309 2896 1453 2960 Qod
1475 2895 1504 2943 fi
1527 2898 1630 2944 Rex
1649 2898 1830 2955 officiiS,
1854 2905 1897 2948 ἃς

119 2961 342 3025 obsequio
362 2962 445 3010 fibi
466 2962 666 3012 satisfieri
688 2961 908 3026 patiatur,
935 2961 978 3010 se
999 2973 1282 3014 curaturum,
1320 2973 1369 3008 ut
1390 2961 1496 3016 fide,
1520 2960 1821 3017 observantia,
1847 2968 1898 3015 δε

120 3024 272 3074 studio
289 3041 398 3089 erga
426 3045 532 3075 eum
565 3026 594 3074 a
619 3027 804 3075 nemine
823 3026 1049 3075 vincatur.
1116 3028 1171 3073 In
1197 3025 1480 3081 coercendis,
1501 3031 1541 3073 &
1564 3025 1808 3090 puniendis
1830 3027 1900 3076 la-

120 3089 352 3145 tronibus,
371 3106 569 3153 quorum
602 3092 767 3140 scelera
794 3091 975 3139 inimici
995 3092 1045 3139 in
1066 3089 1215 3154 ipsum
1238 3089 1516 3146 conferrent,
1544 3091 1724 3139 nullum
1746 3107 1898 3155 neque

119 3153 364 3209 acriorem,
396 3171 545 3219 neque
581 3155 925 3219 diligentiorem
957 3156 1183 3205 futurum.
1251 3155 1309 3201 Se
1325 3171 1381 3203 ea
1401 3154 1578 3204 familia
1597 3167 1768 3213 ortum,
1790 3172 1897 3221 quae

119 3234 217 3266 non
235 3216 416 3282 injuriis
447 3219 498 3267 in
519 3219 864 3277 imbecilliores,
882 3220 957 3269 sed
974 3220 1111 3269 armis
1134 3218 1420 3285 protegenda
1438 3219 1576 3283 plebe
1598 3219 1777 3268 Scotica
1795 3213 1903 3269 creT

119 3281 267 3331 visset.
332 3283 440 3332 Hac
466 3283 671 3332 oratione
694 3284 912 3341 ComitiS,
932 3285 1283 3348 aulicorumque
1303 3284 1473 3332 secreta
1492 3284 1898 3334 commendatione

46 3383 48 3385 -
114 3347 227 3417 'Rex
240 3347 358 3398 adeo
377 3358 580 3397 mutatus
598 3348 675 3406 est,
688 3349 963 3398 ut‘omnium
981 3347 1223 3416 superioris
1242 3347 1350 3398 vitae
1369 3347 1616 3400 criminum
1631 3350 1780 3418 gratia
1797 3349 1902 3400 fac·

174 3479 246 3533 (1)
273 3476 415 3518 March
434 3489 599 3531 1443·4.
1034 3481 1112 3521 earl
1130 3480 1177 3519 of
1188 3469 1357 3522 Gowrie.

176 3533 247 3584 (2)
274 3533 321 3571 In
336 3534 437 3572 Lent
453 3531 562 3572 time.
1090 3535 1106 3584 (
1137 3535 1156 3585 )
1184 3533 1338 3573 sheriff.

177 3580 510 3641 (3)1Pxedeceffor
533 3583 576 3629 to
598 3584 664 3631 the
690 3582 771 3630 iord
787 3585 987 3638 Ruthven,
1034 3640 1037 3642 ,
1090 3545 1155 3657 (ἒ)
1182 3585 1276 3632 Scil.
1289 3585 1423 3634 effent.
