2010 3851
449 149 1565 224 APUDSCOT()S.·
1779 171 1892 230 «2-5-

124 260 365 308 'transferre
388 257 578 304 eandem
604 255 696 301 vim
721 255 875 309 babet,
920 266 973 299 ac
1016 253 1043 300 st
1084 268 1243 299 ornnes
1266 250 1388 312 leges
1408 250 1616 313 abroges.
1694 251 1783 298 Sed
1806 252 1895 298 hoc

97 312 453 379 JTvrannorum
476 337 622 383 genus
647 319 823 365 fortasse
848 318 1137 364 tolerandum
1159 314 1315 369 fuerit,
1344 315 1373 359 si
1394 314 1561 376 absque
1585 314 1770 376 publica
1793 333 1895 377 per-

125 373 246 435 nicie
272 388 371 435 tolli
396 402 486 431 non
530 383 658 448 poffit
686 403 699 439 ;
741 385 868 429 velut
890 381 1108 444 quosdam
1129 379 1333 442 corporis
1360 378 1542 423 morbos
1574 379 1721 438 potius
1748 381 1896 441 perfe-

127 453 288 506 rimus,
313 466 452 513 quam
477 450 616 496 vitam
641 448 687 494 in
708 446 952 508 ancipitem
977 446 1130 492 dubiae
1151 441 1395 491 curationis
1414 443 1555 486 aleam
1579 443 1894 503 conjiciamus.

124 517 189 563 -At
214 518 294 578 qui
318 515 467 578 palam
492 531 584 559 non
627 511 784 573 patriae
807 511 880 557 sed
906 509 983 556 fibi
1027 523 1191 573 gerunt
1213 507 1476 569 imperium,
1522 523 1673 578 neque
1698 508 1896 568 publicse

124 580 358 633 utilitatis,
383 577 456 625 sed
479 576 567 623 suae
591 574 836 637 voluptatis
861 574 1083 621 rationem
1106 574 1292 626 habent,
1319 571 1399 633 qui
1424 570 1778 619 stabilimentum
1804 573 1894 619 fuse

124 643 382 690 ‘autoritatis
405 643 450 689 in
477 642 646 688 civium
673 640 936 685 infirmitate
960 640 1207 692 collocant,
1241 635 1414 699 quique
1446 651 1637 697 regnum
1674 652 1762 682 non
1790 655 1895 698 pro«

123 708 412 754 curationem
435 724 460 752 a
484 707 588 752 Deo
606 705 842 757 creditam,
868 703 939 748 sed
961 703 1109 764 potius
1133 718 1333 765 prae-zam
1358 698 1438 747 fibi
1459 700 1662 745 oblatam
1684 702 1892 756 credunt,

124 771 175 816 hi
199 788 289 818 non
313 771 441 818 civili
466 770 721 823 nobiscum,
746 779 822 813 aut
844 767 1000 827 aliquo
1021 765 1318 814 humanitatis
1364 764 1550 810 vinculo
1584 763 1731 823 Junfi‘ti
1777 766 1892 820 sunt,

125 836 200 882 sed
227 836 318 882 Dei
344 841 389 884 &
413 833 654 880 hominum
677 832 822 878 hostes
848 831 1044 877 maxime
1071 832 1280 880 omnium
1327 829 1543 892 capitales
1581 827 1778 887 judicari
1815 832 1895 878 de-

125 900 252 946 bent.
323 901 498 946 Omnes
522 898 645 945 enim
669 896 848 968 Regum
877 895 1075 941 :ustiones
1100 912 1190 941 non
1218 894 1314 940 suas
1338 910 1446 956 opes
1470 891 1682 956 privatim
1708 894 1780 941 sed
1811 912 1899 957 pu-

124 964 246 1011 blice
267 962 436 1011 civium
460 962 827 1019 incolumitatem
863 960 1058 1022 spectare
1080 960 1251 1008 debent
1272 978 1283 1005 ε
1320 969 1584 1021 quantoque
1608 957 1738 1019 supra
1759 975 1894 1007 caete-

129 1045 280 1076 rorum
306 1029 546 1074 hominum
574 1026 800 1090 fastigium
823 1026 972 1085 Reges
991 1025 1092 1071 sunt
1114 1024 1277 1079 evecti,
1295 1037 1421 1070 tanto
1448 1023 1590 1085 magis
1613 1022 1783 1070 imitari
1802 1042 1897 1079 cce..

127 1093 254 1141 lestia
273 1108 463 1155 corpora
483 1092 671 1146 debent,
692 1109 795 1154 quae
820 1090 956 1136 nullis
979 1089 1138 1136 officiis
1162 1090 1320 1135 nostris
1342 1087 1602 1143 conciliata,
1624 1088 1710 1135 vim
1737 1089 1797 1135 sui
1819 1107 1896 1136 ca-

125 1156 237 1204 loris
262 1165 299 1204 δι
324 1155 512 1203 luminis
536 1155 720 1202 vitalem
747 1158 796 1204 Sc
824 1154 1075 1200 beneficam
1095 1154 1227 1199 rebus
1252 1152 1461 1199 humanis
1481 1151 1750 1201 infundunt.
1789 1155 1899 1202 Hu..

121 1220 198 1281 jus
228 1220 552 1269 munificentia:
576 1222 649 1268 vel
672 1220 797 1268 tituli
840 1218 940 1282 ipsi,
981 1220 1149 1280 quibus
1172 1220 1322 1280 Reges
1345 1217 1696 1273 honest-avimus,
1724 1220 1777 1281 (si
1800 1228 1895 1268 me·
1962 1240 1965 1242 ·

125 1286 315 1346 ministi)
349 1288 595 1333 admonere
621 1298 846 1347 poterant.
915 1283 984 1329 M.
1013 1283 1188 1330 Videor
1211 1281 1460 1329 meminisse
1486 1300 1496 1327 :
1551 1299 1716 1344 nempe
1741 1298 1789 1330 ut
1815 1302 1897 1346 pa-

127 1363 256 1397 terna
285 1364 515 1398 uterentur
536 1349 827 1413 indulgentia
839 1363 948 1410 erga
970 1348 1091 1394 cives
1114 1347 1362 1394 liberorum
1390 1348 1490 1392 loco
1506 1345 1587 1392 fibi
1609 1351 1894 1399 commissose

124 1407 175 1460 in
201 1416 397 1462 utilitate
419 1416 721 1477 procuranda,
760 1413 944 1477 pastoris
966 1412 1208 1474 diligentia
1235 1431 1245 1458 :
1278 1412 1323 1459 in
1350 1411 1488 1457 salute
1510 1412 1680 1458 tuenda
1717 1414 1854 1460 duces
1878 1433 1893 1471 ;

126 1480 352 1528 virtutum
377 1479 668 1536 excellentia,
690 1495 906 1543 praeto-res
932 1495 944 1524 ε
981 1494 1084 1540 quae
1106 1494 1163 1524 ex
1188 1476 1265 1523 usu
1288 1478 1424 1523 essent
1444 1476 1671 1536 jubendo,
1696 1477 1899 1542 impera-

127 1557 245 1590 tores
269 1545 353 1591 sese
375 1546 647 1608 praestarent.

192 1611 393 1657 XLVII.
421 1611 477 1655 B.
498 1611 688 1656 Paterne
709 1607 851 1671 igitur
872 1606 908 1653 is
927 1606 1020 1653 diei
1039 1607 1197 1666 potest,
1219 1604 1297 1669 qui
1318 1604 1438 1651 cives
1461 1602 1599 1653 habet
1622 1619 1704 1670 pro
1727 1607 1895 1658 servis?

126 1686 206 1731 aut
232 1677 390 1735 pallor,
416 1673 495 1736 qui
518 1690 706 1736 gregem
732 1689 822 1719 non
846 1671 1000 1733 pascit,
1025 1671 1099 1717 sed
1121 1669 1334 1734 deglubit
1358 1673 1375 1715 ἒ-
1410 1682 1487 1716 aut
1508 1673 1897 1736 gubernator,qui

42 1786 45 1794 s
119 1739 342 1799 jacintum
380 1741 603 1785 bonorum
628 1738 802 1800 semper
823 1737 970 1782 facere
993 1732 1165 1782 studeat
1189 1740 1207 1783 ἒ
1240 1735 1411 1798 quique
1435 1736 1582 1797 (quod
1604 1736 1791 1796 dicitur)
1816 1756 1897 1786 na-

126 1819 230 1849 vem
260 1804 473 1866 perforet,
498 1802 546 1849 in
570 1819 660 1865 qua
681 1802 773 1864 ipse
796 1801 982 1863 naviget
1005 1805 1025 1847 ἓ
1061 1806 1129 1850 As!-
1156 1801 1482 1863 Nequaquam.
1552 1803 1609 1848 B.
1645 1803 1789 1867 Qid,
1814 1805 1897 1866 qui

125 1884 217 1914 non
242 1886 343 1931 quae
365 1868 412 1915 in
436 1884 533 1913 rem
559 1868 717 1929 populi
741 1866 1065 1927 suntimperat,
1089 1865 1162 1912 sed
1181 1866 1263 1911 fibi
1287 1866 1460 1911 studeat
1477 1865 1552 1910 uni
1577 1869 1595 1912 ἓ
1628 1869 1817 1928 quinon
1838 1869 1897 1916 de

125 1932 292 1979 virtute
321 1944 461 1980 certet
483 1948 587 1978 cum
608 1932 757 1986 honis,
783 1932 856 1977 sed
883 1931 1001 1977 vitiis
1023 1930 1327 1992 flagitiossffim
1338 1945 1412 1975 um
1435 1947 1669 1992 quemque
1690 1931 1897 1993 superare

124 1999 372 2044 contendat
394 2001 414 2043 -Ξ
451 1997 530 2057 qui
554 1996 653 2043 suos
675 1996 724 2043 in
750 1995 1000 2042 manifestas
1029 1996 1210 2042 infidias
1253 1995 1390 2057 ducat
1413 1996 1432 2040 ἓ
1486 1996 1554 2041 M.
1581 1997 1790 2044 Profecto
1812 2015 1896 2047 nec

126 2061 244 2108 mihi
267 2063 377 2116 dux,
427 2078 509 2108 nec
532 2061 796 2123 imperator,
825 2077 909 2107 nec
931 2074 1098 2122 praetor
1122 2058 1383 2107 habebitur.
1451 2061 1508 2106 B.
1543 2059 1590 2106 Si
1625 2075 1762 2123 quem
1785 2079 1897 2127 ergo

123 2126 411 2188 ‘conspexeris
456 2126 537 2189 qui
577 2125 776 2188 Regium
822 2142 989 2171 nomen
1034 2124 1232 2188 usurpet,
1279 2141 1363 2170 nec
1408 2125 1502 2170 ullo
1525 2124 1706 2173 virtutis
1730 2143 1898 2190 genere

123 2192 337 2254 quemvis
355 2208 379 2237 c
404 2191 697 2237 multitudine
722 2191 970 2253 praecellat,
996 2189 1152 2235 multis
1175 2189 1315 2236 etiam
1340 2190 1390 2235 fit
1422 2189 1629 2244 inferior,
1656 2192 1738 2254 qui
1772 2191 1896 2240 cives

125 2265 217 2302 'non
239 2273 394 2308 amore
417 2255 566 2318 patrio
592 2255 902 2318 prosequatur,
931 2255 1006 2300 sed
1033 2255 1223 2317 superba
1243 2254 1557 2301 dominatione
1583 2269 1774 2317 premat,
1814 2259 1898 2322 qui

125 2337 315 2383 gregem
348 2322 424 2367 fibi
448 2321 733 2366 commissum
755 2320 979 2366 existimet
999 2336 1089 2366 non
1113 2320 1171 2364 ad
1191 2319 1437 2365 custodiam
1461 2318 1532 2365 sed
1556 2320 1613 2367 ad
1635 2323 1851 2385 quaestum
1877 2343 1893 2380 3

124 2384 248 2431 hune
280 2399 328 2430 tu
358 2387 529 2448 Regem
553 2401 658 2445 vere
680 2384 881 2448 putabis,
905 2384 1076 2431 etiamst
1103 2401 1272 2447 magno
1290 2384 1532 2431 satellitum
1552 2402 1743 2433 numero
1763 2389 1898 2450 stipa.

125 2463 197 2496 tus
219 2449 420 2503 incedat,
445 2449 783 2513 magnificoque
807 2450 1010 2511 corporis
1035 2449 1163 2495 cultu
1185 2449 1227 2495 se
1252 2449 1460 2503 ostentet,
1485 2448 1709 2511 supplicia
1730 2469 1896 2515 reprae-

122 2514 283 2568 sentet,
311 2513 528 2577 praemii5‚
553 2514 692 2572 ludis,
741 2514 942 2576 pompis,
978 2513 1141 2560 insanis
1163 2514 1300 2560 etiam
1326 2512 1741 2570 substruEIionibus‚
1768 2535 1898 2579 quae-

123 2595 215 2641 que
234 2579 322 2626 alia
343 2579 586 2642 magnifica
608 2580 693 2626 effe
716 2579 962 2625 creduntur
980 2579 1144 2642 vulgus
1166 2577 1399 2633 conciliet,
1424 2578 1608 2640 ejusque
1627 2581 1898 2643 applausum

123 2656 277 2705 captet
302 2648 318 2690 ?
374 2661 497 2691 nunc
524 2657 588 2698 tu,
634 2644 844 2707 inquam,
887 2645 1062 2707 Regem
1089 2642 1366 2689 existimabis
1392 2646 1410 2689 Ρ
1450 2651 1516 2692 M.
1542 2644 1671 2700 Non,
1713 2646 1741 2692 fi
1781 2648 1897 2694 mihi

123 2707 376 2769 consentire
400 2709 556 2764 velim,
601 2709 673 2755 sed
704 2707 853 2755 omnis
875 2709 1089 2753 humanae
1113 2707 1338 2755 societatis
1360 2721 1611 2772 expe—rtem.
1681 2711 1738 2756 B.
1777 2712 1897 2773 Qi-

122 2771 207 2818 bus
231 2786 281 2820 tu
313 2773 476 2820 finibus
496 2774 743 2820 humanam
767 2773 884 2819 hanc
907 2771 1165 2819 societatem
1189 2772 1519 2819 circumscribis
1544 2777 1562 2818 ,Ρ
1615 2778 1681 2822 M.
1716 2774 1898 2824 Eisdem

120 2838 233 2892 illis,
264 2837 430 2900 quibus
455 2851 505 2884 tu
530 2838 759 2901 superiore
782 2838 986 2884 sermone
1011 2836 1124 2882 visus
1147 2854 1194 2884 es
1224 2853 1324 2885 eam
1347 2838 1466 2884 velle
1489 2837 1703 2884 concludi
1729 2857 1740 2886 :
1779 2839 1898 2900 juris

120 2902 339 2950 videlicet
357 2902 491 2965 septis
512 2922 524 2950 :
550 2921 653 2966 quae
671 2902 754 2966 qui
776 2901 1030 2950 transiliunt
1052 2903 1268 2957 latrones,
1288 2901 1428 2957 fureS,
1455 2902 1639 2957 moechi,
1660 2920 1737 2950 eos
1761 2907 1897 2952 video

109 2967 276 3028 -puniri
301 2966 487 3029 publice
513 2985 523 3014 ε
556 2984 752 3030 eamque
775 2966 951 3014 causam
974 2979 1126 3029 poenae
1149 2965 1307 3026 justam
1329 2966 1505 3021 haberi,
1522 2962 1648 3028 quod
1672 2968 1922 3017 societatis'

118 3030 332 3078 humanae
356 3032 524 3093 limites
547 3032 632 3079 sint
662 3031 930 3095 transgressi.

114 3151 120 3158 ι
183 3097 416 3144 XLVIII.
450 3098 506 3143 B.
534 3096 682 3162 Qid,
713 3097 795 3160 qui
826 3095 950 3158 septa
974 3095 1053 3143 illa
1075 3111 1311 3160 nunquam
1332 3094 1518 3160 ingredi
1539 3095 1725 3145 voluere
1750 3101 1769 3144 ?
1823 3100 1893 3146 M.

117 3159 226 3220 Deo
252 3164 302 3209 ὃς
323 3159 590 3208 hominibus
611 3161 847 3208 habendos
869 3161 1082 3208 inimicos
1139 3179 1152 3209 ε
1205 3160 1369 3223 eosque
1407 3160 1455 3209 in
1479 3162 1711 3223 luporum,
1751 3163 1900 3210 aliove

116 3223 363 3272 noxiorum
385 3224 655 3285 animalium
677 3242 844 3290 genere
858 3225 1012 3288 potius
1034 3242 1174 3289 quam
1197 3225 1439 3274 hominum
1455 3225 1690 3273 habendos
1705 3239 1894 3289 putem:

118 3305 224 3351 quae
242 3288 325 3351 qui
347 3289 447 3344 alit,
470 3294 512 3337 δε
534 3289 617 3337 fibi
641 3290 889 3353 perniciem
915 3289 997 3337 alit
1015 3293 1065 3341 δί
1087 3291 1189 3338 aliis
1212 3308 1224 3338 t
1260 3290 1343 3353 qui
1365 3291 1555 3345 occidit,
1576 3307 1666 3337 non
1691 3292 1773 3338 fibi
1797 3301 1897 3343 mo÷

122 3354 184 3398 do
208 3352 283 3400 sed
306 3346 493 3416 publice
516 3353 730 3413 universis
765 3355 959 3418 prodest.
1031 3356 1172 3419 Qod
1195 3355 1226 3403 fi
1251 3354 1369 3402 mihi·
1390 3356 1542 3419 legem
1577 3354 1694 3401 ferre
1719 3356 1894 3412 licerer,

113 3413 330 3478 ,juberem
364 3418 511 3479 (quod
533 3419 735 3477 Romani
777 3419 824 3466 in
849 3418 1057 3466 monstris
1090 3417 1390 3483 procurandis
1429 3420 1578 3466 facere
1600 3419 1822 3482 solebant)
1847 3422 1897 3470 id

117 3498 266 3544 genus
283 3481 523 3529 hominum
541 3481 590 3529 in
614 3482 724 3530 solas
746 3496 882 3531 terras
906 3483 1158 3548 deportari,
1175 3497 1254 3532 aut
1274 3486 1323 3539 in
1345 3486 1442 3531 alto
1460 3483 1619 3547 procul
1635 3499 1662 3530 a
1679 3484 1897 3550 conspec-

119 3557 171 3604 tu
192 3558 321 3592 terrae
344 3545 566 3610 demergi,
590 3563 647 3594 ne
668 3548 886 3611 contagio
915 3550 1054 3595 etiam
1079 3564 1363 3597 mortuorum
1388 3548 1653 3595 hominibus
1674 3550 1896 3599 officeret:

113 3609 485 3675 -interfeitoribus
507 3622 661 3661 autem
682 3613 872 3676 praemia
894 3611 1098 3689 decerni,
1124 3630 1215 3672 non
1239 3615 1297 3662 ab
1317 3613 1520 3665 unirerto
1545 3625 1721 3662 tantum
1744 3631 1901 3679 popu-

1830 3679 1895 3730 le,
