2045 3857
564 126 894 192 L1BER
987 127 1388 198 SEXTUS.
1735 157 1848 222 141

95 230 360 294 Plaerunque
376 222 529 271 VOCari
545 240 646 272 eam
663 240 856 288 partem,
873 223 956 289 *cui
974 226 1199 274 Brittones
1218 229 1495 292 imperarant
1517 254 1527 281 :
1553 236 1641 285 hoc
1657 239 1857 312 est,·quae

95 297 159 341 est
180 295 295 340 intra
313 290 489 335 vallum
512 288 724 345 Adriani,
749 303 828 337 aut
849 306 956 337 cum
978 291 1161 356 longius
1179 292 1274 352 ejus
1297 295 1406 342 fines
1431 305 1710 357 protendunt
1739 317 1860 352 lntra

98 359 268 405 vallum
290 352 443 400 Severi
469 371 482 399 ι
519 355 679 400 Scotos
701 371 827 410 vero,
852 360 900 406 ὅ(
919 356 1067 403 Ρὶξὶοε
1086 356 1202 419 saepe
1224 371 1351 406 extra
1371 361 1651 414 Britanniam
1671 371 1858 426 censeri,

100 428 141 470 &
171 417 350 468 interim
377 418 447 479 (1)
480 416 808 466 transmarinos
822 421 1019 482 populos
1037 421 1147 468 dici.
1182 423 1322 484 Qod
1344 424 1487 488 igitur
1509 434 1631 492 apud
1651 433 1755 482 illos
1778 438 1857 492 est,
1896 491 1902 494 ,

98 483 271 545 Anglos
291 481 377 528 toti
394 480 642 529 Britanniae
662 482 897 547 imperasse
916 485 1181 548 aliquando,
1220 488 1266 534 id
1290 489 1360 535 isti
1383 490 1448 564 ita
1466 495 1714 557 accipiunt,
1752 518 1805 547 ac
1829 504 1860 549 si

93 548 318 595 diceretur
339 558 482 593 totam
513 547 815 604 Britanniam,
839 548 888 595 id
911 552 971 596 est
998 551 1208 606 Albium,
1230 553 1319 600 five
1337 555 1605 615 Almonem,
1646 578 1751 610 cum
1789 566 1861 612 illi

92 610 373 658 brevioribus
389 611 553 657 finibus
565 613 740 673 plaerun
750 629 859 675 que,
873 614 941 660 uti
953 614 1352 670 dixi,Britanniam
1367 620 1750 674 circumscribant.
1770 632 1860 678 Sed

90 675 146 723 de
166 675 236 722 his
259 674 350 722 alio
371 675 476 721 loco
498 675 633 723 latius
656 676 955 725 differuimus,
1013 680 1154 726 Nunc
1177 682 1236 728 ad
1254 699 1322 729 res
1346 686 1586 736 Scotorum
1604 692 1856 745 redeamus.

107 846 110 849 .
156 814 340 864 XVIII.
378 815 418 861 C
432 814 580 865 ONS
594 751 973 862 ΤΑΝΕΊξζΙὶζΙὲῙὲ
1000 753 1067 864 iil}
1080 755 1418 870 liEssssichorum
1457 825 1615 875 secessu
1655 832 1859 893 quietem

3 892 38 917 ·-
90 880 303 941 amplexo
334 881 436 926 Rex
465 879 721 927 declaratur
755 880 1091 930 Milcolumbus
1135 884 1342 933 Donaldi
1378 888 1514 938 filius.
1596 895 1862 948 Athelstano

89 957 288 997 mortuo,
309 960 361 990 ac
385 957 605 1003 regnante
627 944 765 991 fratre
786 946 882 1007 ejus
906 947 1154 995 Edmundo
1178 950 1418 1008 Cumbria‚
1442 961 1482 1002 δε
1505 958 1759 1009 Vestmaria
1791 983 1861 1013 re-

89 1008 208 1054 lie'tis
234 1007 398 1071 Anglis
423 996 481 1055 ad
516 1010 733 1056 assuetum
756 1009 1005 1073 imperium
1029 1012 1203 1061 rediere
1230 1033 1240 1061 :
1283 1022 1320 1063 δε
1346 1018 1486 1076 Dani,
1508 1024 1589 1084 q'ui
1611 1024 1658 1071 in
1681 1027 1859 1077 North-

90 1073 271 1119 umbria
293 1073 596 1120 remanserant
619 1075 880 1121 Avalaffum
903 1077 1091 1123 Danum
1113 1079 1346 1131 hominem
1374 1085 1511 1149 Regii
1547 1091 1728 1152 generis
1760 1107 1859 1143 tum

87 1136 134 1182 in
162 1137 389 1183 Hibernia
409 1138 672 1185 exulantem
696 1141 753 1186 ad
774 1156 969 1202 regnum
996 1141 1312 1205 accipiendum
1337 1163 1518 1197 vocant.
1586 1156 1860 1207 Edmundus

90 1201 367 1263 prospiciens
411 1215 583 1265 quanta
618 1202 730 1249 belli
754 1206 896 1250 moles
921 1206 1120 1262 instaret,
1158 1210 1518 1262 Milcolumbum
1543 1218 1782 1279 Cumbria,
1807 1229 1860 1278 ὃς

88 1266 341 1314 Vestmeria
363 1266 520 1321 donat,
547 1284 599 1314 ea
620 1268 741 1330 lege,
786 1282 835 1314 ut
852 1269 934 1331 qui
956 1271 1166 1332 proxime
1198 1273 1244 1320 in
1280 1292 1473 1339 regnum
1499 1283 1737 1333 Scotorum
1760 1289 1859 1337 suc-

89 1331 283 1378 cefl‘urus
305 1332 410 1379 esset
434 1331 760 1379 sacramentum
787 1334 1047 1397 Anglorum
1069 1338 1191 1400 Regi
1212 1355 1294 1387 ceu
1318 1341 1527 1404 supremo
1549 1364 1707 1397 eorum
1729 1354 1858 1402 loco—

87 1411 189 1441 rum
212 1395 402 1442 domino
423 1395 611 1443 diceret.
678 1396 862 1446 Deinde
885 1399 1044 1446 Danos
1066 1402 1202 1449 variis
1227 1406 1561 1458 calamitatibus
1580 1415 1767 1465 afflic'tos
1792 1420 1860 1468 fa-

88 1459 176 1506 cile
199 1459 245 1506 in
285 1456 406 1506 suam
432 1460 654 1507 ditionem
677 1462 884 1527 redegit:
930 1482 1014 1514 nec
1036 1465 1128 1528 ipse
1144 1468 1226 1515 diu
1250 1471 1291 1517 ei
1311 1471 1512 1522 vicioriae
1542 1477 1754 1542 superstes
1785 1485 1859 1533 fu-

85 1523 140 1571 it.
210 1525 356 1588 Angli
372 1524 420 1570 in
442 1525 595 1572 locum
617 1526 711 1588 ejus
731 1527 916 1576 fratrem
937 1530 1169 1579 Edredum
1192 1535 1370 1599 Regem
1394 1554 1560 1589 creant.
1630 1546 1859 1597 Adversus

86 1587 208 1635 hunc
227 1603 334 1636 cum
355 1589 498 1645 Dani,
537 1591 618 1653 qui
640 1592 1023 1642 Northumbriam
1048 1599 1280 1655 tenebant,
1307 1619 1389 1649 nec
1413 1621 1610 1668 unquam
1633 1609 1752 1659 bona
1769 1615 1860 1662 fide

86 1669 247 1715 pacem
271 1669 377 1705 cum
402 1655 566 1719 Anglis
590 1656 806 1714 fecerant,
827 1659 1127 1718 rebellassent,
1151 1666 1388 1728 multaque
1406 1670 1506 1716 loca
1524 1674 1707 1722 munita·
1723 1677 1781 1724 de
1804 1696 1859 1727 eo

85 1718 135 1763 in
159 1717 333 1765 diversa
353 1719 485 1781 regni
519 1732 649 1783 parte
669 1739 892 1785 occupato
915 1726 1143 1789 caepiffent
1167 1747 1178 1775 :
1229 1746 1281 1777 ac
1313 1732 1360 1777 in
1399 1736 1557 1795 primis
1580 1739 1855 1800 Eboracum,

87 1781 246 1829 decern
277 1783 481 1831 millibus
506 1787 747 1833 Scotorum
783 1788 833 1835 in
867 1787 1115 1839 subsidium
1145 1795 1344 1858 acceptis
1368 1800 1550 1863 Anglus
1575 1818 1652 1850 eos
1690 1822 1859 1872 magna

87 1846 217 1894 clade
241 1850 534 1912 compescuit.
581 1850 916 1900 Milcolumbus
939 1856 1130 1904 domum
1151 1861 1348 1908 reversus
1373 1874 1518 1912 totum
1543 1866 1586 1913 se
1607 1870 1730 1930 pacis
1749 1875 1866 1921 arti-‘

87 1909 171 1958 bus
194 1913 337 1960 dedit.
406 1915 475 1962 Ut
497 1928 650 1962 autem
674 1917 785 1965 belli
803 1919 1009 1976 vulnera,
1035 1938 1088 1968 ac
1105 1924 1382 1986 potissimum
1405 1927 1656 1988 licentiam,
1680 1939 1731 1985 δε
1752 1938 1857 1985 lux-

91 1991 168 2022 um
192 1977 379 2034 sanaret,
399 1980 628 2027 universos
651 1983 890 2031 Scotorum
910 2000 1160 2035 conventus
1172 1989 1394 2051 juridicos
1413 1994 1596 2042 alternis
1616 1998 1710 2046 fere
1727 2004 1857 2052 annis

90 2038 311 2089 invisebat
332 2061 342 2089 :
369 2049 408 2091 δε
427 2044 599 2092 summa
618 2062 721 2093 cum
739 2049 953 2112 aequitate
963 2050 1036 2111 jus
1056 2051 1255 2102 dicebat.
1291 2058 1503 2105 Tandem
1525 2062 1708 2111 decimo
1720 2068 1856 2130 quin-

88 2115 138 2150 to
161 2106 290 2169 regni
312 2123 432 2171 anno
467 2110 579 2156 dum
611 2112 757 2160 acrius
779 2115 1021 2162 latrocinia
1041 2118 1194 2180 punit,
1238 2126 1278 2167 <Sc
1302 2123 1484 2170 luxuria
1508 2125 1762 2179 diffluentes
1780 2134 1855 2195 ju-

88 2167 267 2218 niorum
293 2188 439 2219 mores
461 2188 658 2231 coercet,
696 2176 743 2224 in
768 2179 982 2227 Moravia
1014 2183 1152 2229 noEtu
1175 2200 1201 2230 a
1229 2188 1477 2248 conjuratis
1512 2191 1572 2237 est
1610 2193 1852 2246 extinctus.

88 2234 124 2279 F
127 2235 322 2282 acinoris
345 2238 512 2285 conscii
539 2239 785 2304 diligenter
803 2259 829 2289 a
846 2245 1112 2306 proceribus
1131 2250 1325 2310 quaesiti‚
1365 2269 1417 2298 ac
1434 2254 1698 2317 deprehensi
1729 2263 1855 2312 vario

85 2296 410 2363 suppliciorum
432 2320 600 2368 genere
619 2322 704 2368 pro
728 2307 945 2376 cujusque·
961 2328 1100 2373 opera
1121 2312 1168 2360 in
1192 2314 1355 2363 scelere
1375 2321 1599 2380 patrando
1621 2324 1787 2374 affecti.

725 2394 972 2445 LXXVII.
1028 2400 1070 2445 R
1088 2400 1126 2446 E
1152 2403 1213 2450 X.

147 2459 280 2509 XIX.
313 2463 347 2508 P
363 2464 404 2511 R
421 2464 465 2508 O
481 2464 680 2512 XIME
713 2471 924 2532 regnavit
945 2473 1157 2521 Iudulfus
1179 2493 1190 2520 ε
1227 2478 1308 2540 qui
1340 2480 1474 2529 rebus
1508 2483 1637 2532 domi
1663 2503 1852 2554 compo-

85 2523 177 2571 fitis
201 2526 462 2588 proximum
494 2530 779 2592 septennium
800 2534 847 2600 in
867 2535 1040 2584 summa
1061 2542 1391 2604 tranquillitate
1414 2549 1642 2614 transegit.
1712 2557 1852 2605 Oeta-

84 2605 143 2635 vo
173 2590 355 2638 demum
384 2593 515 2656 regni
546 2612 666 2642 anno
690 2598 813 2645 Dani
836 2602 956 2664 aegre
980 2603 1174 2651 ferentes
1197 2607 1447 2657 amicitiam
1472 2615 1729 2679 Anglorum
1763 2623 1852 2670 suae

85 2654 874 2724 praelatam,foedusquesperpetuum
898 2684 923 2712 a
941 2668 1120 2716 duobus
1142 2671 1350 2735 Regibus
1371 2677 1578 2726 adversus
1596 2681 1638 2728 se
1659 2682 1850 2744 factum,

13 2741 24 2751 r
83 2717 214 2765 classe
236 2721 573 2786 quinquaginta
594 2728 778 2775 navium
798 2731 944 2778 Scotis
965 2732 1080 2780 nihil
1103 2736 1253 2783 minus
1272 2743 1617 2801 experientibus
1635 2745 1685 2796 in
1724 2752 1852 2798 aestu-

81 2781 228 2829 arium
262 2788 441 2835 Forthae
465 2788 665 2841 fluminis
687 2792 867 2856 ingressi
898 2812 1041 2859 prope
1063 2801 1388 2863 necopinantes
1410 2811 1736 2869 oppresserunt.
1804 2818 1852 2864 I-

81 2846 206 2908 gitur
226 2848 274 2896 in
308 2867 355 2896 re
378 2864 471 2898 tam
494 2853 640 2901 subita
663 2858 872 2914 terroris,
897 2877 949 2907 ac
971 2862 1287 2926 trepidationis
1312 2870 1447 2930 plena
1470 2872 1654 2922 fuerunt
1673 2880 1847 2938 omnia,

82 2910 183 2957 aliis
206 2912 324 2960 bona
342 2914 418 2962 sua
437 2916 492 2983 in¹
509 2918 610 2966 loca
632 2922 816 2978 tutiora,
843 2941 895 2971 ac
915 2927 1243 2985 mediterranea
1258 2934 1652 2995 'transferentibu8,
1673 2943 1773 2991 aliis
1792 2948 1852 2994 ad

83 2989 205 3021 mare
241 2983 632 3039 concurrentibus,
672 3000 720 3033 ut
744 2988 917 3036 hostem
957 2991 1226 3042 exscendere
1251 2998 1558 3059 prohiberent.
1625 3007 1854 3059 Praeerant

84 3038 203 3087 elafii
225 3043 381 3105 HagO,
408 3050 455 3094 Sc
482 3047 710 3097 Helrieus.
766 3053 832 3101 Hi
855 3070 962 3102 cum
986 3058 1278 3115 Lothianam‚
1304 3079 1358 3119 ac
1377 3065 1545 3114 deinde
1567 3070 1713 3118 Fifam
1738 3073 1850 3122 frus-

85 3114 155 3148 tra
177 3109 426 3162 tentassent,
467 3111 563 3159 Tai
583 3115 835 3164 aestuariurn
875 3121 1060 3168 adeunt.
1130 3124 1233 3171 Illic
1268 3143 1454 3191 quoque
1489 3145 1605 3180 terra
1626 3137 1851 3198 prohibiti

83 3180 190 3214 cum
202 3169 430 3233 reliquum
442 3174 548 3223 litus
560 3177 1022 3240 legerent‚AEneiam‚
1039 3187 1126 3234 five
1138 3189 1405 3253 Angustam,
1422 3196 1669 3254 Merniam,
1684 3202 1851 3250 Marri-

89 3234 467 3286 am,Buchaniam
483 3246 871 3302 praetervefflmec
892 3249 1076 3312 usquam
1091 3253 1262 3299 admissi
1275 3267 1490 3320 tanquam
1511 3261 1737 3312 discessuri
1751 3269 1851 3315 vela

84 3293 136 3342 in·
156 3298 299 3345 altum
321 3299 562 3354 dederunt.
599 3307 811 3358 ‘Deinde
832 3314 1045 3361 omnibus
1065 3315 1227 3364 securis
1250 3322 1346 3382 post
1367 3322 1544 3387 aliquot
1565 3327 1660 3375 dies
1684 3335 1852 3379 reveeii

82 3358 133 3405 in
163 3362 295 3408 litore
311 3364 473 3415 'Bomae
494 3369 550 3414 ad
575 3370 751 3420 Collini
769 3377 972 3425 fluminis
991 3381 1152 3428 ostium
1171 3386 1291 3430 nac'ti
1314 3385 1466 3434 locum
1486 3390 1702 3440 idoneum
1726 3410 1853 3444 ante-

85 3439 224 3485 quam
247 3427 372 3474 edito
414 3434 615 3479 tumtiltu-
650 3441 815 3487 accolae
850 3457 1155 3502 accurrerent,
1196 3450 1325 3496 nullo
1347 3452 1620 3513 prohibente
1654 3460 1855 3509 militem

87 3503 344 3551 exponunt.
408 3495 579 3546 Eorum
600 3500 846 3567 adventum
870 3523 976 3555 cum
997 3509 1187 3558 rescisset
1209 3514 1438 3571 Indulfus,
1459 3534 1575 3580 pene
1598 3521 1765 3571 famam
1789 3525 1854 3573 sui

138 3600 197 3651 (ι)
227 3603 405 3643 Over-sca
433 3619 535 3655 men,
565 3611 797 3655 out-landish
833 3629 934 3664 men,
949 3632 990 3656 or
1009 3626 1078 3659 not
1097 3621 1142 3658 of
1155 3623 1217 3661 the
1235 3623 1332 3663 sume
1345 3635 1511 3677 country,
1531 3629 1745 3681 foreigners.

1735 3723 1850 3772 psaeu
