2065 3796
135 141 264 211 1-74
441 122 802 190 RERUM
897 121 1589 192 Sem-minum

130 223 342 273 afferunt,
364 214 565 282 latrones
586 221 759 272 scilicet
779 240 805 270 a
828 222 1028 270 ministro
1047 223 1298 270 cubiculari
1319 237 1552 289 corrupto,
1577 224 1709 288 Rege
1731 224 1905 275 dormi.

128 298 234 332 ente
257 284 548 343 intromissos,
569 288 882 337 Alexandrum
903 303 1013 334 vero
1034 285 1154 335 forte
1174 291 1507 351 experret‘lwrn,
1526 288 1727 352 primum
1748 289 1905 339 minis-

129 362 269 403 trum,
281 365 308 405 a
323 365 417 412 quo
434 350 643 414 proditus
660 364 771 406 erat,
791 351 956 398 deinde
978 351 1052 398 sex
1073 368 1098 397 e
1117 351 1370 399 latronibus
1387 353 1674 401 interemisse.
1712 354 1788 401 Ad
1806 355 1908 403 haec

126 413 328 477 tumultu
367 413 415 460 in
453 415 556 462 aula
577 413 808 463 concitato
844 427 1030 463 caeteros
1046 415 1233 479 fugisse,
1273 417 1592 465 Alexandrum
1615 416 1906 482 fugientibus
2016 437 2025 462 ,τ

123 474 343 534 institisse,
368 478 516 527 donec
540 479 686 540 major
703 495 862 526 eorum
884 496 988 542 pars
1012 478 1191 527 concisa
1212 479 1376 529 fuisset.
1446 482 1547 528 Post
1567 483 1667 529 haec
1690 483 1748 529 ad
1777 483 1905 547 pacis
2015 522 2019 529 .
2044 526 2047 542 ⁴

119 556 265 606 opera
279 539 516 590 conversus
537 545 715 591 Fanum
733 544 978 592 Michaelis
1001 544 1060 592 ad
1079 546 1275 592 Sconam
1297 561 1324 592 a
1346 546 1657 593 fundamentis
1679 547 1900 596 extruxit.

126 607 200 669 (1)
227 606 511 671 Collegium,
535 607 662 672 quod
682 606 750 655 ibi
771 621 884 664 erat,
906 608 1187 659 sacerdotum
1205 608 1252 656 in
1276 610 1538 657 caenobium
1562 611 1903 660 Monachorum
1952 636 1953 639 ¹
1993 613 2022 681 ⁷.

123 671 336 719 mutavit.
404 673 459 719 In
473 673 723 720 AErnonam
741 671 933 720 insulam
953 676 1215 736 tempestate
1229 675 1406 723 delatus
1428 673 1497 722 ibi
1513 691 1660 739 prope
1677 675 1736 722 ad
1753 676 1904 724 extre·
2003 668 2012 683 ¹

125 751 255 797 mum
277 735 533 800 periculum
555 753 612 784 ex
639 736 759 784 fame
781 739 907 784 venit
930 756 941 783 t
979 754 1085 785 cum
1114 739 1294 786 nullum
1317 755 1401 802 per
1417 739 1595 804 aliquot
1611 739 1708 788 dies
1729 757 1814 788 nec
1829 739 1904 805 ip-

117 800 182 854 se,
209 818 358 864 neque
393 801 586 864 comites
623 801 797 849 vietum
832 803 1104 860 habuissent,
1136 804 1218 850 nifi
1242 821 1384 866 quem
1413 804 1538 868 apud
1564 804 1774 852 solitariae
1795 804 1904 853 vitae

121 865 347 927 cultorem
388 866 621 928 (eremitas
656 867 800 929 vulgo
833 868 1088 930 appellant)
1125 866 1419 916 invenerunt.
1487 868 1562 914 Ibi
1594 886 1782 932 quoque
1815 871 1903 917 Ea-

119 946 232 977 num
254 930 302 977 in
325 930 594 978 memoriam
615 929 730 976 Divi
748 931 971 979 Columbi
992 931 1211 986 extruxit,
1235 931 1422 992 adjeEtis
1437 933 1706 987 Canonicis,
1729 937 1745 993 (
1753 946 1801 980 ut
1819 949 1900 980 vo-

120 995 246 1054 cant)
273 998 315 1041 &
336 994 475 1057 agris,
498 993 581 1057 qui
601 1009 678 1040 eos
698 993 885 1040 alerent.
931 998 1106 1044 Fanum
1124 1011 1312 1058 quoque
1335 996 1534 1045 Andreae
1557 996 1658 1043 satis
1677 1008 1810 1044 antea
1827 998 1902 1045 di-

119 1076 217 1114 ves,
237 1075 330 1105 non
364 1058 505 1106 modo
527 1057 745 1113 donariis,
774 1057 846 1105 sed
870 1059 1007 1107 etiam
1028 1060 1151 1124 agris
1169 1058 1311 1107 anxit.
1381 1060 1553 1107 AEdem
1577 1061 1635 1107 ad
1652 1062 1688 1108 F
1691 1062 1903 1111 ermelini

119 1122 314 1178 Dunum
347 1139 372 1169 a
393 1134 521 1185 patre
554 1134 755 1186 coeptam
778 1123 990 1186 perfecit,
1024 1131 1064 1172 &
1096 1123 1394 1189 proventibus
1426 1125 1745 1189 locupletavit.
1809 1127 1901 1176 His

116 1187 215 1235 fere
236 1203 364 1252 pace,
390 1188 604 1250 belloque
635 1187 784 1251 gestis,
817 1205 924 1237 cum
960 1189 1286 1253 septemdecim
1308 1206 1450 1236 annos
1471 1189 1540 1236 rei
1562 1190 1755 1237 Scoticae
1776 1207 1897 1255 prae·

117 1252 286 1324 fuisset,
309 1252 506 1318 deceflit,
527 1251 666 1300 nullis
689 1252 714 1301 ὲ
747 1253 921 1318 Sibylla
945 1254 1177 1303 Gulielmi
1200 1253 1433 1301 Normani
1466 1254 1560 1302 filia
1592 1254 1760 1302 relie‘tis
1781 1255 1902 1305 libe-

116 1333 195 1364 ris.

183 1448 388 1496 XXVII.
421 1448 467 1496 D
486 1449 610 1498 AVI
625 1451 671 1498 D
708 1449 750 1497 ei
783 1450 921 1498 frater
953 1450 1151 1499 successit
1172 1467 1293 1498 anno
1315 1467 1341 1498 a
1376 1450 1557 1499 Christo
1580 1463 1687 1498 nato
1724 1466 1740 1499 1
1766 1466 1781 1498 1
1805 1468 1903 1517 24..

117 1514 181 1566 Is,
205 1528 312 1560 cum
345 1513 505 1561 fratres
528 1516 641 1576 ejus,
665 1515 780 1563 alter
801 1519 898 1579 post
920 1517 1112 1563 alterum
1132 1516 1180 1563 in
1204 1517 1357 1581 Scotia
1377 1534 1530 1564 rerum
1550 1516 1820 1579 potirentur,
1846 1518 1895 1566 in

115 1576 294 1642 Anglia
314 1580 437 1641 apud
458 1579 703 1626 Matildem
725 1581 920 1627 sororem
939 1582 1080 1628 haefit.
1132 1579 1207 1627 Ibi
1231 1597 1419 1627 uxorem
1439 1580 1631 1644 accaepit
1648 1581 1896 1629 Matildem

113 1641 427 1706 propinquam
448 1643 570 1689 suam
595 1644 758 1701 forma,
783 1645 976 1701 divitiis,
1001 1661 1054 1692 ac
1076 1644 1316 1693 nobilitate
1337 1647 1593 1693 florentem.
1638 1647 1746 1692 Erat
1767 1646 1894 1695 enim

113 1704 162 1752 ei
177 1715 307 1767 pater
323 1705 571 1754 Voldiofus
584 1710 934 1757 Northumbriae
949 1712 1118 1758 Comes
1138 1730 1149 1756 ;
1171 1723 1315 1757 mater
1329 1710 1516 1758 Iuditha
1527 1709 1756 1757 Gulielmi
1768 1710 1894 1757 Nor-

116 1771 242 1818 mani
259 1772 425 1834 neptis.
452 1774 521 1819 Ex
539 1790 592 1819 ea
613 1774 758 1821 filium
781 1774 988 1838 suscaepit
1008 1775 1283 1830 Henricum,
1298 1776 1344 1822 in
1365 1792 1458 1839 quo
1483 1774 1629 1822 statim
1651 1792 1677 1821 a
1695 1774 1897 1837 pueritia

116 1841 375 1898 &paterna,
393 1843 434 1884 δι
450 1850 653 1884 materna
673 1839 852 1886 indoles
875 1840 1034 1888 eluxit.
1069 1842 1139 1886 Ex
1160 1841 1250 1886 hoc
1273 1839 1568 1887 matrimonio
1586 1840 1765 1902 magnis
1787 1856 1895 1902 pro-

114 1899 329 1948 ventibus
351 1903 525 1956 ausim,
546 1919 711 1966 nempe
747 1905 1057 1952 Comitatibus
1078 1903 1446 1960 Northumbriae,
1468 1909 1508 1950 &
1531 1902 1892 1957 Hundintoniae.

114 1964 205 2012 five
227 1965 558 2013 Venantoduni
576 1983 683 2015 cum
705 1984 874 2033 magna
894 1969 1068 2016 civium
1088 1968 1395 2033 gratulatione
1415 1970 1475 2015 ad
1498 1985 1690 2032 regnum
1721 1967 1894 2030 accipi·
2011 2023 2014 2025 ,
2045 2025 2051 2037 ἲ

112 2029 285 2077 endum
306 2029 354 2077 in
378 2031 579 2078 Scotiam
609 2034 751 2080 venit.
820 2035 946 2092 Nam
968 2035 1047 2081 etfi
1069 2046 1310 2096 parentum
1335 2034 1558 2080 memoria
1579 2032 1636 2079 ad
1657 2032 1926 2096 popularis.
1997 2030 2049 2097 ιξ’

111 2093 272 2159 gratiae
307 2095 680 2144 conciliationem
719 2095 940 2162 magnum
976 2111 1263 2146 momentum
1303 2098 1508 2152 haberet,
1531 2097 1717 2161 propria
1738 2110 1894 2147 tamen
1998 2103 2002 2109 '
2025 2109 2029 2119 “

111 2159 280 2206 virtute
301 2159 470 2216 effecit,
497 2172 546 2208 ut
566 2162 714 2209 aliena
733 2162 1135 2211 commendatione
1161 2163 1221 2210 ad
1243 2164 1427 2210 laudem
1451 2163 1568 2210 nihil
1590 2174 1762 2226 egeret.
1829 2164 1893 2210 E.

110 2237 181 2271 rat
202 2223 325 2270 enim
360 2224 505 2271 cuivis
528 2225 714 2289 Regum
735 2227 784 2275 in
806 2227 981 2275 caeteris
998 2227 1244 2275 virtutibus
1268 2244 1349 2291 par
1370 2246 1381 2274 :
1415 2226 1634 2274 audiendi
1652 2243 1759 2273 vero
1779 2243 1889 2273 cau·

111 2288 177 2335 sas
211 2287 475 2336 tenuiorum
497 2289 719 2339 facilitate
741 2293 882 2356 longe
921 2291 1138 2355 superior.
1207 2292 1536 2340 Potentiorum>
1557 2291 1767 2354 querelas
1800 2291 1895 2365 ipse

108 2351 341 2412 audiebat.
411 2355 459 2400 Si
480 2355 583 2419 quis
595 2355 809 2416 judicum
831 2357 988 2404 falsum
1006 2355 1265 2418 judicasset,
1285 2373 1354 2405 res
1364 2355 1596 2418 judicatas
1617 2356 1708 2402 ηὸτι
1726 2354 1893 2404 rescin-

109 2417 249 2464 debat
272 2436 285 2464 :
321 2417 397 2465 sed
423 2418 631 2479 judicem
665 2420 759 2468 litis
784 2421 1128 2468 aestimationem
1150 2423 1347 2485 cogebat
1367 2419 1490 2468 visto
1514 2419 1727 2483 pendere.
1796 2421 1918 2483 Lu(

109 2480 286 2529 xuriam
308 2481 445 2530 latius
466 2483 807 2547 proserpentem
828 2487 970 2548 patris
994 2486 1208 2548 exemplo
1229 2484 1448 2534 coercuit.
1505 2483 1733 2540 Artifices,
1755 2488 1796 2530 &
1819 2485 1892 2532 in-

107 2550 319 2594 ventores
341 2563 500 2595 earum
521 2547 858 2604 illecebrarum,
884 2567 989 2614 quae
1008 2550 1168 2615 gulam
1191 2547 1391 2606 irritant,
1420 2566 1564 2614 regno
1587 2548 1740 2610 ejecit.
1807 2550 1894 2596 Pa-

108 2624 308 2667 rentum,
341 2628 394 2659 ac
427 2612 796 2676 propinquorum
831 2613 1182 2662 beneficentiam
1212 2615 1348 2663 venia
1381 2614 1553 2677 potiuS‚
1590 2629 1728 2677 quam
1756 2613 1893 2662 laude

108 2675 299 2740 dignam
321 2675 370 2724 in
390 2677 614 2741 augendis
638 2679 938 2741 proventibus
961 2678 1266 2729 ecclesiasticis
1284 2681 1429 2742 longe
1447 2677 1691 2742 superavit.
1722 2679 1892 2725 Mona-

110 2741 239 2787 steria
259 2741 333 2788 vel
366 2741 566 2805 collapsa
587 2743 820 2798 vetustate,
844 2745 919 2792 vel
957 2744 1184 2791 bellorum
1217 2743 1404 2807 injuriis
1424 2742 1576 2790 diruta
1609 2742 1889 2790 instauravit.

108 2805 332 2854 Praeterea
363 2822 484 2853 nova
516 2823 544 2854 a
565 2806 876 2856 fundamentis
911 2810 1060 2856 multa.
1089 2808 1307 2856 extruxit.
1375 2807 1454 2853 Ad
1487 2807 1562 2853 sex
1588 2805 1887 2869 Episcopatus

108 2868 282 2931 priores
304 2883 502 2934 quatuor
524 2870 692 2932 adjecit
713 2872 1006 2926 Roffiensem,
1030 2871 1405 2926 Brechinensem,
1424 2869 1824 2926 Caledoniensem,
1848 2877 1890 2919 &

108 2933 517 2984 Dumblanensem.
584 2937 689 2984 Hos
714 2948 762 2983 ut
784 2937 1081 3000 proventibus
1120 2936 1283 2984 annuis
1304 2935 1488 2990 ditaret,
1508 2936 1707 2997 posteros
1736 2936 1889 2998 Reges
2037 2991 2040 2994 y

109 3013 226 3061 pene
247 2998 306 3044 ad
327 2997 533 3062 inopiam
562 3000 760 3064 redegit,
785 3002 986 3067 maxima
1017 3000 1274 3066 Regiorum
1308 3015 1526 3064 agrorum
1546 3011 1675 3062 parte
1697 2999 1755 3046 ad
1778 3001 1889 3046 Mo·
2011 3035 2057 3137 5³⁹⁴

2008 3092 2015 3099 ¹
2038 3082 2058 3125 w‘

1989 2995 2005 3018 ..j
2033 3003 2043 3015 ‚,

106 3061 360 3110 nachorum
381 3063 598 3112 alimenta
618 3065 891 3113 consecrata.

170 3127 402 3174 XXVIII.
434 3129 630 3176 Ioannes
663 3130 834 3191 Major,
858 3129 941 3195 qui
975 3129 1026 3176 in
1059 3127 1206 3176 studio
1232 3127 1512 3192 Theologiae
1546 3143 1766 3191 magnum
1802 3145 1886 3176 no·
1915 3167 1917 3170 Α
2006 3134 2040 3188 {³³

105 3208 213 3239 men
240 3207 321 3238 me
335 3207 480 3255 puero
503 3192 681 3248 habuit,
701 3209 809 3241 cum
829 3195 1009 3267 reliqua
1029 3193 1164 3252 hujus
1186 3191 1329 3254 Regis
1352 3195 1450 3239 asta
1472 3192 1650 3257 magnis
1672 3191 1897 3245 laudibus
1960 3213 1987 3229 κ
2017 3191 2042 3254 5⁵

2029 3167 2035 3179 1

104 3256 418 3320 prosequatur,
437 3256 555 3303 hanc
587 3256 817 3319 profusam
839 3258 936 3320 ejus
956 3274 1008 3305 in
1029 3257 1298 3306 monasteria
1318 3256 1612 3321 largitionem
1634 3255 1781 3319 gravi,
1814 3270 1884 3304 at·
1914 3276 1915 3279 ¹
1979 3263 2028 3295 <

102 3337 195 3384 que
219 3319 395 3367 utinam
417 3320 568 3367 minus
586 3336 694 3367 vera
710 3321 919 3369 oratione
937 3306 1139 3369 ineesssts
1193 3321 1332 3368 Hanc
1351 3337 1442 3386 ego
1462 3336 1648 3384 quoque
1666 3319 1896 3368 immodi*
2006 3331 2055 3380 ,352

105 3400 204 3431 cam
223 3383 662 3447 publicaepecuniae,
678 3396 816 3447 atque
828 3387 943 3433 adeo
958 3383 1225 3448 patrimonii
1242 3383 1552 3448 profusionem
1567 3385 1625 3432 εὸ
1643 3383 1792 3449 magis
1807 3387 1890 3434 de.
1956 3404 1958 3406 ,
2004 3388 2046 3439 „5

109 3448 269 3503 miror,
283 3448 413 3511 qubd
433 3445 602 3495 eisdem
621 3447 715 3495 illis
738 3448 1020 3513 temporibus
1031 3446 1756 3499 DivusBernardusacerbiffimis
1777 3464 1921 3509 conr-v.
1954 3465 1969 3487 ³-
2003 3455 2055 3501 .’·

153 3562 222 3614 Δ(ι)
253 3576 357 3615 ¹¹¹4
376 3579 476 3606 anno
494 3567 597 3618 regni
617 3579 723 3616 7mo.

1825 3661 1889 3694 Cl-
