2025 3831
575 129 905 195 Lrnaa
1013 129 1518 195 DEc-imvs.
1785 131 1921 214 285

157 250 304 288 :ratum
343 233 434 283 ulla
465 229 512 276 in
549 227 660 274 vitae
694 238 820 291 parte
853 227 974 290 apud
1011 242 1275 290 quenquam
1313 226 1670 289 conspicabatur,
1703 229 1853 285 vultu,
1877 237 1919 277 ἅτ

192 306 421 360 laerunque
442 293 593 339 verbis
622 292 671 338 id
694 291 776 339 fibi
792 292 1021 355 ingratum
1045 293 1128 339 effe
1151 290 1427 338 ostendebat.
1497 293 1568 338 Ita
1600 293 1830 342 cohibitus
1859 296 1921 342 est

151 321 244 413 litt&
262 357 492 426 grassantis
514 356 706 404 luxuriae
724 357 893 411 cursus,
911 355 1056 420 magis
1077 355 1218 419 quam
1236 370 1358 402 nova
1373 355 1726 418 intemperantia
1746 358 1922 407 extinc-

155 443 220 482 ta,
252 433 293 472 δε
314 436 442 470 vetus
464 421 739 484 parsimonia
759 421 959 468 reducta.
1520 453 1524 457 «
1601 482 1611 491 ·

219 488 395 536 XLIII.
432 487 643 533 Alterum
665 485 838 532 crimen
861 483 1064 548 primum
1101 483 1396 532 inimicorum
1420 483 1702 531 sermombus
1724 487 1782 532 est
1805 489 1928 536 cele-

150 555 334 606 bratum
359 570 370 598 ε
405 550 572 598 deinde
594 552 642 596 in
667 549 917 612 perniciem
948 549 1184 612 publicam
1204 549 1374 614 erupit.
1443 548 1586 613 Regis
1608 561 1794 610 patruus
1830 553 1928 599 Ro-

151 619 324 672 bernus,
339 619 392 669 δε
409 613 625 678 patruelis
647 614 915 666 Mordacus,
935 620 1074 675 penes
1097 629 1212 676 quos
1237 614 1441 676 regimen
1463 614 1632 660 civium
1657 615 1825 661 multos
1848 633 1928 662 an·

149 699 233 729 nos
259 682 421 735 fuerat,
443 695 547 726 cum
571 678 654 741 ipsi
676 693 869 740 regnum
893 689 1178 740 appeterent,
1198 693 1282 724 nec
1304 679 1522 724 iacobum
1543 686 1566 726 e
1585 677 1741 724 medio
1770 681 1931 727 tollere

149 746 342 809 possent,
358 745 485 806 quod
503 744 768 807 proximum
790 753 903 796 erat,
920 743 1164 789 hominum
1186 743 1363 789 animos
1385 742 1450 788 ita
1470 742 1554 789 fibi
1576 742 1821 790 conciliare
1841 746 1927 791 stu-

132 811 341 864 debant,
368 821 419 855 ut
439 808 582 871 Regis
619 807 889 854 desiderium
916 822 1007 853 non
1045 807 1160 854 adeo
1183 822 1408 868 magnum⁴
1429 806 1768 869 potentioribus
1792 809 1929 856 relin-

150 886 381 937 qzerent:
421 871 640 935 tantaque
676 870 990 918 moderatione
1018 870 1111 918 fere
1133 870 1346 918 omnibus
1378 872 1424 918 in
1448 872 1582 918 rebus
1618 871 1679 917 usi
1702 885 1847 926 erant,
1882 887 1931 921 ut

150 954 308 986 eorum
333 937 578 999 imperium
602 935 853 984 admodum
875 936 1113 983 tolerabile
1148 936 1321 990 multiS,
1348 953 1401 983 ac
1424 952 1568 1000 prope
1586 938 1841 1002 optandum
1859 938 1931 984 vi-

151 1006 353 1058 deretur,
375 1003 405 1048 fi
420 1002 633 1048 Valterus
655 999 868 1047 Mordaci
891 999 1010 1047 filius
1032 1000 1330 1064 populariter,
1352 1007 1392 1049 δε
1411 1001 1645 1048 moderate
1668 1001 1714 1047 se·
1726 1002 1928 1064 geffiffet.

151 1068 438 1114 Pan-entiores
457 1065 582 1112 enim
599 1067 665 1113 ita
685 1063 1010 1112 munificentiae
1029 1065 1176 1128 specie
1195 1066 1604 1127 amplectebantur,
1620 1077 1670 1112 ut
1687 1082 1820 1129 agros
1836 1069 1930 1116 Re-

151 1131 254 1195 gios
278 1132 336 1177 ab
359 1131 457 1177 aliis
480 1128 696 1191 occupari
717 1129 1019 1192 permiserint,
1035 1130 1135 1176 aliis
1156 1129 1241 1192 ipsi
1264 1130 1536 1178 donaverint
1561 1149 1572 1177 ε
1605 1131 1710 1177 &in
1734 1132 1931 1194 gratiam

152 1195 444 1259 quorundam
467 1211 535 1241 res
552 1193 780 1254 judicatas
803 1193 1080 1250 resciderint,
1102 1200 1143 1241 δε
1165 1195 1320 1240 exules
1343 1194 1630 1242 restituerint.
1690 1197 1824 1243 ‘Inter
1852 1214 1930 1246 eos

135 1273 309 1306 autem
332 1276 474 1306 unum
498 1258 742 1322 insignem,
767 1264 808 1304 &
830 1271 1165 1321 praepotentem
1190 1258 1452 1323 Georgium
1467 1259 1775 1307 Durnbariurn
1799 1262 1931 1311 Mar·

153 1324 338 1371 cianum
366 1325 618 1388 Regulum,
646 1321 728 1385 qui
749 1325 852 1369 exul
873 1321 1032 1386 patriae
1056 1324 1222 1371 damna
1243 1323 1459 1385 plurima,
1476 1329 1517 1371 δε
1533 1324 1789 1387 graviflima
1802 1324 1929 1375 intu-

153 1390 270 1436 lerat
294 1407 305 1436 :
337 1388 506 1454 quibus
541 1386 793 1434 rationibus
818 1386 1091 1435 conciliatos.
1110 1401 1320 1451 proceres
1343 1387 1582 1449 sperabant
1606 1406 1839 1454 nunquam
1868 1393 1929 1440 de

75 1502 82 1509 ,
142 1454 288 1517 [Rege
309 1452 578 1500 accersendo
596 1453 790 1499 acturos,
836 1448 1007 1501 Iacobo
1031 1465 1181 1499 autern
1207 1453 1297 1499 sine
1319 1452 1474 1500 liberis
1497 1453 1714 1501 defuncto
1735 1472 1929 1520 regnum

153 1519 213 1565 ad
232 1518 273 1563 se
295 1519 385 1564 fine
410 1517 577 1565 aemulo
601 1512 944 1579 perventurum,
968 1529 1048 1565 aut
1065 1517 1096 1564 fi
1119 1517 1235 1565 forte
1257 1517 1337 1564 ille
1355 1518 1412 1563 ab
1429 1517 1572 1564 exilio
1590 1519 1784 1575 redisset,
1805 1520 1931 1570 suam

134 1581 402 1630 ‚faelionem
425 1595 518 1629 tam
541 1593 778 1643 potentem
802 1581 918 1638 fore,
940 1595 989 1628 ut
1007 1581 1262 1641 avi,etiam
1285 1581 1364 1628 sub
1386 1582 1596 1645 principe
1613 1600 1772 1646 parum
1796 1602 1932 1648 aequo

155 1646 298 1693 securi
319 1649 473 1693 essent.
543 1647 720 1693 Verum
740 1648 867 1709 Rege
887 1646 1080 1702 reverso,
1096 1651 1141 1697 St
1160 1652 1312 1694 vetere
1334 1646 1488 1708 patrui
1507 1649 1654 1711 gratia
1675 1648 1803 1696 novis
1816 1652 1930 1698 Val-

156 1711 245 1757 teri
262 1711 458 1774 injuriis,
483 1717 523 1758 δι
547 1709 733 1774 flagitiis
754 1727 896 1774 prope
918 1711 1141 1767 restincta,
1163 1712 1264 1759 satis
1289 1712 1505 1773 apparuit
1533 1711 1648 1761 nihil
1671 1715 1754 1759 effe
1780 1731 1930 1779 popu-

154 1775 297 1832 larius
312 1776 508 1838 justicia.
577 1775 727 1840 Igitur
748 1776 924 1838 populo
951 1792 1042 1823 non
1067 1777 1206 1824 modo
1229 1788 1447 1840 patlente,
1472 1776 1546 1824 sed
1577 1778 1716 1824 etiam
1749 1778 1932 1828 favente

156 1840 384 1890 Mordaco
405 1854 535 1903 patre
559 1856 664 1888 cum
687 1840 868 1888 duobus
891 1840 996 1888 filiis
1018 1841 1246 1896 extinffis,
1268 1840 1402 1888 tertio
1425 1841 1638 1888 exulante
1657 1859 1748 1889 non
1771 1860 1931 1892 eorum

158 1907 302 1952 medo
322 1906 587 1957 bonisRex,
609 1907 782 1960 autina,
807 1905 880 1951 led
912 1906 1097 1956 loannis
1118 1905 1316 1953 Comitis
1347 1905 1611 1961 Buchaniae,
1636 1907 1717 1970 qui
1742 1910 1813 1970 (1)
1838 1909 1932 1957 sine

157 1969 316 2016 liberis
338 1969 386 2016 in
410 1970 569 2017 Gallia
589 1969 785 2025 deceffit‚
830 1975 870 2016 &
896 1971 1148 2018 Alexandri
1169 1970 1367 2018 Comitis
1387 1968 1588 2024 Marriae,
1606 1972 1686 2034 qui
1709 1979 1749 2019 δε
1771 1972 1929 2032 orbus,

94 2042 126 2055 *
161 2027 203 2080 Sc
226 2033 391 2080 nothus
412 2033 541 2081 dorni
561 2048 755 2082 mortem
774 2034 910 2089 obiit,
930 2036 988 2082 de
1009 2052 1102 2098 quo
1124 2034 1269 2097 pauca
1287 2034 1435 2082 obiter
1457 2035 1651 2082 dicenda
1669 2037 1898 2086 videntur.

223 2094 401 2147 XLIV.
434 2098 695 2148 Alexander
715 2098 858 2162 igitur
879 2115 936 2145 ex
951 2100 1215 2147 Alexandro
1239 2099 1432 2146 Roberti
1454 2100 1594 2163 Regis
1614 2101 1709 2147 filio
1733 2115 1862 2149 natus
1879 2104 1930 2152 in

157 2161 460 2215 adolescentia
481 2162 613 2209 malis
635 2163 917 2226 perditorum
941 2164 1182 2210 hominum
1204 2164 1401 2226 consiliis
1426 2164 1523 2211 usus
1542 2165 1778 2212 duftorem
1796 2167 1839 2214 se
1861 2168 1931 2235 ¹³⁶,

159 2227 366 2276 tronibus
386 2228 641 2290 praebuerat
667 2246 677 2274 :
704 2243 860 2273 verum
884 2244 988 2274 cum
1011 2229 1068 2275 ad
1090 2228 1268 2276 virilem
1294 2229 1558 2292 pervenisset
1579 2241 1757 2277 aetatem
1782 2248 1929 2281 mores

132 2292 275 2349 ‘adeo
295 2303 566 2347 mutaverat,
592 2306 642 2338 ut
661 2290 774 2338 alius
798 2284 934 2354 plane
955 2292 1200 2340 videretur.
1267 2294 1417 2355 Igitur
1438 2293 1561 2340 vitiis
1595 2295 1813 2356 paulatim
1848 2297 1931 2345 de-

157 2355 481 2411 crescentibus,
504 2359 555 2406 &
582 2356 830 2403 accedente
866 2357 1070 2413 consilio,
1095 2357 1158 2404 ita
1187 2358 1229 2405 se
1259 2358 1403 2412 domi,
1434 2358 1630 2420 forisque
1651 2361 1853 2423 gesserat,
1880 2375 1932 2411 ut

134 2469 136 2471 ,
157 2421 425 2482 praeclaram
460 2419 524 2467 sui
558 2420 828 2471 memoriam
851 2422 908 2469 ad
934 2423 1127 2485 posteros
1151 2422 1455 2484 transmiserit.
1520 2424 1643 2470 Nam
1666 2430 1705 2471 ἂ
1723 2425 1850 2473 domi
1871 2428 1931 2474 ad

136 2485 389 2541 ‚Har-laum
412 2485 726 2534 insulanorum
747 2486 970 2547 impeturn
1007 2503 1174 2552 magna
1194 2504 1297 2540 cum
1323 2488 1448 2534 caede
1485 2490 1683 2551 repressat
1716 2509 1725 2537 :
1753 2496 1793 2538 δε
1832 2493 1930 2539 bel-

156 2549 255 2595 lum
278 2549 696 2612 periculosiffimum
713 2550 761 2597 in
784 2550 881 2612 ipso
911 2563 1014 2598 ortu
1036 2552 1236 2599 extinxit
1263 2571 1276 2601 z
1302 2557 1343 2599 Sc
1366 2553 1470 2599 cum
1487 2554 1642 2600 multis
1661 2555 1825 2617 opibus
1850 2557 1930 2604 be·-

159 2613 219 2661 ne
238 2613 394 2677 partis,
417 2614 689 2677 praediisque
707 2614 941 2662 fructuosis
965 2618 1189 2679 coemptis
1219 2616 1397 2663 vicinos
1431 2617 1638 2673 anteiret,
1664 2636 1754 2665 non
1779 2632 1931 2669 tamen

160 2679 281 2733 ocio,
304 2683 344 2726 δε
369 2678 594 2741 voluptati
613 2680 652 2724 se
670 2679 824 2726 dedit:
871 2680 945 2728 sed
965 2680 1013 2729 in
1036 2683 1298 2729 Flandriam
1320 2698 1428 2729 cum
1469 2683 1598 2729 firma
1637 2685 1932 2746 popularium

159 2743 346 2790 cohorte
366 2742 596 2807 profectus
634 2745 704 2807 (2)
742 2746 960 2792 Carolum
981 2747 1283 2810 Burgundum
1326 2747 1533 2794 adversus
1572 2747 1841 2798 Leodienses
1864 2751 1931 2800 se-

209 2853 270 2921 (15
297 2872 479 2912 Without
503 2875 601 2912 male
619 2874 723 2914 iffae.
752 2876 807 2912 Hc
835 2875 904 2913 left
922 2852 1013 2926 only
1068 2876 1131 2914 the
1150 2879 1264 2928 proud
1283 2877 1344 2914 his
1362 2877 1425 2915 son
1457 2891 1528 2915 was
1547 2877 1673 2916 killed<-
1703 2880 1748 2929 by
1773 2879 1930 2921 Charles

156 2935 178 2960 a
211 2926 389 2973 daughter
407 2929 565 2965 married
595 2937 634 2965 to
662 2928 727 2965 the
747 2930 824 2966 {ord
846 2931 980 2966 Seaton
1002 2945 1011 2967 ς
1071 2930 1474 2980 Dauphin.ofF1·ance‚
1495 2946 1592 2968 anno
1612 2945 1723 2982 1419.
1755 2935 1842 2972 The
1863 2939 1924 2987 3d.

149 2974 208 3017 ‚he
229 2990 300 3014 was
318 2991 478 3027 younger
495 2981 557 3019 son
585 2990 624 3018 to
641 2982 784 3019 Robert
802 2982 868 3019 the
886 2997 1015 3030 gover-

160 3037 230 3066 nor
250 3043 259 3066 z
289 3029 386 3068 some
415 3034 532 3070 think
560 3034 625 3070 the
644 3035 738 3083 king
753 3036 914 3072 ‘claimed
934 3036 1016 3073 that

163 3083 287 3127 estate,
320 3096 358 3121 as
386 3088 522 3123 nearest
553 3086 635 3123 heir
651 3098 689 3124 to
708 3090 922 3126 Alexander
940 3091 1016 3127 earl

162 3136 207 3173 of
220 3135 373 3173 Buchan
391 3150 403 3185 3
450 3139 602 3177 because
624 3141 688 3178 the
707 3155 901 3189 governor,
933 3143 1018 3179 who

161 3188 235 3225 had
253 3189 366 3236 gifted
379 3191 409 3226 it
424 3198 461 3228 to
480 3191 537 3229 his
553 3194 745 3245 sonjohn‚
764 3195 836 3232 had
857 3209 905 3232 no
918 3195 1018 3244 right

161 3250 200 3279 to
220 3243 379 3279 alienate
398 3256 466 3292 any
483 3254 563 3293 part
579 3246 624 3282 of
637 3247 700 3283 the
720 3247 847 3295 king’s
865 3249 988 3286 estate.

215 3295 280 3344 (2)
310 3295 564 3334 Otherswead
593 3298 814 3349 Philippum
842 3316 852 3349 3
882 3302 941 3338 for
959 3302 1016 3350 say

162 3347 264 3397 they,
284 3348 438 3384 Charles
456 3349 555 3386 duke
574 3351 618 3386 of
632 3352 829 3402 Burgundy
849 3368 922 3392 was
949 3365 1015 3392 not

164 3401 253 3445 born
272 3411 309 3437 at
328 3401 404 3437 this
422 3403 514 3438 time
535 3416 544 3438 ε
581 3403 685 3440 there
704 3419 797 3442 were
821 3407 859 3443 in
878 3409 928 3444 all
949 3408 1014 3444 but

159 3465 189 3500 4
204 3453 320 3491 dukes
334 3454 378 3491 of
392 3455 602 3503 Burgundy,
642 3470 674 3493 ι.
699 3452 824 3508 Philip
843 3459 908 3496 the
926 3461 1013 3497 har-

160 3511 205 3555 dy
240 3507 351 3552 about
386 3507 450 3546 the
479 3521 563 3558 year
585 3509 701 3559 1330.
769 3523 808 3548 2.
826 3512 929 3563 John
948 3514 1012 3552 the

1071 2984 1202 3033 Pnssip
1221 2986 1285 3022 the
1304 2987 1396 3032 good
1413 2985 1473 3022 his
1492 2985 1568 3022 son.
1622 2998 1661 3035 4.
1682 2987 1839 3026 charles
1865 2990 1930 3027 the

1071 3038 1305 3075 warlikehis
1325 3038 1402 3083 sim,
1440 3039 1552 3087 1466.
1589 3038 1625 3075 so
1655 3039 1731 3077 this
1762 3042 1925 3080 behoved

1070 3098 1109 3127 to
1126 3091 1168 3127 be
1194 3092 1317 3129 either
1345 3091 1450 3142 Jc-lin
1479 3091 1544 3129 the
1575 3095 1703 3140 proud,
1737 3108 1778 3132 or
1796 3096 1929 3146 Philip

1071 3143 1138 3180 the
1156 3146 1247 3191 good
1272 3160 1285 3194 5
1324 3144 1389 3180 but
1415 3143 1518 3197 john
1546 3145 1611 3182 the
1630 3150 1742 3195 proud
1764 3148 1870 3196 being
1887 3149 1929 3186 in

1071 3197 1490 3235 coritinual‘dissention
1524 3198 1619 3236 with
1657 3200 1720 3236 the
1751 3202 1929 3252 Dauphin

1071 3250 1121 3286 all
1141 3250 1198 3286 his
1219 3251 1327 3296 time,
1347 3251 1418 3288 had
1435 3266 1483 3289 no
1499 3265 1589 3288 wars
1605 3252 1698 3289 with
1721 3253 1819 3291 these
1838 3267 1928 3303 peo-

1069 3303 1157 3351 ple5
1187 3306 1256 3340 and
1287 3317 1342 3340 wc
1373 3307 1456 3341 read
1489 3305 1571 3342 that
1590 3306 1720 3355 Philip
1755 3306 1818 3344 the
1837 3309 1933 3355 good

1069 3356 1157 3394 had.
1189 3357 1330 3394 Others
1349 3359 1471 3395 would
1490 3358 1584 3395 have
1598 3357 1637 3395 ns
1656 3368 1692 3396 to
1714 3362 1794 3396 read
1815 3361 1927 3397 Ioan-

1068 3422 1171 3452 nem,
1190 3411 1366 3458 meaning
1383 3411 1485 3462 John
1507 3411 1572 3448 the
1590 3414 1717 3460 prend,
1754 3413 1840 3450 who
1869 3413 1928 3464 say

1068 3461 1170 3510 they,
1211 3464 1328 3502 killed
1362 3477 1506 3516 3o,cr00
1539 3465 1583 3503 of
1608 3464 1671 3502 the
1702 3464 1870 3513 Licgcois
1888 3467 1930 3506 iu

1072 3517 1189 3565 1403.

1786 3645 1935 3703 cutus³

1727 3702 1744 3728 ψ
