2045 3857
439 139 768 208 Lmen
874 139 1439 207 SEPTiMusss
1663 161 1858 225 ·159

95 246 235 300 senio,
270 251 318 289 ut
337 237 465 294 solet,
490 238 711 285 accrevit:
757 239 924 302 partim
944 252 1132 288 enatum
1154 239 1215 286 est
1236 255 1292 285 ex
1321 239 1494 303 inopia,
1518 258 1620 304 quze
1649 242 1861 308 largitio-

98 323 207 358 num
227 303 577 353 immodicarum
595 303 769 367 semper
787 305 848 350 est
869 320 1036 351 comes.
1106 303 1282 350 Praedia
1299 315 1469 351 temere
1487 307 1718 354 nobilitati
1739 306 1860 356 divi-

95 375 140 422 sa
156 388 233 435 per
248 368 385 415 scelus
403 369 462 415 ad
480 368 521 414 se
544 370 771 415 retrahere
789 381 977 416 conatus
1001 369 1168 415 multos
1187 368 1529 431 opulentiorum
1547 369 1612 415 ita
1630 372 1858 422 multavit,

99 451 147 486 ut
165 433 272 482 alios
291 431 350 478 ad
370 444 583 487 mortem,
599 433 711 480 alios
728 435 783 480 ad
797 448 1048 480 extremam
1062 434 1305 497 egestatem
1320 433 1563 496 redegerit.
1587 436 1734 498 Igitur
1746 455 1863 500 prae-

96 502 210 549 sente
227 510 606 560 poenautcunque
625 498 985 559 interdumjusta
1001 498 1240 561 superioris
1256 498 1567 545 beneficentiae
1581 500 1774 561 gratiam
1792 501 1862 546 su-

93 574 291 631 perante,
307 579 414 609 cum
426 561 596 624 injuria
610 563 666 608 ad
680 577 1020 625 paucos‚metus
1039 577 1192 609 tamen
1205 564 1262 609 ad
1276 563 1446 610 multos
1458 563 1864 628 pertineret,spoli-

93 639 286 682 acorum,
303 642 355 674 ac
366 628 581 674 caesorum
597 626 824 673 necessarii
841 629 891 673 in
915 627 1139 674 ultionem
1158 627 1355 682 suorum,
1372 644 1423 674 ac
1438 628 1562 674 suam
1575 628 1862 676 securitatem

89 709 246 741 omnes
261 690 562 755 cogitationes
578 691 889 738 intenderunt.
932 688 1148 738 Tandem
1165 694 1287 754 apud
1300 692 1562 739 Glammim
1581 692 1628 739 in
1642 694 1861 757 Angusta,

93 756 323 819 corruptis
345 756 540 817 pecunia
553 754 812 802 domesticis
828 755 1041 802 ministris
1064 758 1197 803 nocte
1209 755 1447 803 intromissi
1462 758 1642 821 Regem
1664 758 1865 805 trucida-

67 822 214 869 'runt.
260 822 481 868 Facinore
503 832 786 883 perpetrato,
803 820 994 868 ministri
1018 838 1108 867 una
1126 837 1231 868 cum
1250 821 1490 884 parricidis
1514 839 1621 869 cum
1644 822 1692 870 in
1723 839 1867 885 equos

91 885 467 940 conscendissent,
483 902 598 948 quos
621 885 678 931 ad
697 899 911 932 eventurn
936 885 1001 932 rei
1024 887 1178 932 stratos
1201 887 1449 940 habebant,
1471 887 1647 934 viarum
1665 888 1866 951 vestigiis

87 968 170 1014 per
187 966 375 1013 campos
390 950 493 996 nive
510 951 753 1012 adopertos
772 950 988 1008 confusis,
1003 950 1049 996 in
1066 951 1321 1014 lacum,qui
1338 953 1398 998 est
1417 952 1714 999 adForfarum
1731 953 1865 1016 oppi-

89 1015 204 1062 dum
221 1015 377 1069 delati‚
397 1017 587 1061 cedente
606 1014 733 1061 oneri
751 1016 898 1077 glacie
921 1015 1125 1061 nondum
1147 1016 1276 1061 firma
1293 1017 1351 1062 ad
1371 1033 1512 1063 unum
1533 1018 1664 1081 aquis
1683 1019 1866 1081 absorp-

89 1080 128 1125 ti
150 1079 397 1142 perierunt.
445 1080 570 1126 Gelu
593 1079 757 1126 deinde
782 1091 975 1126 coeunte
998 1079 1055 1126 ad
1078 1093 1258 1142 tempus
1281 1081 1460 1135 coelata,
1487 1098 1539 1128 as:
1561 1084 1745 1129 tandem
1767 1085 1867 1146 gia-

90 1143 160 1190 cie
184 1144 391 1196 resoluta,
416 1142 593 1189 detecta
615 1160 806 1205 corpora
827 1146 979 1205 paffim
1002 1161 1084 1207 per
1105 1145 1200 1190 vias
1222 1145 1431 1208 publicas
1459 1148 1516 1193 ad
1548 1159 1766 1195 terrorem
1797 1148 1868 1193 vi-

39 1226 46 1228 *
89 1208 315 1262 vendum,
342 1224 392 1254 ac
412 1219 698 1254 mortuorum
721 1207 974 1254 ludibrium
996 1209 1346 1256 contabuerunt.
1416 1212 1534 1258 Haec
1554 1210 1787 1276 vulgatior
1807 1214 1870 1259 est

91 1273 228 1319 fama.
269 1271 365 1318 Alii
388 1288 445 1318 ex
466 1271 638 1319 insidiis
663 1271 689 1317 32
709 1273 984 1335 propinquis
1008 1273 1181 1328 Grimi,
1209 1280 1250 1321 δε
1274 1276 1560 1323 Constantini
1584 1277 1868 1341 superiorum

89 1339 275 1401 Regum
297 1350 487 1384 cruento
511 1337 669 1400 praelio
698 1337 900 1383 conserto
922 1336 1268 1399 interemptum,
1294 1339 1374 1385 alii
1396 1356 1421 1386 a
1443 1340 1713 1405 propinquis
1737 1345 1873 1405 puel-

91 1403 149 1448 lae
171 1401 355 1453 nobilis,
382 1400 456 1447 cui
472 1402 564 1448 vim
579 1401 814 1454 intulerat,
832 1400 1176 1457 caesum,omncs
1195 1403 1399 1450 violenta
1423 1419 1568 1452 morte
1584 1407 1760 1468 periiffe
1777 1420 1868 1454 tra·

92 1467 224 1513 dunt.
292 1466 626 1512 Milcolumbus
655 1467 787 1528 supra
815 1482 957 1513 annos
982 1465 1176 1531 triginta
1205 1486 1400 1532 regnum
1421 1469 1487 1516 ita
1509 1472 1674 1528 tenuit,
1715 1483 1764 1519 ut
1787 1472 1869 1520 nifi

90 1530 279 1577 avaritia
308 1530 493 1577 senilem
525 1530 731 1577 animum
754 1530 1035 1593 corrupisset,
1069 1531 1188 1578 inter
1226 1533 1428 1595 optimos
1456 1535 1687 1599 principes
1710 1537 1871 1584 haberi

88 1596 246 1658 poffet.
292 1597 451 1641 Annus
474 1611 567 1658 quo
592 1609 795 1642 mortuus
818 1596 894 1649 est,
917 1595 1204 1660 prodigiosus
1228 1598 1316 1645 fuit
1339 1599 1491 1645 hieme
1510 1599 1770 1657 fluminum,
1791 1619 1870 1649 ve-

19 1701 36 1713 „
90 1676 139 1706 re
168 1658 301 1706 maris
322 1659 701 1706 inundationibus
728 1679 738 1706 :
772 1660 884 1707 item
907 1678 1065 1724 paucis
1096 1661 1260 1709 diebus
1290 1665 1388 1728 post
1411 1664 1612 1712 aestivum
1636 1665 1872 1715 solstitium

88 1723 352 1771 vehementi
371 1725 498 1788 gelu,
525 1729 565 1771 Sc
588 1723 704 1771 nivis
728 1725 829 1773 casu
855 1745 868 1773 2
901 1726 1029 1789 quod
1049 1727 1318 1792 prodigium
1345 1732 1514 1793 magna
1534 1729 1745 1795 frugibus
1768 1747 1870 1780 cor-

91 1789 240 1851 ruptis
262 1789 404 1836 fames
426 1790 485 1836 est
507 1790 760 1837 consecuta.

516 2843 826 2893 LIBER
892 2835 1442 2902 SEPTIMUS.

90 2985 129 3033 I.
310 2989 359 3037 U
376 2989 416 3036 A
433 2990 490 3038 Μ
510 2993 734 3055 pertinaci
763 2997 1060 3047 contentione
1087 3000 1378 3058 Kennethus,
1405 3008 1446 3050 85
1470 3004 1804 3060 Milcolumbus
1827 3029 1875 3059 e·

139 3075 148 3097 -,
334 3069 406 3113 jus
425 3056 858 3115 fihuselaborarint,
879 3074 930 3109 ut
951 3064 1134 3128 Regum
1154 3065 1289 3112 liberi
1305 3078 1389 3129 per
1405 3084 1565 3116 manus
1584 3072 1779 3137 imperia
1794 3093 1876 3140 pa-

344 3132 523 3167 rentum
553 3124 834 3193 ecciperenn
858 3127 1089 3190 superiore
1122 3131 1242 3178 libro
1264 3135 1324 3178 est
1346 3149 1373 3178 a
1396 3134 1527 3180 nobis
1551 3138 1834 3200 explicatum
1860 3160 1872 3188 ε

87 3194 182 3240 quo
206 3195 314 3250 yero
338 3181 528 3230 succeffu
549 3187 600 3232 id
645 3190 857 3246 fecerint,
877 3192 927 3239 in
957 3192 1250 3256 sequentibus
1287 3199 1528 3260 apparebit
1562 3219 1572 3246 :
1607 3215 1729 3250 certe
1747 3207 1876 3268 quod

4 3269 9 3274 -
85 3242 274 3305 publice
297 3259 458 3308 regno,
482 3261 560 3306 aut
578 3252 793 3312 privatim
815 3256 1001 3319 regibus
1024 3259 1379 3321 promittebatur
1401 3279 1459 3309 ex
1479 3264 1583 3327 lege
1605 3283 1725 3315 nova
1747 3284 1875 3317 com-

85 3306 278 3369 modum
301 3324 393 3382 non
415 3312 476 3357 est
497 3315 808 3374 consecutum.
876 3322 964 3368 Illa
985 3323 1111 3370 enim
1135 3323 1350 3372 univerfis
1369 3327 1679 3377 ostentabatur
1702 3334 1874 3382 utilitas

83 3385 143 3416 ex
161 3370 248 3417 hoc
269 3388 406 3445 regiae
428 3375 704 3452 successionis
726 3382 1051 3442 stabilimento,
1078 3399 1128 3435 ut
1145 3388 1404 3446 seditiones,
1425 3393 1588 3448 caedes,
1610 3395 1780 3445 infidiae
1803 3398 1874 3446 in-

83 3444 156 3506 ter
170 3450 471 3501 propinquos,
491 3445 686 3498 ambitio
698 3446 818 3495 inter
835 3465 1063 3511 procereS,
1085 3455 1298 3517 malaque
1314 3470 1492 3512 caetera,
1509 3475 1612 3521 quae
1629 3477 1686 3507 ex
1699 3461 1756 3507 iis
1776 3464 1875 3510 nas-

82 3510 130 3543 (Ι
153 3498 313 3557 solent,
336 3519 712 3578 poraecaoverentur.
774 3515 951 3561 Contra
968 3521 1077 3564 vero
1099 3517 1216 3565 mihi
1238 3520 1388 3566 causas
1410 3522 1638 3569 malorum
1660 3526 1875 3587 publico-

84 3575 186 3608 rum
208 3580 510 3629 perquirent¹‚
536 3575 578 3619 δε
595 3576 766 3625 vetusta
785 3593 892 3626 cum
913 3583 1245 3632 recentioribus
1264 3583 1541 3642 conferenti,
1569 3587 1671 3635 haee
1694 3593 1869 3648 omnia,

1770 3673 1874 3718 quae
