2045 3857
493 162 824 230 Linus
912 162 1483 228 OCTAvu5.'
1719 181 1854 245 205

77 267 199 320 cutis
227 264 471 314 occiditur.
540 262 701 310 Vallas
723 277 828 321 cum
851 259 880 308 a
899 260 1050 310 fionte
1073 260 1237 309 acriter
1258 268 1558 330 premeretur,
1596 265 1638 310 ἅτ
1660 261 1856 315 Bruffius

80 330 321 380 circumito
343 328 460 375 colle
483 325 512 373 a
532 338 666 390 tergo
685 326 971 382 immineret,
989 325 1230 374 ordinibus
1251 323 1405 389 quoad
1422 339 1470 370 1n
1494 324 1574 371 tali
1597 342 1749 377 rerum
1769 330 1854 377 sta-

77 410 129 448 tu
148 407 328 460 poterat
345 409 438 440 non
459 392 755 455 perturbatis,
777 392 902 440 retro
924 403 1044 439 trans
1065 392 1340 464 Carrontekm
1363 404 1546 436 amnem
1568 391 1698 440 abiit.

145 460 329 508 XXIII.
362 455 436 504 Ibi
458 456 641 517 objecto
664 457 857 504 flumine
875 472 981 505 cum
999 455 1094 504 &se
1117 461 1336 509 tueretur,
1351 456 1398 503 &
1418 453 1587 516 sparsos
1609 456 1634 502 ὲ
1655 457 1766 521 fuga
1786 474 1858 506 re-

81 524 322 588 colligeret
339 521 508 570 Bruffio
529 522 818 585 colloquium
839 520 1018 585 petenti
1038 538 1132 568 non
1150 518 1329 571 abnuit.
1375 518 1498 567 Cum
1523 517 1606 566 soli
1625 520 1715 567 fine
1737 523 1860 570 arbi-

0 585 1 610 ³
28 644 30 646 v
78 589 179 645 tris,
200 605 296 652 qua
312 588 483 635 flumen
502 588 761 650 angustiore
779 587 911 633 alveo
927 586 1130 649 praealtis
1148 583 1260 649 ripis
1273 583 1455 648 cogitur
1468 601 1525 632 ex
1543 584 1729 632 adverso
1749 603 1861 635 con-

73 654 399 708 stitiffent,tum
414 650 609 699 Bmffius
631 652 759 714 prior
775 650 934 697 mirari
954 651 997 698 se
1022 650 1103 704 ait,
1127 650 1243 714 quid
1257 649 1407 696 Vanae
1429 649 1478 696 in
1495 661 1700 702 mentem
1720 667 1860 699 vene-

60 719 152 777 rit,
174 732 225 766 ut
243 716 511 781 plaebeculae
531 715 710 764 incerto
732 715 888 763 favore
906 715 1083 762 ablatus
1105 727 1265 762 contra
1284 714 1465 778 Regem
1487 713 1582 776 ejus
1608 714 1753 762 aetatis
1774 732 1860 779 po-

76 783 390 837 tentiffimum,
410 779 623 828 maximis
644 781 784 829 etiam
803 781 1047 828 Scotorum
1068 776 1253 826 auxiliis
1273 778 1520 826 subnixum
1537 779 1623 827 sese
1643 779 1862 844 periculis

72 847 242 898 affidue
264 845 484 909 objiciat:
517 845 660 908 idque
683 845 815 894 nullo
835 844 976 894 tantis
995 844 1232 892 laboribus
1254 860 1407 907 operae
1428 844 1586 908 precio
1607 847 1861 909 proposito.

73 912 247 977 Neque
264 912 388 960 enim
411 911 443 959 fi
465 912 734 959 Eduardum
755 909 930 965 vincat,
971 910 1133 958 Scotos
1155 926 1360 972 unquam
1390 909 1434 957 ei
1454 927 1648 975 regnum
1675 911 1861 973 permis-

74 979 200 1027 suros
227 997 238 1024 :
276 993 425 1040 neque
456 977 487 1023 si
503 976 598 1039 ipse
621 977 847 1032 vincatur,
873 974 1021 1023 ullum
1044 975 1263 1040 superesse
1284 973 1577 1040 perfugium,
1598 975 1681 1024 nifi
1702 975 1752 1024 in
1774 975 1865 1026 mi-

76 1042 322 1092 sericordia
343 1040 538 1089 inimici.
608 1040 702 1088 Cui
722 1042 882 1088 Vallas
908 1059 919 1087 ε
952 1041 1056 1105 Ego
1091 1056 1348 1102 nunquam,
1381 1039 1554 1104 inquit,
1577 1040 1711 1089 istum
1732 1041 1865 1090 labo-

75 1110 138 1158 ris
160 1107 255 1156 mei
275 1107 412 1154 finem
434 1105 552 1153 mihi
573 1105 808 1171 proposui,
830 1117 879 1154 ut
898 1122 1095 1169 regnum
1114 1105 1232 1153 mihi
1254 1122 1480 1169 pararem,
1496 1106 1625 1171 quod
1649 1122 1737 1156 nee
1759 1123 1865 1157 mea

79 1173 265 1224 fortuna
285 1171 425 1234 capit,
454 1186 540 1217 nec
558 1171 736 1218 animus
758 1170 888 1233 cupit
912 1190 922 1218 :
956 1171 1033 1218 sed
1050 1186 1155 1217 cum
1178 1170 1300 1217 cives
1324 1186 1449 1218 meos
1471 1173 1631 1227 vestra,
1670 1171 1729 1220 ad
1746 1183 1865 1236 quos

77 1253 274 1301 regnum
290 1236 393 1298 jure
409 1235 596 1298 speEtat,
615 1235 803 1299 ignavia
814 1235 1067 1283 reEioribus
1085 1235 1322 1282 destitutos
1339 1236 1550 1284 viderem
1568 1235 1685 1284 hosti
1699 1236 1868 1286 imma-

77 1301 254 1351 niffimo
278 1317 372 1348 non
400 1299 449 1347 in
472 1300 751 1356 servitutem,
789 1300 867 1348 sed
888 1299 1117 1347 lanienam
1140 1300 1363 1362 obje&os‚
1398 1317 1560 1348 eorum
1589 1296 1739 1353 'vicem
1768 1301 1866 1351 sum

76 1366 330 1423 miseratus,
355 1370 405 1415 δε
427 1364 603 1414 causam
642 1365 668 1411 a
690 1365 822 1412 vobis
844 1364 1070 1412 desertam
1091 1365 1278 1429 suscaepi
1316 1384 1328 1412 :
1364 1382 1563 1429 quorum
1581 1365 1863 1425 libertatem,

77 1431 302 1486 fortunas,
328 1429 757 1478 &incolumitatem
786 1447 880 1478 non
903 1430 1030 1494 prius
1051 1430 1269 1487 deseram,
1295 1429 1437 1495 quam
1458 1431 1556 1480 vita
1576 1448 1651 1479 me
1674 1433 1864 1483 deserat.

77 1496 196 1551 VOS,
240 1493 409 1560 quibus
446 1495 600 1558 potior
622 1496 683 1543 est
705 1495 853 1559 turpis
874 1512 982 1543 curn
1003 1495 1241 1545 securitate
1261 1496 1469 1554 servituS,
1503 1496 1646 1560 quam
1681 1497 1868 1548 honesta

75 1577 182 1615 cum
202 1559 409 1624 periculo
428 1561 635 1616 libertaS,
649 1560 796 1617 istam,
815 1577 958 1624 quam
973 1561 1131 1626 magni
1145 1561 1392 1618 aestimatis,
1411 1561 1645 1610 fortunam
1660 1564 1866 1627 amplec-

77 1625 258 1680 tamini.
326 1626 430 1689 Ego
450 1624 499 1672 in
521 1624 670 1689 patria
689 1626 806 1689 saepe
827 1626 1012 1677 defensa
1032 1627 1168 1684 liber,
1193 1632 1234 1674 &
1255 1626 1404 1675 libens
1427 1628 1598 1674 moriar
1628 1646 1640 1675 :
1683 1645 1769 1676 nec
1790 1646 1868 1679 me

77 1691 205 1754 prius
231 1690 329 1752 ejus
351 1690 532 1745 caritas,
557 1707 696 1753 quarn
721 1692 816 1739 vita
836 1692 1084 1756 relinquet.
1150 1694 1223 1740 Ita
1242 1691 1390 1740 soluto
1412 1693 1648 1757 colloquio
1672 1704 1868 1758 uterque

76 1756 138 1803 ad
152 1756 252 1803 suos
273 1755 428 1803 rediit.
496 1756 605 1804 Hoc
627 1756 838 1820 praelium
857 1757 1024 1805 incidit
1040 1756 1090 1804 in
1111 1757 1408 1806 undecimum
1427 1759 1658 1806 Calendas
1681 1759 1869 1824 Augus-

29 1844 33 1848 <
70 1819 118 1881 ,ᾐ-
134 1819 184 1868 in
196 1822 300 1883 'quo
320 1820 590 1869 ceciderunt
611 1837 636 1868 e
659 1820 811 1869 Scotis
833 1822 966 1886 supra
982 1823 1144 1870 decem
1166 1822 1318 1870 millia
1343 1842 1353 1870 :
1386 1823 1436 1870 in
1458 1823 1529 1870 his
1553 1824 1579 1871 ὲ
1597 1825 1871 1888 proceribus

18 1899 21 1903 ²
78 1885 304 1933 clarissimi
325 1887 520 1934 Ioannes
545 1887 773 1943 Stuartus,
799 1889 1067 1936 Macduffus
1089 1887 1204 1935 Fifae
1227 1889 1416 1945 ComeS,
1441 1893 1492 1938 ὃς
1514 1905 1572 1936 ex
1594 1887 1694 1936 acie
1710 1890 1871 1938 Vallae·

73 1950 273 1999 Ioannes
293 1950 495 1998 Gramus
516 1952 766 2002 secundum
788 1947 937 2018 ipsum
960 1953 1148 2001 Vallam
1167 1954 1415 2014 Scotorum
1441 1953 1583 2018 longe
1603 1953 1866 2004 fortiffimus

76 2013 280 2062 habitus.
349 2017 420 2062 Ex
441 2017 610 2080 Anglis
632 2017 667 2065 F
669 2034 794 2066 rerus
816 2018 1059 2082 Briangius
1079 2018 1131 2066 in
1152 2035 1202 2066 re
1223 2018 1414 2066 militari
1434 2020 1561 2083 apud
1581 2018 1683 2066 suos
1705 2020 1867 2086 magni

79 2079 300 2127 nominis.
338 2080 440 2127 Post
459 2080 697 2133 infelicem
715 2101 922 2147 pugnam
941 2084 1101 2132 Vallas
1120 2100 1229 2131 cum
1250 2085 1473 2132 Perthum
1493 2084 1698 2139 veniffet,
1722 2085 1865 2136 dimi-

80 2142 138 2199 fit
156 2143 410 2191 exercitum
433 2162 445 2190 ε
482 2158 623 2210 atque
639 2134 847 2205 invidiae,
866 2148 942 2196 cui
959 2149 1001 2196 se
1018 2149 1247 2212 imparem·
1263 2149 1500 2204 sentiebat,
1525 2149 1646 2203 cessit
1665 2167 1679 2195 ε
1711 2165 1868 2214 neque

75 2208 177 2270 post
198 2224 307 2255 eum·
326 2208 450 2256 diem
475 2212 547 2272 (1)
572 2228 657 2274 pro
674 2211 871 2276 imperio
892 2213 1146 2277 quicquam
1163 2213 1306 2279 gessit.
1374 2215 1558 2279 Anglos
1580 2227 1866 2265 tamencum

76 2271 333 2320 amicorum
353 2275 542 2323 cohorte
563 2292 668 2338 quae
691 2277 904 2326 abdicato
925 2278 1212 2342 magistratus
1234 2279 1422 2327 nomine
1444 2281 1621 2343 semper
1641 2278 1686 2329 ei
1706 2280 1867 2328 adhae-

79 2336 148 2393 fit,
172 2337 355 2402 quoties
376 2338 441 2386 rei
465 2340 580 2392 bene
601 2343 817 2406 gerendae
839 2343 881 2390 se
899 2344 1125 2391 offerebat
1147 2345 1321 2392 occafio
1342 2345 1518 2407 semper
1550 2344 1736 2392 infestus
1757 2347 1867 2408 pred

76 2401 249 2454 mebat.
315 2403 559 2452 Eduardus
582 2409 680 2469 post
714 2424 877 2471 agrum
912 2420 1033 2455 trans
1071 2409 1292 2457 Fortham
1314 2411 1534 2461 Perthum
1570 2409 1710 2471 usque
1736 2409 1872 2460 omni

76 2465 209 2518 clade
230 2467 343 2515 belli
366 2470 584 2517 vastatum
609 2472 818 2535 recaeptis
841 2473 893 2520 in
917 2474 1073 2530 fidem,
1104 2473 1187 2538 qui
1213 2488 1341 2523 metu
1362 2472 1596 2540 praesentis
1617 2474 1740 2522 nihil
1761 2491 1866 2525 mo-

79 2546 184 2579 vere
204 2533 454 2590 audebant,
471 2536 729 2592 ,exercitum
753 2537 955 2585 reduxit.

143 2597 324 2645 XXIV.
356 2599 394 2646 E
418 2599 584 2656 Scotis,
622 2602 704 2666 qui
725 2603 885 2664 patriae
912 2603 1119 2652 libertati
1139 2604 1397 2662 studebant,
1424 2605 1522 2670 post
1542 2604 1681 2654 hostis
1702 2603 1864 2654 disces-

77 2659 390 2726 sumrpaulum
409 2664 602 2713 recreati
625 2668 695 2727 (z)
721 2669 942 2716 loannem
962 2670 1235 2717 Cuminium
1251 2670 1484 2732 juniorem
1503 2670 1681 2717 faciunt
1700 2671 1867 2718 Prore-

74 2741 202 2789 gem.
269 2729 314 2774 Is
336 2729 394 2776 de
411 2730 599 2778 concilii
620 2730 844 2780 sententia
861 2734 919 2781 ad
936 2734 1207 2799 Philippum
1229 2733 1464 2783 Valefium
1486 2734 1748 2783 Galliarum
1767 2732 1863 2784 Re'-

40 2796 45 2799 ’
72 2805 183 2852 gem
210 2790 386 2855 Ie'gatos
420 2794 559 2852 mifit,
595 2796 810 2859 quicum
835 2815 892 2849 eo
915 2813 1123 2863 agerent,
1168 2812 1219 2847 ut
1259 2817 1342 2863 per
1374 2801 1591 2855 seronem,
1622 2817 1728 2864 quae
1760 2811 1864 2848 tum

74 2854 292 2904 Eduardo
312 2870 408 2905 erat
430 2859 646 2924 desponsa
662 2861 819 2910 saltem
840 2863 1051 2912 inducias
1069 2864 1327 2923 obtineant.
1393 2866 1503 2929 Ejus
1527 2881 1667 2929 opera
1686 2866 1737 2912 in
1757 2864 1864 2929 sep-

76 2927 170 2965 tem
193 2920 362 2969 menses
384 2922 641 2987 impetratae
665 2945 676 2974 ε
711 2943 797 2976 nec
820 2941 974 2976 tamen
996 2930 1119 2977 bona
1140 2931 1230 2977 fide
1252 2930 1451 2978 servatae.
1520 2932 1649 2978 Nam
1681 2929 1863 2994 legatos

83 2981 141 3033 ad
156 2983 452 3056 ,bonifacium
472 2992 686 3042 oftavum
716 2993 865 3040 miffos
888 2994 1035 3057 Angli
1055 2994 1360 3052 retinuerunt,
1393 3007 1532 3060 atque
1553 2993 1607 3043 in
1631 3011 1872 3044 carcerem,

18 3068 20 3070 ·
79 3059 387 3116 conjecerunt.
454 3054 581 3102 Scoti
596 3055 788 3113 interea,
813 3058 895 3121 qui
917 3075 1002 3106 nec
1024 3059 1315 3121 tyrannidem
1338 3062 1596 3125 Anglorum
1621 3060 1754 3117 ferre,
1775 3075 1864 3110 nec

7 3137 13 3141 -
80 3115 545 3166 unmanem-Eduardi
564 3121 773 3182 animum
791 3122 1024 3186 suppliciis
1043 3124 1264 3180 exatiare,
1288 3141 1373 3173 nee
1389 3139 1551 3189 pacem
1571 3141 1751 3190 aequam
1770 3124 1863 3175 im-

79 3186 258 3236 petrare
295 3190 522 3239 poterant,
563 3184 800 3234 obstinatis.
835 3188 1002 3235 animis
1035 3190 1092 3236 ad
1137 3190 1349 3237 ultimam
1378 3190 1725 3238 dimicationem
1749 3190 1865 3239 citra

17 3260 19 3263 ·
78 3235 204 3302 spem
226 3241 371 3289 veniae
391 3243 434 3292 se
456 3261 740 3311 comparant.
807 3251 1013 3300 Primum
1048 3271 1222 3303 omnes»
1248 3255 1455 3302 Eduardi
1492 3255 1751 3320 praefestos,
1775 3256 1862 3321 qui

129 3380 194 3442 (1)
223 3381 278 3418 As
297 3381 444 3418 warden
462 3382 714 3443 oftScotland‚
733 3394 934 3441 and-gene-
990 3393 1252 3445 countryman,
1271 3394 1438 3435 without
1464 3377 1623 3447 publici:
1650 3397 1873 3448 authority..

74 3431 128 3469 ral
146 3440 186 3471 ot
203 3432 266 3472 the
286 3445 390 3483 army
416 3435 577 3487 fighting
595 3439 654 3478 for
668 3442 728 3483 his
745 3448 934 3496 country's
987 3449 1090 3486 Vide
1107 3462 1186 3498 cap.
1205 3450 1267 3488 18.

71 3483 253 3532 fiberties,
274 3483 402 3524 which
420 3487 528 3526 office
540 3492 709 3534 wallace
725 3497 798 3537 had
818 3499 932 3537 borne
1041 3503 1107 3553 (2)
1137 3505 1250 3540 Some
1270 3502 1415 3541 writers
1440 3503 1513 3541 call
1542 3502 1626 3542 him
1651 3503 1763 3557 John.
1779 3490 1861 3542 Gu-

75 3536 213 3587 before‚
235 3542 300 3578 but
325 3551 412 3577 now
429 3541 487 3578 he'
506 3542 656 3583 became
683 3563 722 3588 as
743 3565 765 3590 a
791 3552 932 3602 private
987 3554 1092 3597 mine
1110 3557 1244 3596 master
1260 3556 1305 3595 of
1319 3556 1533 3598 Badenoch,

78 3599 178 3638 nien,
196 3596 267 3633 a'nd
285 3591 390 3631 what
417 3593 468 3633 he
486 3595 549 3633 did
576 3611 650 3636 was
677 3616 724 3641 as
742 3618 763 3643 a
790 3605 946 3656 private·

1692 3718 1873 3789 Anglig'
