2045 3857
535 160 866 226 LIBER
960 157 1449 244 Quris’rusu'
1754 180 1880 247 127

112 265 323 333 {ragio-in
342 257 488 309 castris
511 248 771 317 designatus?
792 259 894 304 Rex
915 255 1149 319 Eugenius
1184 256 1400 319 septimus
1435 257 1600 319 prioris
1623 259 1770 325 Regis·
1786 261 1880 308 fra-

70 333 74 337 *
112 347 193 382 ter.
262 331 301 375 Is
330 342 436 372 cum
456 315 626 385 paruni‘
640 323 733 385 spei
755 323 801 369 in
832 322 1033 369 exercitu
1069 322 1127 367 ab
1148 320 1284 367 inerti
1308 323 1438 385 Rege
1458 323 1650 370 comedo
1684 341 1880 388 repone-

108 410 193 451 ret,
219 394 385 440 bellum
410 388 607 436 induciis
631 387 803 434 distulit
828 405 838 433 :
874 401 1012 449 atque
1035 399 1222 448 accepta
1244 402 1384 433 uxore
1408 388 1654 448 Spondana
1676 391 1880 437 Gai-nar-

110 461 158 509 di
179 457 269 505 filia
290 453 462 517 nuptiis
487 452 651 499 finivit.
720 454 787 499 Ea
816 469 909 498 non
930 452 1045 498 adeo
1069 453 1216 497 multo
1236 452 1332 513 post
1355 469 1381 498 a
1403 450 1584 497 duobus
1609 453 1809 501 Atholiis
1830 455 1882 501 in

109 533 243 585 caput
276 519 418 581 Regis
440 516 700 578 conjaratis
734 516 781 562 in
818 517 987 562 leetulo
1021 515 1221 562 c-onfoffa
1252 514 1405 577 periit.
1475 516 1576 561 Rex
1599 515 1706 562 falso
1726 519 1884 564 crimi-

108 587 176 636 nis
197 585 498 636 infimulatus,
525 589 564 628 <Sc
583 582 630 627 in
648 582 721 642 jus
742 582 902 627 ductus
922 596 1026 626 ante
1048 579 1224 628 causam
1244 579 1413 626 dinam
1432 580 1720 642 deprehensis
1744 584 1881 629 caedis

104 648 406 714 patratoribus
429 644 648 694 liberatus
672 647 750 693 est.
818 644 965 691 Noxii
988 645 1213 707 exquisito
1238 643 1463 707 supplicio
1486 644 1653 706 puniti.
1714 646 1880 694 'Rebus

105 714 213 762 foris
237 712 496 774 compositis
523 713 622 756 Rex
655 710 709 756 ad
747 708 869 772 pacis
892 725 1032 771 opera
1055 708 1295 755 conversus
1318 708 1468 754 ocium
1490 709 1680 770 quidem
1704 711 1882 758 venati-

107 795 195 825 one
217 778 492 825 oblefitabat.
546 773 807 838 Religionis
831 774 878 820 in
901 773 1061 836 primis
1081 788 1234 819 curam
1258 773 1434 821 habuit.
1497 773 1605 834 Ejus
1627 774 1885 823 institutum

105 843 211 896 fuit,
236 855 283 888 ut
306 842 354 887 in
379 840 602 886 coeno'oiis
626 857 693 885 res
718 841 850 902 gestae
873 840 1058 901 Regum
1083 836 1317 883 memoriae
1342 838 1680 885 mandarentur.
1766 841 1886 887 Pace

104 919 328 969 perpetua
349 923 430 968 per
453 905 786 967 septemdecem
810 919 952 956 annos
976 917 1082 960 cum
1106 902 1322 949 omnibus
1343 902 1506 952 vicinis
1529 903 1795 952 continuata
1819 907 1887 951 A.

103 972 315 1019 brenethi
333 971 456 1025 diem
479 969 611 1016 obiit.
1463 985 1467 994 =

835 1060 936 1105 LX.
968 1058 1152 1105 REX.

171 1137 371 1182 XLVII.
402 1138 440 1182 E
459 1136 506 1183 U
524 1135 619 1180 GE
635 1135 683 1180 N
699 1135 720 1180 Ι
736 1134 784 1181 U
801 1133 826 1178 S
868 1134 1005 1196 paulo
1041 1144 1144 1178 ante
1168 1143 1365 1179 mortem
1389 1132 1665 1182 Mordacurn
1685 1136 1886 1184 Amber-

106 1199 283 1247 kelethi
306 1201 448 1246 filium
475 1199 739 1262 proceribus
759 1195 1117 1244 commendavit.
1160 1196 1227 1242 Eo
1249 1210 1468 1258 regnante
1489 1216 1579 1261 pax
1599 1215 1682 1262 per
1705 1202 1886 1249 univer-

106 1266 197 1312 sam
233 1263 512 1311 Britanniam
544 1263 633 1310 fuit
669 1280 679 1309 :
727 1260 852 1322 cujus
876 1262 999 1308 Beda
1030 1260 1275 1306 sub-finem
1301 1260 1494 1307 historiae
1525 1263 1612 1310 suae
1635 1265 1876 1313 meminit:

107 1346 191 1377 nec
215 1329 260 1375 in
284 1345 394 1390 pace
417 1329 556 1374 modo
579 1327 788 1379 colenda,
810 1325 884 1371 sed
908 1323 1183 1372 monasteriis
1203 1325 1576 1386 eti‘amjuvandis
1602 1330 1801 1391 Eugenii
1825 1348 1888 1376 ae-

108 1395 258 1440 mulus
280 1394 383 1441 fuit.
438 1393 662 1440 Candidae
683 1390 792 1436 casae
815 1389 1083 1437 coenobium
1106 1389 1312 1437 dirutum
1329 1391 1536 1439 restituit.
1593 1395 1788 1442 Ineunte
1807 1397 1887 1443 de-

108 1459 229 1506 cimo
259 1458 534 1521 sexto-regni
557 1455 894 1504 anno‘deceffit.

121 1624 128 1629 ·
173 1624 398 1674 XLVIII.
436 1627 477 1673 A
492 1628 541 1674 N
557 1627 606 1673 N
623 1590 788 1687 o-pssst
804 1551 971 1671 ciii-isi}
989 1549 1240 1669 Ξῦῗιῖξὲω
1255 1640 1280 1682 7
1288 1641 1362 1686 30.
1380 1625 1557 1678 Etfinus
1575 1594 1775 1690 engenii
1789 1629 1890 1692 sep.

109 1690 210 1738 timi
234 1692 350 1738 filius
390 1709 583 1755 regnum
621 1689 811 1751 suscepit
838 1694 870 1736 :'
895 1694 935 1735 &
967 1688 1004 1734 is
1030 1688 1346 1754 proximorum
1370 1692 1555 1753 Regum
1580 1693 1771 1740 aemulus
1806 1712 1888 1757 per

106 1773 249 1803 annos
273 1756 461 1818 triginta
484 1773 643 1810 unum,
668 1754 835 1817 quibus
859 1769 1004 1817 regno
1023 1753 1225 1816 praefuit,
1265 1754 1311 1800 in
1337 1754 1510 1804 summa
1545 1758 1883 1819 tranquillitate

106 1819 206 1867 su'os
229 1821 472 1868 continuit.
508 1823 608 1883 Jam
632 1819 796 1874 senior,
820 1835 923 1866 cum
948 1834 1030 1880 per
1051 1817 1093 1864 se
1113 1834 1204 1864 non
1229 1819 1372 1880 posset
1394 1820 1536 1883 Regis
1561 1830 1726 1868 munus
1750 1823 1887 1871 obire

108 1898 304 1947 quatuor
327 1886 562 1948 praefeEtos
583 1884 729 1938 dedit,
759 1883 840 1947 qui
857 1883 931 1944 jus
957 1881 1132 1945 populo
1156 1881 1376 1930 dicerent.
1453 1885 1514 1931 Iis
1538 1902 1632 1932 rem
1659 1888 1890 1936 Scoticam

109 1950 371 2009 regentibus
400 1950 636 1998 facinorosi
656 1949 883 2011 resumpta
904 1947 1093 1994 licentia
1114 1947 1187 1993 vel
1209 1948 1553 2011 magistratuum
1584 1951 1886 2016 negligentia,

108 2015 187 2063 vel
209 2019 280 2077 (ut
298 2015 483 2077 quidam
507 2014 818 2073 crediderunt)
844 2013 981 2075 culpa
1002 2011 1160 2058 omnia
1182 2011 1368 2060 miscere
1389 2028 1646 2077 coeperunt.
1731 2018 1820 2064 Sed
1839 2035 1889 2065 a·-

109 2079 274 2125 1iorum
297 2079 462 2126 scelera
477 2079 666 2126 obscura
688 2078 797 2125 fecit
815 2076 1020 2125 Donaldi
1044 2077 1309 2132 crudelitas,
1346 2083 1386 2124 ἂν.
1408 2078 1617 2141 superbia
1637 2084 1666 2126 :'
1697 2082 1779 2145 qui
1807 2100 1889 2146 per

112 2142 426 2190 Gallovidiam
450 2145 662 2207 graffatus
693 2144 882 2205 agrestes
914 2143 988 2190 vel
1011 2141 1093 2188 fibi
1128 2142 1302 2189 tributa
1332 2144 1533 2207 pendere
1575 2145 1789 2210 cogebat,
1813 2147 1889 2194 vel

109 2201 323 2270 spoliatos
347 2209 403 2255 ad
422 2207 901 2270 summam,redigebat
922 2206 1146 2270 inopiam.

818 2300 970 2346 LXII.
1008 2300 1050 2346 R
1075 2300 1112 2345 E
1137 2301 1199 2346 X.

174 2373 345 2419 XLIX.
381 2374 465 2420 IN
481 2375 527 2419 T
543 2376 579 2420 F.
599 2375 639 2420 R
674 2374 756 2420 hos
777 2374 1001 2421 tumultus
1024 2373 1146 2438 Regi
1166 2385 1347 2422 mortuo
1369 2375 1578 2425 suffestus
1598 2380 1658 2426 est
1680 2380 1887 2445 Eugeni-

110 2453 161 2488 us
180 2440 365 2484 ostavus
392 2439 601 2484 Mordaci
627 2438 762 2494 filius,
799 2438 880 2501 qui
903 2437 1020 2485 nihil
1042 2439 1168 2500 prius
1192 2439 1307 2502 egit,
1332 2458 1473 2503 quam
1509 2443 1781 2493 Donaldum
1804 2447 1897 2492 ali.

109 2514 224 2563 quot
245 2502 441 2549 cruentis
466 2503 659 2550 fractum
682 2503 852 2566 praeliis
883 2503 1037 2565 caepit,
1059 2519 1111 2550 ac
1132 2503 1407 2565 supplicium
1432 2523 1514 2554 ceu
1537 2508 1701 2558 laetum.
1719 2509 1893 2575 specsta-

109 2567 263 2616 culum
280 2567 638 2629 xrepraesentavit.
693 2569 969 2616 Murdacum
995 2569 1765 2632 Gallovidiaepraefeffumlsocium
1787 2577 1889 2623 Do·

109 2631 286 2684 naldini
325 2631 502 2680 scelenis
537 2632 799 2680 convictum
833 2633 954 2680 mori
976 2632 1167 2696 coegit:
1215 2634 1417 2696 reliquos
1440 2638 1675 2700 praefectos
1695 2641 1897 2702 pecunia

110 2695 337 2750 multavit.
408 2699 593 2761 Populo,
608 2698 800 2761 spoliato
822 2700 880 2746 de
902 2699 1041 2745 bonis·
1057 2711 1216 2750 eorum
1239 2698 1472 2749 satisfecit.
1523 2704 1708 2750 Harum.
1728 2722 1886 2767 poena.-

109 2775 210 2809 ωσι
228 2760 477 2816 formidine
490 2763 629 2811 malis,
642 2764 910 2825 perterritis,
936 2763 1111 2810 summa
1132 2763 1464 2826 tranquil-litate
1481 2768 1579 2829 post
1595 2769 1901 2816 turbulentis-.

110 2823 265 2871 simam
286 2828 594 2890 tempestatem
619 2827 836 2883 restituta,
877 2845 980 2875 cum
1018 2827 1182 2876 vicinis
1206 2829 1414 2891 Regibus
1445 2832 1621 2894 foedera
1643 2833 1750 2881 ante
1772 2835 1889 2883 facta

109 2890 410 2939 confirmavit.
479 2893 655 2939 Verum
677 2893 790 2956 ipse,
811 2893 938 2955 cujus
959 2893 1008 2941 in
1028 2893 1162 2940 rebus
1184 2893 1379 2942 turbidis
1397 2895 1548 2960 gloria
1566 2910 1789 2955 creverat,
1806 2917 1888 2964 pa·
1964 2900 1965 2903 ’

111 2967 163 2998 ce
185 2953 299 3001 facta
321 2955 369 3002 in
391 2956 547 3004 omnia
580 2957 756 3022 flagitia
791 2974 994 3021 praeeeps
1018 2959 1149 3014 abiit,
1187 2964 1227 3005 &
1251 2975 1356 3006 cum
1381 2977 1465 3008 nec
1486 2966 1758 3021 amicorum,
1805 2980 1891 3013 nec

77 3030 81 3036 ·
110 3015 390 3067 sacerdotum
424 3021 817 3070 admonitionibus
849 3023 1101 3086 quicquam
1120 3036 1397 3080 moveretur,
1434 3028 1531 3089 post
1550 3028 1735 3086 tertium
1758 3029 1892 3093 regni

108 3079 174 3132 sui
196 3099 366 3130 annum
385 3085 433 3132 in
451 3099 574 3134 coetu
596 3104 846 3149 procerum,
858 3088 1074 3138 omnibus
1097 3087 1145 3135 in
1173 3089 1210 3149 ej
1220 3105 1270 3146 us
1288 3090 1481 3139 exitium
1501 3092 1889 3141 consentientibus

108 3145 332 3200 confoffus
355 3149 506 3211 periit.
577 3151 700 3198 Socii
718 3153 955 3208 scelerum,
981 3159 1021 3200 Sc
1045 3153 1328 3217 flagitiorum
1350 3154 1399 3203 in
1417 3172 1601 3204 crucem
1627 3158 1733 3215 acti,
1759 3166 1799 3207 δε
1816 3159 1889 3223 ΞΡ-
1922 3209 1923 3213 ,

110 3210 141 3255 s1
162 3221 344 3273 gratum
366 3215 542 3277 Populo
562 3214 865 3279 speEmculum
890 3219 1145 3282 praebuere.
1178 3245 1181 3248 >
1599 3241 1603 3246 ·

125 3351 131 3356 ¹
714 3343 717 3345 Α
796 3303 976 3349 LXIII.
1012 3299 1060 3349 R
1078 3305 1116 3352 E
1141 3304 1200 3350 X.
1331 3359 1335 3363 ,
1460 3339 1461 3342 ¹
1609 3356 1615 3362 ,

171 3364 227 3410 L.
267 3366 294 3410 S
310 3366 358 3412 U
374 3367 413 3413 C
428 3367 467 3413 C
481 3370 520 3415 E
535 3371 564 3416 S
580 3371 608 3417 S
626 3372 709 3419 IT
739 3373 783 3420 ei
805 3375 1042 3438 Fergufius
1075 3375 1234 3422 tertius
1256 3378 1398 3426 Etfini
1433 3380 1571 3436 filius,
1595 3375 1680 3446 qui
1700 3382 1800 3445 pari
1835 3383 1890 3430 si-

108 3429 359 3476 mulatione
390 3432 589 3488 virtutis,
627 3441 668 3483 8c
690 3436 906 3486 vitiorum
936 3439 1144 3488 foeditate
1168 3441 1268 3487 usus
1290 3443 1390 3505 pari
1412 3461 1559 3509 prope
1582 3447 1677 3494 fato
1699 3446 1892 3498 defunc-

52 3545 64 3562 χ
107 3499 197 3563 tus,
213 3494 313 3556 pari
338 3495 476 3544 etiam
497 3497 657 3561 spatio,
677 3500 727 3548 id
747 3503 807 3548 est
830 3503 1026 3552 triennio
1046 3522 1241 3568 regnum
1264 3507 1412 3556 tenuit
1433 3527 1444 3556 ε
1478 3507 1619 3573 periit
1640 3521 1799 3560 autem
1812 3529 1892 3561 ve-

105 3571 227 3626 neno
247 3557 303 3627 ab
324 3575 462 3607 uxore
482 3562 604 3609 dato.
643 3565 741 3622 Alii
760 3567 981 3623 scribunt,
1004 3585 1112 3621 cum
1126 3585 1250 3623 ‚uxor
1271 3572 1387 3634 saepe
1405 3575 1717 3636 exprobrasset
1733 3575 1775 3621 ei
1795 3592 1892 3625 ma·-

109 3620 312 3668 mmonii
328 3637 659 3691 contemptum,
679 3631 953 3695 &pellicum
976 3650 1157 3699 gregeS,
1176 3651 1323 3700 neque
1343 3637 1594 3702 quicquam
1612 3637 1888 3704 profecisset,

133 3723 138 3729 .
206 3724 214 3731 .
811 3724 816 3754 Ι
1791 3716 1892 3753 tan.
