2091 3796
114 169 200 214 22
471 145 828 211 RERUM
918 145 1616 218 ScoTroARuM·

112 264 177 306 ta,
203 246 330 312 quod
354 245 379 292 ὲ
400 261 519 308 rupe
534 244 632 307 ejus
655 247 838 309 tegulae,
875 261 988 315 quas
1028 248 1196 295 Sclatas
1219 260 1402 303 vocant,
1428 249 1714 299 excidantur.
1782 252 1884 302 D'e-

110 314 221 361 inde
236 309 528 373 Naguisoga,
554 316 594 358 δε
616 310 836 366 Eisdalfa‚
863 327 915 356 ac
937 310 1158 368 Skennia,
1184 319 1224 361 δε
1248 331 1351 377 quae
1373 328 1563 362 vocatur
1586 317 1631 362 T
1635 316 1791 374 hizma,
1822 318 1883 366 ab

109 379 254 426 her-ba
273 374 487 440 frugibus
505 376 642 423 noxia
684 392 772 421 non
794 375 994 423 diflimili
1020 379 1091 447 (ι)
1111 379 1287 432 Luteae‚
1313 379 1391 425 nifi
1414 380 1540 441 quod
1565 381 1711 446 magis
1730 383 1886 431 diluto

110 444 165 493 fit
186 442 360 497 colore,
384 447 424 488 &
447 441 652 504 Uderga‚
680 447 718 488 &
743 440 888 488 insula
906 443 1070 506 Regia,
1107 459 1215 490 mox
1240 444 1398 498 Duffa‚
1432 446 1521 491 hoc
1544 447 1603 492 est
1626 442 1775 511 nigra,
1813 460 1882 495 at·-

109 525 204 571 que
221 505 369 554 insula
389 507 618 562 Ecclefiae,
644 512 681 553 ὅτ,
710 505 975 553 Triaracha.
1020 507 1205 555 Deinde
1226 507 1370 556 insula
1392 510 1566 564 Ardua,
1590 511 1816 566 Humilis,
1841 518 1883 560 δε

106 573 307 626 viridis,
333 571 593 620 &'Ericaea.
661 572 778 617 Item
807 571 1070 626 Arboraria,
1096 573 1334 635 Capraria,
1362 575 1679 631 Cunicularia‚
1704 580 1747 626 ὃ(
1776 593 1883 639 quae

109 636 592 693 ociosorum-dicitur,
618 640 662 683 ἃ
689 635 928 683 Abridica.
997 638 1114 684 Item
1151 638 1372 694 Lismora,
1413 640 1460 686 in
1507 658 1597 704 qua
1619 641 1731 688 olim
1757 641 1882 690 sedes

103 702 390 767 Episcopalis
407 700 688 764 Argatheliae
709 701 873 756 fuerat,
890 701 1030 766 longa
1049 704 1153 750 ofto
1170 703 1318 751 millia
1333 705 1556 768 passuum,
1571 707 1661 753 lata
1680 708 1788 754 du0.
1824 707 1883 756 In
1953 739 1955 742 -

104 781 339 832 eapraeter
354 767 619 814 communia
640 782 741 813 cum
765 765 940 813 caeteris
962 770 1225 823 commoda,
1241 771 1426 816 metalla
1443 771 1600 818 inveni
1636 784 1757 819 ntur.
1783 773 1884 820 De-

104 831 223 881 inde
238 830 417 887 Ovilia,
440 836 487 881 δί
509 833 665 887 Sinna,
687 831 830 878 insuia
852 831 1110 892 Trajefilms,
1134 831 1280 880 insula
1302 835 1583 883 Ovicularis.
1633 839 1750 885 Item
1775 840 1882 886 Fla'-
1909 847 1911 851 “

105 900 184 954 da,
208 902 252 948 δι
277 897 425 946 insula
446 898 567 952 Saxi,
583 905 637 946 ὄζ
665 897 839 950 Greffa,
866 901 906 943 &
928 895 1074 944 insula
1095 899 1289 962 Magna,
1314 904 1376 946 ¹8³-
1396 902 1678 957 Ardiescara,
1700 906 1743 952 ὃς
1769 905 1882 950 Mu-

103 964 280 1020 sadilla,
301 963 574 1016 &Bel-nera,
618 962 728 1009 olim
752 960 873 1007 sacro
907 959 1106 1008 sanetum
1149 966 1218 1024 (2)
1253 963 1427 1026 asylum
1466 964 1604 1018 dicta,
1641 966 1765 1012 Silva
1783 969 1880 1014 taxi

73 1060 76 1065 -
103 1028 295 1084 nobilis,
314 1026 644 1091 Molochasgir,
668 1025 906 1074 Drinacha
926 1024 1084 1088 spinis,
1108 1026 1322 1074 sambuco
1345 1033 1388 1076 ὃ(
1417 1045 1685 1094 magnarum
1711 1031 1882 1083 aediutn

97 1095 250 1144 ruinis
272 1107 448 1158 operta.
515 1091 667 1139 Insula
688 1089 799 1139 Vici
823 1089 1058 1147 fabrorum
1102 1092 1224 1138 filvae
1247 1092 1428 1141 fertilis.
1498 1097 1616 1142 Item
1639 1096 1805 1153 Ransa,
1829 1101 1882 1151 ὃς

103 1161 324 1209 Kervera.

168 1227 394 1274 XXXVI.
428 1223 637 1271 Maxima
659 1222 753 1284 post
774 1223 929 1285 Juram
954 1223 1009 1269 ad
1032 1224 1322 1271 occidentem
1341 1225 1401 1271 est
1423 1225 1510 1280 Ila,
1545 1226 1688 1290 longa
1709 1226 1878 1291 viginti

94 1300 302 1355 'quatuor
327 1290 492 1343 millia,
529 1288 725 1336 sedecim
756 1288 846 1334 lata
871 1307 882 1334 :
917 1305 942 1333 a
965 1289 1156 1335 meridie
1185 1289 1232 1335 in
1254 1289 1608 1353 septentrionem
1632 1294 1838 1355 porrefta
1862 1311 1877 1341 ε

103 1372 342 1421 pecorum,
366 1353 602 1409 frumenti,
638 1369 894 1408 cervorum,
932 1353 1045 1400 item
1067 1354 1247 1416 plumbi
1271 1355 1451 1402 fertilis.
1521 1357 1722 1404 Amnem
1745 1374 1883 1421 aquae

84 1421 251 1469 ,dulcis
274 1422 410 1467 habet
440 1420 624 1467 nomine
643 1417 820 1474 Laiam,
842 1419 956 1466 item
974 1435 1105 1481 aquae
1128 1420 1314 1466 marinae
1333 1421 1497 1475 finum,
1533 1419 1581 1468 in
1605 1438 1699 1485 quo
1721 1423 1888 1477 insulae*

105 1487 258 1534 variis.
294 1489 514 1533 Praeterea
534 1502 659 1547 aquae
686 1484 832 1530 dulcis
852 1485 1021 1539 lacum,
1046 1485 1092 1530 in
1117 1501 1211 1548 quo
1233 1486 1292 1531 est
1313 1485 1460 1532 insula
1481 1487 1761 1551 Falangama
1779 1488 1878 1539 die·-

102 1562 167 1607 ta,
191 1551 305 1597 olim
339 1550 546 1597 omnium
570 1548 887 1597 lnsulanorum
910 1548 1054 1613 regia,
1090 1549 1138 1596 in
1175 1567 1270 1613 qna
1286 1550 1534 1597 insularum
1574 1553 1781 1616 Regulus
1811 1553 1878 1600 as-

102 1617 284 1680 sumpto
307 1613 494 1662 nomine
514 1614 643 1678 regio
665 1614 836 1662 solebat
858 1614 1081 1662 habitare.
1150 1615 1276 1662 Huic
1303 1616 1579 1680 propinqua,
1625 1617 1701 1664 sed
1727 1618 1879 1667 minor

102 1683 164 1728 est
197 1681 343 1728 insula
364 1680 582 1727 Rotunda
606 1699 615 1725 :
667 1680 742 1727 cui
771 1680 910 1726 etiam
935 1698 958 1726 a
982 1679 1170 1727 confilio
1190 1696 1357 1726 nomen
1381 1682 1439 1727 est
1462 1682 1678 1729 inditum.
1747 1684 1799 1730 In
1824 1701 1883 1731 ea

101 1747 228 1797 enim
249 1745 376 1792 curia
396 1757 508 1801 erat,
543 1744 591 1791 in
615 1761 705 1807 qua
726 1746 1073 1809 quatuordecim
1100 1746 1123 1792 ὲ
1148 1745 1425 1808 primoribus
1460 1747 1533 1808 jus
1564 1747 1729 1794 affidue
1751 1747 1877 1795 dice-

103 1814 230 1861 bant.
259 1829 310 1858 ae
332 1811 390 1857 de
412 1816 584 1856 summa
605 1827 755 1856 rerum
784 1810 922 1857 etiam
947 1810 1183 1874 agitabant
1204 1811 1393 1857 confilia
1417 1828 1428 1857 :
1470 1828 1667 1875 quorum
1702 1813 1879 1862 summa

103 1877 310 1940 aequitas,
338 1882 383 1922 ὅ(
409 1874 663 1922 moderatio
687 1892 847 1937 pacem
875 1876 1020 1930 dorni,
1047 1876 1244 1938 forisque
1266 1875 1490 1939 praestitit,
1512 1883 1558 1925 &
1584 1876 1712 1938 pacis
1730 1878 1877 1926 comi-

100 1954 196 1990 tem
221 1957 372 1988 rerum
393 1941 600 1987 omnium
639 1941 933 1987 affluentiam.
1003 1942 1129 1987 Inter
1152 1941 1268 1987 llam
1293 1945 1344 1990 &c
1367 1941 1524 2002 Juram
1550 1941 1629 1988 fita
1650 1944 1709 1988 est
1730 1941 1878 1992 insula

98 2024 241 2071 parva
262 2024 288 2052 a
304 2008 490 2052 cumulo
511 2005 717 2068 lapidum
737 2005 1077 2070 cognominata.
1141 2005 1216 2052 Ad
1244 2006 1431 2051 australe
1468 2006 1586 2052 latus
1624 2006 1702 2053 11ae
1719 2007 1878 2068 jacent

99 2074 170 2120 ha:
193 2072 409 2133 deinceps
427 2070 580 2117 insulae
597 2069 816 2121 Colurna,
845 2070 1109 2125 Mulmoris,
1131 2069 1329 2123 Osrima,
1351 2068 1615 2133 Brigidana,
1637 2071 1874 2129 Corflzera,

99 2137 246 2184 insula
266 2135 492 2188 Humilis,
517 2135 731 2198 lmersga,
773 2136 979 2189 Beathia,
1015 2137 1166 2190 Texa,
1213 2134 1499 2189 Ovicularia,
1534 2135 1753 2201 Naofiga,
1791 2138 1887 2186 Ri'v

100 2202 259 2257 narda,
285 2203 432 2254 Cana,
455 2199 742 2254 Tarscheria,
773 2202 1026 2255 Admana,
1052 2201 1197 2247 insula
1219 2200 1413 2263 Magna,
1437 2199 1583 2247 insula
1605 2201 1759 2265 figurae
1788 2202 1875 2250 hu‘·
1902 2206 1906 2211 '

99 2285 265 2321 manre,
290 2265 435 2311 insula
462 2265 667 2327 Joannis,
693 2265 946 2314 Stacbadis.
1001 2267 1076 2312 Ad
1099 2264 1435 2311 occidentalem
1460 2265 1536 2312 11ae
1559 2265 1781 2326 angulum
1805 2269 1874 2314 O-

97 2332 237 2380 versa.
307 2330 380 2376 Ibi
411 2346 595 2393 quoque
637 2331 706 2392 (3)
731 2328 902 2377 fretum
937 2329 1308 2388 torrentiffimum
1332 2327 1412 2376 nifi
1451 2328 1585 2390 certis
1620 2329 1744 2376 horis
1785 2331 1874 2379 im-

98 2393 382 2462 permeabile
404 2396 465 2441 est
502 2396 711 2442 navibuS.
781 2395 931 2442 Insula
955 2394 1224 2442 Mercatoris
1251 2412 1262 2441 ε
1297 2397 1343 2443 &
1369 2393 1425 2445 ad
1446 2393 1734 2441 occidentem
1759 2397 1873 2443 sesti·-

96 2479 210 2510 vum
232 2461 432 2524 speEtans
455 2458 707 2513 Usabrasta,
734 2461 780 2508 &
807 2461 1022 2515 Tanasta,
1060 2465 1106 2509 ὅ(
1131 2458 1273 2513 Nefa‚
1313 2461 1361 2507 &
1401 2457 1547 2504 insula
1568 2459 1804 2515 Textoris,
1832 2450 1883 2517 &¹

96 2529 158 2575 ad
177 2529 281 2573 octo
303 2524 449 2572 millia
466 2524 524 2570 ab
546 2526 615 2571 lla
637 2524 782 2588 magis
803 2523 850 2571 in
889 2524 1217 2588 septentriones
1238 2521 1362 2569 versa
1384 2523 1604 2578 Orvansa,
1638 2529 1679 2570 δε
1702 2525 1746 2571 ei
1767 2542 1873 2588 pro-

96 2593 223 2641 xima
246 2589 470 2644 Porcaria,
494 2594 533 2636 δε
557 2590 833 2653 quingentos
856 2592 1001 2653 passus
1021 2590 1077 2636 ab
1101 2587 1305 2635 Orvansa
1327 2588 1567 2635 Colvansa.
1601 2590 1741 2638 Ultra
1763 2590 1878 2638 Col·-

100 2657 282 2703 vansam
304 2655 362 2702 ad
384 2655 708 2718 septentriones
724 2655 847 2716 jacet
872 2657 921 2701 M
930 2655 1041 2709 ulla,
1064 2651 1310 2700 duodecim
1333 2651 1480 2698 millia
1497 2653 1699 2716 paffuum
1712 2652 1878 2703 distans

97 2722 156 2770 ab
180 2723 263 2769 lla.
331 2721 456 2767 Haec„
472 2718 616 2766 insula
637 2716 833 2782 quatuor
855 2725 893 2767 &
923 2718 1091 2784 viginti
1112 2716 1260 2764 millia
1291 2715 1339 2764 in
1373 2717 1584 2781 longum,
1609 2718 1803 2765 totidem
1827 2720 1877 2768 in

97 2788 241 2836 latum
265 2783 518 2848 porrigitur
549 2801 561 2830 ε
595 2784 748 2846 aspera
769 2783 959 2847 quidem
989 2783 1087 2838 illa,
1111 2782 1188 2828 sed
1224 2781 1414 2845 frugum
1456 2798 1547 2829 non
1585 2781 1873 2832 infoecunda.

97 2852 256 2901 Habet
277 2850 407 2897 silvas
427 2847 703 2912 frequenteS,
727 2849 1008 2912 magnosque
1028 2862 1266 2896 cervorum
1289 2848 1480 2910 gregeS,
1507 2859 1787 2911 portumque
1808 2848 1874 2897 sa-

94 2917 153 2967 tis
177 2927 345 2963 tutum.
410 2914 482 2960 Ex
503 2911 688 2959 adverso
719 2913 872 2965 insulae
896 2912 1118 2961 Columbi
1138 2913 1277 2958 habet
1298 2911 1413 2957 duos
1436 2928 1592 2958 amnes
1617 2911 1872 2962 salmonum

95 2979 336 3030 foecundos
369 2996 381 3025 :
414 2977 526 3024 alios
544 2976 874 3024 item'minores
898 2995 989 3024 non
1012 2976 1204 3025 omnino
1222 2974 1388 3022 steriles
1407 2995 1427 3026 .:
1454 2976 1569 3022 duos
1592 2975 1701 3023 item
1729 2977 1875 3034 lacuS,

96 3054 138 3096 &
158 3045 207 3092 in
230 3042 417 3108 fingulis
437 3041 631 3105 singulas
652 3040 835 3097 insulaS,
859 3041 1041 3107 suasque
1060 3043 1110 3090 in
1133 3041 1196 3089 eis
1220 3056 1360 3087 arces.
1429 3041 1562 3087 Mare
1597 3040 1781 3088 diversis
1825 3042 1876 3097 in

94 3110 208 3160 locis
229 3109 487 3171 irrumpens
509 3118 702 3170 quatuor
722 3105 833 3152 facit
855 3107 990 3162 smus,
1014 3119 1173 3155 omnes
1193 3105 1406 3152 halecum
1427 3104 1728 3153 abundantes.
1798 3106 1877 3156 Ad

94 3174 382 3224 occidentem
401 3171 561 3218 hibern
570 3187 643 3216 um
664 3171 743 3217 fita
759 3171 819 3216 est
838 3171 1154 3226 Columbaria,
1181 3169 1425 3222 {iveinsula
1441 3169 1759 3220 columbarum
1780 3188 1791 3216 :
1817 3171 1876 3220 ad

89 3241 323 3288 orientem
342 3235 544 3286 aestivum
565 3235 684 3282 Era:
709 3246 901 3298 utraque
921 3237 1097 3300 pecori,
1123 3242 1163 3284 δι
1186 3233 1446 3290 frumentis,
1460 3239 1510 3296 3&
1531 3233 1726 3298 piscatui
1748 3249 1875 3282 com-

94 3304 250 3354 moda.

149 3433 213 3486 (ι)
241 3430 328 3471 The
345 3429 438 3468 herb
455 3428 572 3478 gund,
601 3428 647 3475 of
667 3442 688 3466 a
706 3430 794 3478 deep
812 3430 948 3479 yellow
1066 3430 1127 3482 (3)
1156 3431 1363 3482 Fretum‚qa
1379 3429 1475 3468 frith
1497 3444 1507 3467 ι
1547 3428 1578 3468 it
1596 3428 1632 3468 is
1646 3442 1667 3467 a
1686 3427 1787 3468 strait
1818 3426 1875 3477 sea

96 3489 238 3534 colom,
260 3485 429 3534 frequent
448 3484 614 3532 amongst
631 3495 751 3521 corus·
1013 3485 1167 3523 betwixt
1187 3494 1261 3522 two
1279 3485 1396 3522 lands.
1428 3483 1557 3521 There
1576 3485 1636 3522 are
1652 3482 1771 3526 divers
1790 3481 1875 3528 that
1907 3509 1912 3515 .

148 3540 210 3593 (2)
239 3539 411 3586 Asylum,
432 3550 451 3574 a
466 3536 565 3584 girth
586 3539 628 3575 dr
644 3534 848 3588 sanctuary,
865 3536 949 3577 that
1013 3540 1113 3590 carry
1132 3537 1208 3577 this
1226 3550 1335 3576 name
1354 3537 1396 3575 in
1414 3537 1605 3576 Scotland.

89 3590 243 3635 'menin
258 3590 396 3631 distress
414 3591 482 3628 ssee
500 3599 553 3629 to.
1372 3588 1379 3592 Ἴ
1552 3587 1557 3592 “

1477 3655 1758 3742 =XXXVII.
1793 3690 1871 3746 Ab
