2010 3851
413 102 828 223 Atis'UD
922 145 1555 218 SCoToSss
1757 169 1842 234 23

107 259 232 313 malo
251 264 473 304 amatores
494 265 613 296 verae
651 247 786 309 hujus
828 245 1077 310 perfectam
1115 245 1365 309 imaginem
1388 263 1414 292 a
1433 248 1693 311 Pretogene
1712 248 1870 312 aliquo

107 326 182 372 vel
207 321 370 378 Apelle
393 315 619 377 depictam
644 313 730 359 suis
752 312 982 359 coloribus
1005 312 1214 361 viderent
1238 328 1251 366 3
1276 326 1367 357 non
1389 310 1552 357 dubito
1575 313 1689 374 quin
1709 329 1811 358 eam
1829 317 1876 358 δε

73 373 79 376 .
106 379 439 434 admirarentur
461 385 498 426 «Sc
523 379 784 441 deperirent
824 396 835 424 :
902 391 955 423 ac
985 376 1066 422 nisi
1087 375 1308 423 continuo
1328 374 1458 421 illam
1478 376 1666 422 alteram
1688 393 1758 424 res
1778 375 1875 422 suas

107 453 275 498 habere
291 448 521 510 juberent,
546 443 593 489 in
613 443 713 489 illas
736 440 1010 502 gravissimas
1033 439 1288 487 inciderent
1309 454 1486 503 poenas,
1525 455 1638 508 quas
1671 441 1720 488 in
1742 443 1874 503 Saty-

110 517 171 564 ris
194 514 367 563 Persius
382 510 660 569 imprecatur
682 505 913 566 Tyrannis
941 521 953 551 :

373 581 532 636 zis‘czgne
545 585 673 634 pater
694 573 863 623 divum,
876 571 1025 629 stevos
1037 574 1190 631 punire
1213 569 1424 631 Tyrannor

369 640 511 687 Haud
528 639 622 682 alia
644 640 805 681 ratione
829 638 958 689 velis,
983 653 1070 681 cum
1093 637 1194 681 dira
1215 634 1345 685 libido

371 708 569 751 flaverit
590 704 799 763 ingenium
805 704 1013 762 ferventi
1038 705 1175 746 tinffla
1196 717 1372 762 veneno,

133 823 141 827 θ
373 769 582 814 Virtutem
604 780 650 810 ut
673 766 871 816 videant,
893 763 1229 827 intabefiantque
1252 764 1417 811 relida-

115 836 274 898 Atque
297 833 429 884 adeo,
454 831 640 894 quando
663 829 709 873 in
742 828 1068 889 Tyrannorum
1094 829 1373 875 mentionem
1394 825 1661 886 incidimus,
1693 825 1818 876 visne
1840 839 1892 876 ut

115 900 224 947 hinc
249 900 368 945 ret'ta
389 898 447 943 ad
468 911 546 942 eos
569 892 918 957 progrediamur
944 895 960 938 ?
996 894 1067 940 M.
1092 891 1192 939 Nisi
1215 893 1331 956 quid
1351 894 1716 954 praevertendum
1738 909 1890 956 putas.

124 969 177 1012 H,
202 965 401 1010 Minime
424 977 593 1014 autem,
639 959 849 1011 arbitror,
873 958 1205 1012 aberrabimus,
1248 958 1279 1003 si
1317 957 1484 1004 eisdem
1509 958 1705 1024 vestigiis
1724 960 1894 1021 quibus

120 1029 167 1075 in
192 1032 320 1090 Rege
343 1028 591 1089 quaerendo
613 1022 874 1076 institimus,
915 1025 970 1069 ad
1001 1023 1276 1085 Tyrannum
1297 1024 1619 1084 reperiendum
1641 1024 1713 1070 ire
1731 1038 1894 1086 perga·

123 1111 243 1139 nius.
293 1094 361 1138 M.
383 1093 455 1136 iia
476 1089 651 1135 censeo,
704 1087 829 1134 Nam
867 1104 922 1134 eo
959 1090 1091 1149 paeto
1128 1087 1252 1149 quod
1295 1088 1346 1135 sit
1387 1088 1505 1134 inter
1540 1105 1619 1135 eos
1653 1086 1897 1136 discrimen

122 1156 341 1204 facillime
364 1153 695 1216 inteliigemu5‚
721 1153 751 1198 fi
770 1168 825 1197 ex
845 1153 1029 1199 adverso
1053 1151 1293 1214 compositi
1313 1151 1634 1214 inspeaentur.

186 1219 342 1270 XLII.
388 1226 443 1269 R.
474 1220 543 1264 Ac
565 1217 785 1281 primum,
809 1231 857 1263 ut
876 1233 901 1262 a
925 1216 1136 1278 Tyranni
1159 1219 1347 1272 nomine
1377 1217 1672 1280 incipiamus,
1696 1215 1745 1264 id
1767 1217 1899 1278 eujus

121 1286 294 1349 iinguae
318 1285 386 1338 rit,
412 1284 640 1330 incertum
659 1281 868 1328 arbitror.
937 1284 1099 1344 Itaque
1122 1281 1450 1343 supervacuum
1473 1282 1606 1329 nobis
1629 1295 1744 1345 puto
1763 1283 1899 1329 Grae-

124 1366 228 1398 cum
254 1361 331 1396 aut
370 1348 588 1396 Latinum
619 1346 773 1411 ’ἔτυμον
812 1346 860 1394 in
906 1363 960 1393 eo
982 1362 1200 1409 quaerere.
1249 1346 1380 1408 Qid
1417 1363 1524 1395 vero
1544 1346 1905 1413 veteressappel·

124 1423 277 1467 larunt
300 1419 608 1480 tyrannidem,
635 1435 726 1465 non
743 1418 908 1480 opinor
936 1412 1178 1465 0b2c'urum
1201 1418 1418 1481 cuiquam
1437 1417 1518 1480 qui
1539 1419 1679 1480 paulo
1699 1418 1902 1481 diligen-

128 1486 217 1531 tius
243 1485 287 1531 iu
312 1483 466 1530 studiis
489 1483 837 1530 humanioribus
857 1483 908 1528 fit
925 1481 1139 1529 versatus.
1193 1483 1404 1545 Tyranni
1427 1482 1548 1529 enim
1577 1491 1622 1532 §t
1653 1482 1836 1531 Graecis
1859 1489 1902 1530 δι

127 1548 306 1596 Latinis
343 1549 643 1603 vocabantur,
679 1564 817 1610 penes
855 1562 967 1609 quos
991 1559 1086 1593 erat
1119 1547 1263 1596 libera
1284 1547 1494 1593 omnium
1516 1564 1666 1594 rerum
1691 1548 1901 1610 potestas,

129 1613 267 1660 nullis
290 1616 446 1677 legum
470 1612 665 1660 vinculis
687 1612 879 1665 asti-ieta,
903 1625 981 1657 aut
1004 1611 1215 1671 judicum
1237 1610 1581 1674 cognitionibus
1602 1613 1822 1660 obnoxia.
1857 1614 1904 1659 1·

130 1693 268 1741 taque
290 1677 338 1725 in
364 1692 572 1739 utraque,
601 1689 648 1723 ut
669 1677 770 1730 scis,
812 1676 971 1738 lingua
994 1692 1083 1723 non
1109 1679 1248 1724 'modo
1270 1678 1429 1723 heroes
1453 1682 1500 1725 &
1523 1676 1763 1724 hominum
1788 1693 1906 1739 prae·

135 1743 399 1795 stantiffimi,
423 1742 498 1788 sed
521 1747 570 1790 ὃς
593 1742 783 1789 deorum
811 1740 1015 1795 maximi,
1041 1754 1178 1805 atque
1197 1742 1312 1789 adeo
1333 1741 1513 1803 Jupiter
1529 1741 1642 1804 ipse,
1657 1742 1908 1804 Tyrannus

133 1822 325 1854 vocatur
350 1824 360 1854 ε
393 1807 534 1869 idque
557 1807 616 1853 ab
637 1808 701 1853 eis
724 1805 805 1870 qui
827 1805 886 1851 de
908 1805 996 1851 diis
1018 1807 1274 1854 honorifice*
1292 1811 1331 1853 δε
1351 1806 1549 1854 sentiunt
1570 1814 1610 1853 δε
1634 1808 1906 1870 loquuntur.

133 1877 203 1923 M.
228 1872 350 1918 Istud
370 1871 561 1934 quidem
586 1888 679 1918 non
700 1871 866 1934 ignoro
911 1887 922 1916 ε
957 1887 1105 1932 eoque
1139 1873 1284 1935 magis
1324 1872 1467 1917 miror
1490 1872 1610 1918 unde
1642 1871 1812 1918 factum
1836 1873 1907 1927 fit,

135 1950 187 1991 ut
207 1936 255 1984 id
278 1953 446 1984 nomen
466 1950 534 1984 tot
551 1937 647 1998 jam
667 1935 826 1982 seculis
843 1934 1051 1981 odiosum
1073 1949 1212 1997 atque
1235 1937 1371 1983 etiam
1391 1936 1509 1982 inter
1527 1937 1779 1999 graviffima
1800 1952 1910 1983 con-

137 2001 257 2050 vicia
279 2001 515 2048 habeatur.
585 2007 643 2050 B.
668 2001 723 2047 Id
745 2011 866 2047 certe
889 1999 934 2045 in
960 2000 1050 2046 hoc
1088 2002 1316 2048 vocabulo
1349 1999 1540 2047 eveniss‘e
1561 2001 1762 2056 videtur,
1784 2001 1914 2065 quod

135 2066 185 2114 in
210 2067 436 2128 plerisque
459 2065 560 2112 aliis
580 2064 797 2128 contigit.
869 2065 1133 2112 Verborum
1155 2066 1277 2112 enim
1292 2104 1302 2112 ,,
1318 2081 1398 2128 per
1420 2066 1465 2112 se
1484 2079 1690 2113 naturam
1713 2066 1745 2112 fi
1767 2066 1913 2112 consi-

139 2132 288 2186 dereS,
314 2130 450 2178 noxia
468 2140 609 2177 caret.
679 2131 738 2177 Et
758 2129 969 2192 quamvis
992 2129 1080 2176 alia
1102 2131 1268 2184 levius,
1312 2131 1400 2177 alia
1423 2129 1619 2192 asperius
1641 2131 1697 2177 ad
1724 2130 1916 2177 audien-

139 2195 258 2244 tium
284 2212 412 2243 aures
434 2195 668 2249 accidunt,
714 2208 867 2241 tamen
910 2193 1026 2240 nihil
1047 2195 1239 2242 omnino
1260 2212 1318 2242 ex
1341 2195 1424 2242 sese
1447 2195 1619 2243 habent
1636 2211 1718 2242 cur
1738 2197 1916 2242 animos

139 2261 200 2308 ad
221 2261 357 2316 iram,
379 2259 557 2314 odium,
581 2273 662 2307 aut
681 2259 959 2307 hilaritatem
980 2259 1200 2316 excitent,
1237 2273 1316 2307 aut
1336 2259 1511 2323 alioqui
1532 2263 1816 2323 voluptatem
1839 2271 1918 2307 aut

140 2325 392 2373 molestiam
414 2337 586 2372 creent.
654 2325 703 2371 Si
725 2323 841 2387 quid
862 2336 1013 2370 autem
1039 2327 1127 2371 tale
1151 2325 1282 2372 nobis
1305 2324 1500 2377 accidat,
1517 2327 1568 2373 id
1588 2341 1679 2374 non
1702 2342 1729 2372 a
1752 2325 1912 2379 verbo,

141 2390 219 2438 sed
240 2389 614 2438 a.consuetudine
636 2388 898 2441 hominum,
932 2395 971 2435 δε
1009 2388 1216 2454 imagine
1238 2390 1298 2436 ab
1320 2390 1609 2438 audientibus
1630 2405 1852 2454 concepta
1869 2406 1924 2436 e-

140 2454 300 2503 venire
320 2453 446 2501 solet.
517 2454 672 2518 Igitur
699 2455 827 2517 quod
847 2453 1041 2500 verbum
1064 2455 1187 2518 apud
1209 2454 1322 2502 alios
1345 2455 1581 2502 honestum
1603 2456 1683 2512 est,
1726 2456 1850 2518 apud
1871 2471 1922 2501 a·

141 2519 229 2568 lios
264 2519 356 2568 sine
376 2519 564 2566 honoris
586 2517 856 2582 praefatione
873 2517 1021 2567 audiri
1045 2535 1135 2567 non
1156 2520 1316 2582 potest.
1386 2526 1453 2568 M.
1479 2520 1677 2568 Memini
1698 2521 1923 2584 quiddam

145 2584 292 2632 {imile
315 2585 364 2632 in
387 2583 656 2632 Neronibus
678 2586 729 2634 δί
750 2584 882 2646 Judis
903 2583 1076 2631 fastum
1102 2603 1113 2631 ε
1150 2601 1347 2648 quorum
1370 2585 1564 2633 alterum
1603 2588 1729 2648 apud
1749 2587 1924 2633 Roma·

148 2665 249 2705 nos,
274 2649 467 2696 alterum
487 2648 611 2712 apud
632 2648 818 2710 Judaeos
841 2664 1028 2704 nomen,
1047 2649 1096 2695 in
1114 2648 1426 2697 summisssviris
1446 2650 1766 2714 ampliffimum
1785 2664 1929 2713 atque

148 2713 538 2772 honoratiffimum
562 2713 916 2760 existimabatur.
954 2773 956 2775 ‚
983 2715 1141 2762 Postea
1160 2730 1271 2762 vero
1293 2716 1419 2761 nulla
1439 2714 1638 2776 ipsorum
1662 2715 1928 2770 nominum..

147 2779 224 2840 sed
249 2779 445 2826 duorum
467 2778 712 2825 hominum
733 2778 870 2840 culpa
893 2777 1068 2826 factum
1105 2779 1189 2834 est,
1223 2792 1273 2827 ut
1309 2795 1365 2826 ne
1388 2779 1703 2828 sceleratiflimi
1736 2780 1926 2843 quidem

75 2848 77 2851 ’
148 2841 460 2899 ὶιεὲεῃοηῑίηει
478 2842 564 2890 suis
583 2843 741 2890 liberis
763 2842 863 2889 dari
883 2843 1030 2890 velint
1051 2862 1066 2900 3
1098 2845 1216 2892 adeo
1248 2845 1368 2891 inter
1387 2844 1580 2892 infamia
1599 2846 1898 2894 delituerunt.

215 2908 396 2956 XLIII.
425 2909 484 2956 B.
509 2909 640 2955 Idem
663 2922 850 2972 quoque
873 2907 922 2954 in
945 2908 1170 2971 Tyranno
1197 2910 1391 2964 evenisse
1415 2909 1702 2974 perspicuum
1725 2912 1802 2958 est.
1827 2909 1930 2959 Pri-

151 2989 252 3021 mos
273 2973 401 3020 enim
424 2973 724 3037 magistratus,
748 2972 832 3036 qui
852 2972 917 3020 ita
950 2974 1318 3036 appellabantur,
1356 2974 1479 3023 viros
1516 2978 1659 3023 bonos
1682 2976 1810 3022 fuisse
1831 2990 1931 3022 creo

151 3036 296 3101 dibile
317 3037 396 3092 est,
421 3038 493 3084 vel
513 3037 640 3092 hinc,
663 3038 792 3101 quod
814 3053 983 3085 nomen
999 3038 1050 3085 id
1070 3037 1323 3101 aliquando
1341 3051 1434 3086 tam
1452 3039 1926 3093 fuerithonorificum‚

154 3114 206 3162 ut
225 3103 284 3149 ad
323 3103 432 3149 deos
475 3103 618 3150 etiam
641 3103 974 3150 transferretur.
1044 3104 1210 3150 Posteri
1245 3105 1332 3151 suis
1366 3104 1610 3152 sceleribus
1630 3107 1695 3152 ita
1716 3105 1931 3152 reddide-

150 3178 261 3226 runt
280 3166 474 3220 infame,
499 3179 551 3214 ut
571 3182 732 3214 omues
755 3179 976 3228 tanquam
997 3168 1312 3231 contagiosum
1337 3174 1377 3216 ἅτ
1397 3171 1604 3231 pestilens
1626 3170 1671 3217 id
1698 3169 1932 3234 fugerent,

153 3230 392 3293 leviusque
415 3243 628 3293 putarent
644 3232 925 3285 convicium,
948 3232 1209 3280 carnificem
1228 3251 1366 3297 quam
1390 3235 1665 3296 Tyrannum
1689 3232 1932 3297 appellari.

156 3301 227 3345 M.
263 3297 395 3342 Idem
433 3294 613 3342 fortass'e
649 3295 726 3342 hic
748 3295 919 3350 evenit,
951 3297 1076 3360 quod
1100 3298 1308 3362 Regibus
1344 3300 1506 3345 Romae
1529 3301 1623 3362 post
1646 3297 1932 3359 Tarquinios

157 3361 340 3406 exactos
363 3378 374 3405 z
415 3360 542 3422 quod
564 3359 613 3406 in
635 3359 891 3408 Dictatoris
921 3361 1108 3408 nomine
1133 3365 1229 3424 post
1260 3364 1331 3410 M.
1364 3366 1620 3410 Antonium
1644 3369 1684 3410 «Sc
1710 3365 1760 3409 P.
1786 3363 1933 3409 Dola·

159 3422 330 3470 bellam
355 3423 596 3471 Consules.
664 3429 720 3473 B.
744 3426 860 3479 Rem
900 3436 1044 3472 tenes.
1113 3427 1289 3475 Contra
1330 3444 1435 3475 vero
1472 3426 1668 3473 humilia
1688 3433 1729 3473 δι
1754 3426 1934 3488 plebeia

160 3487 368 3542 nomina,
392 3487 561 3535 virtute
579 3488 820 3535 hominum
843 3491 1011 3552 quibus
1029 3506 1084 3537 ea
1104 3493 1416 3556 contigerunt,
1448 3490 1687 3546 fattasunt
1706 3491 1895 3538 illustria
1919 3504 1931 3538 z

161 3563 214 3598 ut
234 3554 356 3616 apud
380 3552 617 3599 Romanos
639 3552 885 3609 Camillus,
909 3555 1148 3610 Metellus,
1165 3557 1323 3603 Scrofa
1342 3575 1352 3603 :
1374 3557 1495 3619 apud
1521 3556 1782 3602 Germanos
1799 3557 1936 3603 Hen-

160 3616 304 3672 ricus,
325 3615 617 3673 Gensericus‚
640 3616 852 3672 CaroluS.
919 3618 976 3667 ld
1000 3621 1117 3669 adeo
1138 3621 1288 3687 magis
1307 3620 1557 3686 intelliges,
1594 3620 1625 3667 fi
1647 3620 1937 3668 animadver-

1871 3696 1938 3731 tas
