2065 3796
97 1533 108 1538 -
167 1503 287 1551 viter
306 1504 460 1559 ferret,
487 1510 527 1551 &
550 1507 747 1577 praedam
773 1506 829 1551 de
862 1505 1069 1551 manibus
1091 1506 1172 1552 lite
1195 1522 1287 1552 non
1309 1506 1538 1567 dirempta
1566 1504 1795 1552 dimissam
1812 1506 1940 1552 dole

190 114 313 182 182
492 112 855 181 RERUM
947 113 1653 181 Sco‘rrcARuM

182 212 342 274 Anglo
364 210 605 274 repetiffet.
674 214 854 276 Anglus
881 213 1172 260 Gulielmum
1193 212 1459 262 Londinum
1476 215 1631 267 venire
1646 213 1743 275 Juss‘
1749 224 1783 269 t,
1815 225 1866 262 ut
1885 217 1948 264 ob

114 291 119 299 ²
188 275 478 331 Cumbriam,
503 280 553 326 &
587 277 894 324 Northumbr
861 294 972 322 iam
995 276 1036 323 se
1059 277 1396 330 beneficiarium
1419 278 1476 325 de
1498 295 1624 326 more
1644 281 1948 340 profiteretur.

179 341 239 387 ,ld
260 339 339 385 ille
360 354 467 388 cum
501 357 594 388 non
615 354 801 404 gravate
824 341 1008 395 fecisset,
1033 356 1128 387 nec
1135 353 1286 388 tamen
1309 359 1335 388 a
1355 343 1696 391 Northumbria
1724 343 1948 406 poscenda

179 403 429 460 desisteret,
441 405 673 453 Henricus
690 405 909 466 ambiguo
931 404 1138 468 responso
1155 422 1259 452 rem·
1270 406 1524 453 differebat.
1549 409 1672 454 Nam
1694 424 1798 470 cum
1821 409 1947 455 Νοι-

178 467 416 516 thumbria
459 470 770 516 Milcoluinbo
791 471 1022 532 adempta,
1045 469 1129 531 ipsi
1152 468 1411 531 adjtidicata
1430 471 1553 525 esset,
1577 472 1631 519 se
1653 489 1752 520 eam
1777 473 1948 520 abalie

176 549 311 585 nare
318 533 402 580 nisi
437 550 675 596 proceium
714 534 940 587 decreto,
957 551 1049 580 non
1079 535 1216 596 posse.
1284 535 1361 581 Ad
1383 535 1645 596 proximum
1667 538 1943 584 cenventum
2016 593 2019 595 1

172 592 357 653 adesset,
379 611 519 660 atque
539 598 606 644 ibi
626 597 784 660 quod
768 614 841 658 Jus
864 599 985 654 esset,
1008 599 1634 662 expeaaret.Gu1ie1mus‚
1650 602 1730 647 etsi
1749 602 1862 648 nihil
1885 619 1945 647 ae-

176 661 260 727 qui
281 662 357 709 se
345 675 698 725 impetraturum
712 662 941 726 sperabat,
965 678 1118 710 tamen
1141 681 1198 710 ne
1215 664 1528 723 calumniandi
1549 665 1804 712 adversario
1819 667 1949 714 daret

175 727 513 782 occasionem,
500 733 550 774 in
572 726 745 791 Anglia
767 727 824 774 ad
845 740 1122 779 conventum
1157 718 1294 801 usque
1317 719 1589 791 expectavit,
1614 732 1666 781 &
1688 729 1946 778 Henricum
2023 730 2027 739 ’

176 791 537 854 proficiscentem
568 793 627 839 ad
649 792 822 839 bellum
847 793 1084 839 Gallicum
1118 792 1253 839 licet
1259 792 1451 847 invitus,
1476 805 1629 841 tamen
1663 796 1724 840 est
1748 795 1943 842 secutus.

175 855 249 904 Ibi
271 872 377 902 cum
404 855 578 903 'affidua
602 855 897 919 flagitatione
907 857 1024 903 nihil
1045 853 1301 920 proficeret,
1321 875 1406 904 nec
1427 860 1529 904 Rex
1548 858 1709 905 brevi
1695 875 1743 906 in
1775 856 1947 924 Angli-

163 937 249 968 .am
273 921 501 969 rediturus
523 921 789 984 speraretur,
815 937 935 985 aegre
957 933 1215 969 commeatu
1236 923 1481 984 impetrato
1501 922 1551 969 iri
1575 924 1775 970 Scotiam
1794 926 1854 970 est
1875 940 1943 970 re·-

175 986 342 1033 versus.
1928 1021 1931 1023 Δ

238 1052 387 1098 XLV.
433 1052 533 1099 Post
565 1051 782 1106 reditum,
805 1050 1005 1112 primum
1037 1050 1243 1098 omnium
1267 1068 1460 1116 regnum
1483 1051 1749 1100 latronibus
1758 1052 1944 1121 castiga-

173 1115 231 1163 tis
252 1116 552 1189 repurgavit:
587 1116 754 1162 deinde
767 1115 883 1162 locis
905 1115 1083 1163 idoneis
1101 1133 1243 1171 arces,
1263 1121 1311 1166 δι
1335 1117 1542 1179 praefidia
1558 1117 1616 1163 ad
1636 1117 1945 1180 prohibendas
2004 1170 2016 1176 1
2040 1125 2051 1170 1⁵

171 1179 430 1243 :repentinas
461 1181 779 1229 incursiones
767 1181 1025 1242 imposuit.
1060 1182 1245 1228 demum
1282 1198 1362 1244 per
1384 1183 1561 1244 legatos
1596 1182 1653 1228 de
1684 1182 1944 1232 Northum-
2034 1180 2051 1239 J·

173 1245 274 1292 bria
294 1246 527 1293 reddenda
547 1246 755 1308 Anglum
779 1246 1054 1293 admonuit:
1089 1245 1137 1293 ni
1159 1247 1386 1301 iedderet‚
1410 1246 1618 1293 bellum
1606 1247 1940 1295 interminatus.
2034 1258 2051 1308 3

169 1310 354 1374 Anglus
394 1311 582 1358 Gallico
618 1311 741 1357 bello
774 1309 1022 1373 impeditus
1046 1311 1397 1358 Northumbriae
1419 1324 1564 1373 parte,
1585 1327 1723 1373 quarn
1745 1328 1942 1374 proavus
2040 1311 2052 1330 ·”

170 1349 402 1422 Gulielmi
420 1387 645 1429 tenuerat,
670 1375 714 1421 ei
735 1375 870 1422 cessit.
938 1377 1052 1422 Eam
1077 1378 1236 1423 Scotus
1259 1375 1444 1438 quidem
1467 1376 1675 1438 accaepit,
1700 1377 1880 1423 testatus
1900 1377 1942 1423 se

167 1439 286 1486 nihil
309 1441 366 1486 de
388 1439 466 1486 suo
487 1440 535 1486 in
560 1439 783 1502 reliquam
806 1451 981 1502 partem
999 1440 1100 1500 jure
1122 1441 1310 1487 decede
1299 1457 1359 1488 e.
1427 1441 1519 1487 Id
1505 1457 1610 1487 cum
1634 1441 1813 1503 Anglus
1837 1458 1942 1504 gra·
2034 1436 2053 1509 J

147 1573 254 1625 ret,
291 1587 372 1633 per
401 1570 676 1616 incursiones
711 1588 757 1616 in
798 1571 907 1616 fines
940 1571 1181 1617 Scotorum
1212 1587 1331 1617 nova
1360 1570 1471 1617 belli
1505 1569 1672 1616 semina
1700 1569 1936 1630 jaciebat:

165 1634 256 1681 hac
288 1635 520 1680 occasione
542 1635 720 1697 sperans
743 1635 935 1696 reliqua,
970 1650 1072 1696 quae
1106 1635 1392 1682 controversa
1412 1634 1562 1681 videri
1583 1636 1783 1690 volebat,
1803 1635 1848 1681 -se
1873 1636 1940 1682 fa-

167 1698 257 1745 cile
279 1699 552 1752 ablaturum.
623 1700 743 1746 Cum
768 1717 835 1746 res
859 1699 915 1745 de
940 1716 1063 1746 more
1086 1717 1167 1762 per
1194 1699 1395 1746 limitum
1420 1699 1660 1762 praefeftos
1682 1713 1939 1762 repeteren-

167 1778 260 1818 tur,
285 1764 426 1828 Angl'
414 1781 431 1810 i
449 1763 679 1827 conquesti
700 1764 798 1810 suos
822 1763 989 1810 limites
1024 1764 1264 1812 latrocinio
1287 1766 1527 1810 Scotorum
1549 1765 1718 1819 vexari,
1744 1766 1938 1827 legatos,

166 1829 295 1874 nulla
316 1830 376 1875 ob
399 1845 537 1892 quam
562 1842 775 1875 venerant
797 1846 844 1876 re
866 1829 1126 1891 impetrata,
1150 1845 1294 1892 prope
1317 1829 1408 1876 fine
1429 1829 1636 1891 responso
1667 1830 1936 1893 abegerunt

168 1892 311 1947 Scoti,
338 1906 386 1940 ut
405 1894 533 1956 quod
563 1893 665 1965 jure
688 1893 894 1940 obtinere
917 1910 1010 1941 non
1041 1906 1276 1957 poterant,
1296 1893 1342 1940 vi
1362 1894 1711 1956 assequerentur,
1735 1894 1938 1940 exercitu
2042 1934 2044 1939 .

166 1928 377 2005 confe’ffito
402 1974 458 2004 ιιι
487 1959 718 2024 proximos
747 1960 1007 2022 Anglorum
1038 1975 1171 2022 agros
1194 1958 1332 2013 ferr‚o
1355 1962 1405 2007 ὃς
1434 1973 1543 2021 igne
1564 1957 1768 2004 saeviunt.
1837 1959 1938 2004 An·
2000 1998 2006 2001 .
2034 1981 2045 2023 ³.

166 2022 268 2085 gli
250 2039 346 2083 Jam
368 2022 566 2069 instante
580 2020 712 2070 messe
736 2023 943 2070 contenti
962 2040 1044 2086 per
1065 2021 1314 2070 absentiam
1332 2023 1475 2086 Regis
1495 2022 1570 2068 sua
1591 2023 1740 2085 quoad
1765 2024 1938 2096 possent
1956 2035 1962 2046 “
2031 2023 2040 2038 ⁷

166 2087 322 2143 tutari,
346 2087 525 2134 nullum
559 2087 746 2150 quidem
782 2087 1033 2134 exercitum
1066 2088 1357 2135 contrahunt.
1403 2064 1591 2134 oHiems
1626 2104 1734 2134 vero
1764 2089 1939 2135 interea

165 2169 248 2215 per
266 2164 448 2205 mutuas
467 2153 740 2199 incursiones
766 2153 855 2200 fuit
879 2152 1104 2214 inquieta.

231 2217 405 2264 XLVI.
444 2219 588 2264 AEstat
593 2234 616 2263 e
638 2216 849 2280 proxima
871 2216 1180 2264 Gulielmus
1168 2235 1218 2265 ιιι
1245 2191 1465 2264 hosticum
1489 2233 1659 2280 magno
1681 2235 1785 2266 cum
1809 2235 1938 2266 exer-

166 2292 263 2328 citu
283 2280 501 2346 ingreffus
524 2284 599 2328 est.
668 2282 746 2328 Ad
776 2299 881 2329 eum
905 2282 1056 2354 Angli
1081 2298 1187 2329 cum
1219 2283 1365 2329 nullas
1387 2283 1538 2329 adhuc
1563 2282 1662 2328 satis
1688 2284 1836 2330 sirmas
1859 2298 1937 2330 co—

156 2345 264 2408 ,pias
276 2321 508 2407 haberent
529 2345 824 2409 conscriptas,
846 2348 1022 2408 legatos
1044 2364 1091 2392 in
1130 2348 1269 2393 castra
1290 2347 1501 2394 mittunt
1567 2346 1779 2395 Inducias
1807 2364 1937 2412 mag·
2025 2358 2055 2394 «ι,

156 2426 226 2462 ,na
256 2409 453 2472 pecunia
484 2411 674 2463 mercari
708 2413 1009 2458 contendunt.
1077 2410 1133 2457 Id
1163 2411 1228 2458 fi
1216 2423 1483 2474 impetrent,
1505 2410 1663 2474 spem
1650 2411 1836 2472 injicere
1859 2429 1936 2459 co·
2012 2416 2013 2419 ’
2049 2409 2052 2415 “

166 2487 348 2530 uantur,
372 2474 529 2522 omnia
557 2493 612 2522 ex
646 2475 866 2523 sententia
898 2486 1192 2547 conventura.
1261 2475 1475 2527 Credidit
1502 2475 1761 2529 fallacibus
1775 2493 1935 2524 eorum
2026 2515 2057 2540 ⁴:

162 2539 384 2602 promissis
407 2539 547 2586 homo
570 2539 761 2587 minime
778 2540 948 2598 malus,
971 2542 1022 2590 ,δε
1043 2539 1124 2602 qui
1146 2556 1305 2603 pacem
1331 2540 1472 2587 modo
1497 2556 1591 2587 non
1614 2537 1935 2603 iniquissimam
2032 2535 2065 2602 ⁴ssi·

168 2604 239 2666 (1)
264 2604 474 2667 quamvis
490 2604 608 2664 justo
628 2605 751 2652 bello
771 2605 1020 2667 praeferret,
1089 2605 1235 2669 Angli
1255 2604 1473 2668 spatium,
1489 2621 1583 2667 quo
1602 2605 1662 2651 ab
1683 2606 1818 2652 arinis
1841 2605 1934 2653 ces
1981 2606 1985 2608 ’
2009 2603 2012 2606 ⁴
2053 2604 2059 2617 ³

165 2670 360 2724 sabatur,
382 2682 530 2716 totum
552 2669 599 2716 in
625 2681 845 2732 apparatu
874 2669 985 2715 belli
1007 2667 1295 2718 consumunt
1364 2669 1486 2717 Nec
1505 2669 1715 2717 desinunt
1748 2670 1934 2718 interim
2064 2719 2065 2722 ,

164 2733 332 2806 legatis
353 2733 614 2780 missitandis
636 2734 829 2797 promis
825 2751 848 2780 a
869 2733 1119 2787 cumulare,
1139 2751 1193 2783 ac
1212 2734 1381 2807 pariter
1401 2733 1595 2783 hostium
1618 2735 1757 2781 castra
1776 2735 1936 2799 spe-eu»
2005 2750 2034 2769 ··›
2061 2787 2065 2800 1

164 2798 284 2843 lari:
318 2796 368 2845 in
403 2798 587 2863 quibus
605 2814 711 2846 cum
743 2797 898 2846 omnia
917 2798 1207 2862 induciarum
1228 2798 1434 2846 mfiducia
1432 2815 1541 2844 remi
1530 2799 1620 2855 ssa,
1644 2815 1696 2845 ac
1728 2802 1937 2864 neg-lafita
2029 2793 2033 2806 ⁴
2062 2807 2065 2820 ¹

163 2861 416 2916 cernerent,
445 2879 756 2926 maJoremque
788 2875 964 2926 partem
986 2863 1210 2927 exercitus
1233 2861 1372 2926 Regii
1394 2863 1459 2909 ad
1471 2865 1750 2910 commeatus
1774 2878 1935 2926 peten-
2056 2909 2062 2924 ,1

165 2928 249 2972 dos
277 2926 515 2989 dilapsam,
540 2929 700 2974 reversi
739 2927 826 2975 suis
863 2917 1169 2979 occasionem
1178 2933 1254 2976 rei
1283 2927 1398 2974 bene
1430 2943 1510 3001 ger
1491 2928 1642 2974 endae
1676 2928 1933 2976 ostendunt.

163 2990 351 3044 Instant,
376 3007 432 3037 ne
449 3008 550 3037 eam
569 3009 593 3038 e
616 2991 834 3041 manibus
848 2990 969 3039 elabi
990 2992 1150 3040 sinant.
1217 2978 1385 3064 Igitur
1389 2991 1558 3063 maiore
1577 2992 1829 3056 copiarum·
1836 2993 1946 3040 sua?

163 3070 267 3100 rum
287 3070 368 3116 pai
374 3066 415 3100 te
437 3054 484 3101 in
506 3055 599 3102 ins
592 3056 679 3103 dis
701 3057 942 3110 collocata,
975 3055 1303 3120 quadringenti
1333 3049 1426 3102 fere
1448 3055 1623 3118 equites
1645 3057 1850 3120 expediti
1877 3058 1935 3103 de
2011 3059 2015 3067 ⁴
2036 3052 2052 3114 J'

161 3119 237 3181 (z)
256 3117 388 3165 tertia
406 3118 593 3182 vigilia
581 3133 669 3167 iter
684 3120 885 3187 ingressi
885 3136 1053 3195 paucas
1069 3121 1201 3182 horas
1218 3134 1323 3168 ante
1345 3119 1447 3166 solis
1471 3134 1620 3169 ortum
1636 3122 1800 3168 Aine-v
1777 3136 1933 3176 icum,
2012 3117 2063 3183 πῂ,

163 3180 253 3229 u'bi
266 3161 510 3236 Scotorum
531 3185 668 3230 castra
689 3197 844 3244 erant,
852 3183 1152 3235 adveniunt
1169 3184 1262 3230 lbi
1274 3185 1501 3245 majorem
1517 3202 1664 3248 quarn
1687 3185 1932 3248 sperarant.
1956 3219 1963 3228 .

164 3248 287 3295 bene
291 3245 516 3312 gerendae
537 3247 605 3295 rei
624 3234 916 3309 occasionem
928 3237 1112 3310 natiti,
1099 3264 1156 3296 ιιι
1183 3249 1361 3322 Regem
1384 3249 1544 3312 velut
1534 3265 1582 3296 in
1615 3249 1824 3317 summa
1820 3265 1955 3317 pace:
1989 3265 2060 3313 2³3⁴.

215 3382 320 3434 (1)
308 3397 335 3421 i.
355 3396 388 3420 e.
408 3383 611 3443 Justisiimo
635 3399 643 3420 ι
675 3384 858 3433 quamvis,
879 3393 920 3422 ut
948 3384 1019 3425 ali·
1075 3386 1159 3425 vide
1176 3385 1242 3424 the
1263 3385 1395 3434 night
1383 3399 1466 3437 in4
1485 3378 1661 3434 watches,
1679 3387 1744 3425 the
1768 3389 1818 3426 1st
1837 3388 1934 3426 from
1999 3391 2009 3415 ι’
2062 3416 2065 3424 .

164 3438 215 3481 bi,
242 3451 305 3486 pro
330 3437 598 3485 quantumvis.
628 3437 680 3474 ita
706 3438 925 3486 quamlibet,
955 3453 1021 3489 pro
1077 3440 1099 3478 6
1123 3453 1145 3477 o
1149 3439 1273 3478 clock
1293 3449 1330 3477 at
1347 3454 1439 3478 even
1454 3451 1492 3479 to
1511 3454 1560 3492 93
1581 3441 1654 3479 -the
1670 3443 1718 3478 2d
1736 3441 1834 3480 from
1855 3454 1877 3491 9
1896 3450 1935 3478 to
1989 3430 2065 3476 'liv-⁹0*

161 3490 452 3538 quantumlibet.
934 3509 937 3517 ’ν
1079 3504 1156 3542 123
1184 3491 1265 3529 the
1279 3495 1326 3543 3d
1351 3489 1448 3533 from
1473 3505 1520 3535 12
1548 3502 1587 3534 to
1616 3507 1663 3550 33
1693 3496 1762 3533 and
1781 3494 1846 3538 the
1861 3493 1934 3542 [μὴ
2021 3489 2043 3508 ””

219 3542 284 3593 (2)
313 3542 426 3581 After
438 3542 669 3597 midnight
645 3564 750 3577 --
785 3542 944 3584 Soldiers
963 3544 1172 3588 di·fr01r‘i
1194 3558 1213 3599 3
1235 3554 1273 3584 to
1293 3545 1329 3585 6
1432 3556 1438 3559 ·

1825 3595 1827 3598 .
1921 3596 1926 3601 ,
2009 3595 2052 3632 ,11

1828 3602 1945 3681 osae·-
1995 3643 2061 3706 11)

2023 3771 2037 3793 1
