2010 3851
273 171 580 245 [2113ssss
654 166 1578 237 DECIMUSSEQTIMUS.
1675 190 1801 250 503

54 294 62 307 ²
128 278 284 327 XXX.
316 275 449 321 Unus
471 267 652 316 Araniae
668 267 836 313 Comes
854 267 994 314 scelus
1012 267 1071 313 est
1089 275 1320 313 execratus
1341 283 1352 309 z
1378 264 1587 326 clamque
1606 264 1745 312 literis
1764 265 1822 312 ad

58 340 328 392 Moravium
352 335 482 382 miffis
500 348 684 380 omnem
702 330 766 377 rei
787 331 995 377 ordinem
1015 330 1239 391 exposuit.
1271 327 1507 375 Moravius
1530 346 1609 389 per
1629 330 1827 376 eundem

41 435 43 439 ,
68 406 286 454 nuncium
308 398 512 446 rescribit
535 416 546 442 :
580 397 653 441 sed
673 395 844 441 Aranio
866 396 982 441 forte
1005 395 1185 441 absente
1207 394 1350 440 literae
1382 391 1498 452 patri
1519 392 1614 451 ejus
1638 395 1827 440 redditae

68 471 267 518 fuerunt.
338 462 411 510 Ibi
433 460 620 508 confilio
641 460 774 514 inito,
795 461 864 520 (ι)
895 459 1088 506 Aranius
1110 459 1135 504 ἓι
1157 472 1283 521 patre
1321 456 1369 502 in
1393 457 1558 500 aream
1583 458 1831 504 custodiam

24 544 28 549 ‘
67 534 129 581 est
151 528 362 581 inclusus,
388 531 412 572 e
430 542 521 587 qua
543 527 679 571 noctu
700 523 873 586 elapsus
893 524 949 569 ad
976 522 1306 570 Falcolandiam
1327 518 1580 567 contendit.
1648 521 1716 568 Ut
1738 524 1834 583 ejus

70 592 180 659 fuga
204 593 351 656 palam
374 592 433 636 est
458 590 589 643 fasta,
615 588 789 650 equites
812 587 858 632 in
881 602 1036 632 omne:
1060 599 1208 648 partes
1226 584 1404 637 dimiffi,
1429 583 1508 645 qui
1531 587 1836 646 comprehen-

18 670 21 673 ’
72 662 167 708 {um
188 657 481 706 retraherent,
505 670 621 715 quos
644 653 690 698 in
716 653 867 697 silvam
891 651 1108 713 ingressus
1132 668 1185 697 ea
1209 652 1337 696 nofte
1357 646 1588 694 frustratus
1609 650 1685 695 est.
1733 651 1840 696 Ma-

72 741 130 773 ne
152 723 211 769 ad
232 719 570 768 Falcolandiam
590 717 1025 768 dedwstmmmnem
1048 716 1308 762 infidiarum
1328 711 1536 759 ordinem
1551 714 1711 774 aperit.
1736 715 1840 760 Nec

70 788 221 837 multo
245 786 339 846 post
363 781 646 833 Bothuelius,
672 787 712 826 ξε
739 777 965 825 Galvinus
992 779 1324 832 Hamiltonius,
1347 776 1429 839 qui
1463 792 1598 823 manu
1625 777 1840 825 facinoris

71 849 283 917 patrandi
303 860 448 899 partes
467 845 763 905 susceperant,
788 843 1016 890 consecuti
1033 843 1080 888 in
1104 860 1203 889 arce
1234 841 1537 889 Falcolandiae
1553 842 1672 902 jussu
1697 844 1841 905 Regi-

75 933 147 965 nae
184 901 440 962 custodibus
462 908 678 971 appositis
713 908 978 954 retinentur.
1048 909 1168 954 Cum
1193 906 1366 952 sueinus
1391 917 1536 952 totum
1560 918 1663 952 ante
1685 910 1843 954 oculos

31 990 34 996 “
74 981 198 1032 esset,
223 982 272 1029 ἓξ
295 978 351 1023 ad
376 978 547 1028 locum,
573 973 838 1035 tempusque
861 973 917 1016 ab
942 972 1118 1018 Aranio
1151 971 1321 1017 dietum
1346 972 1484 1016 duces
1514 971 1840 1026 conveniffent,

62 1041 472 1107 exploratoresque
494 1039 755 1092 retulissent,
776 1037 954 1098 equites
978 1037 1133 1082 multis
1156 1038 1200 1082 in
1228 1035 1336 1082 locis
1360 1034 1628 1097 apparuisse,
1648 1036 1843 1083 Aranius

78 1109 144 1157 rei
165 1107 369 1154 ordinem
395 1106 699 1165 interrogatus
723 1104 906 1164 paulum
932 1101 1086 1147 animo
1108 1101 1310 1147 turbatus
1336 1101 1410 1145 est.
1479 1100 1604 1145 Nam
1624 1115 1727 1146 cum
1752 1103 1845 1155 Re,-

76 1174 234 1239 ginam
258 1169 500 1233 deperiret,
526 1166 829 1228 Moravioque
851 1165 1281 1225 arctiffimajunc'tus
1305 1166 1409 1210 esset
1431 1163 1648 1218 amicitia,
1673 1170 1714 1211 δε
1755 1167 1848 1212 illis

79 1236 326 1301 gratificari>
344 1233 559 1295 cupiebat
583 1250 593 1278 ε
630 1238 669 1278 δε
694 1228 868 1292 patrem
893 1230 1129 1275 hominem
1149 1229 1337 1275 minime
1380 1229 1568 1282 malum,
1590 1228 1662 1275 sed
1699 1230 1756 1275 ad
1778 1248 1847 1278 res

82 1299 289 1350 difficiles
308 1297 606 1361 suscipiendas
630 1295 763 1342 nimis
786 1294 966 1340 facilem
1002 1311 1025 1340 e
1062 1292 1377 1353 conjuratione
1410 1291 1610 1339 eximere
1646 1294 1850 1351 volebat,
1880 1346 1883 1348 μ

84 1366 270 1429 pietate,
297 1371 336 1411 δε
367 1379 520 1410 amore
542 1361 746 1407 animum
768 1359 815 1404 in
837 1358 1010 1404 diversa
1031 1375 1083 1403 ea
1105 1360 1234 1404 nocte
1260 1373 1340 1420 per
1360 1356 1648 1403 solitudinem
1672 1358 1854 1421 rapien-

87 1423 227 1485 tibus,
247 1431 311 1476 ita
327 1440 478 1474 mente
501 1427 559 1472 est
583 1439 780 1478 emotus,
813 1437 971 1476 ,utnon
993 1423 1180 1469 obscure
1214 1438 1270 1469 ex
1295 1421 1441 1475 vultu,
1468 1428 1506 1468 δε
1532 1421 1732 1468 sermone
1755 1425 1853 1470 ani·

87 1496 152 1542 mi
189 1493 471 1558 perturbatio
493 1501 743 1552 appareret.
777 1489 1090 1534 Praecefferant
1121 1492 1159 1533 Ec
1183 1488 1301 1540 alite,
1325 1503 1428 1548 quae
1446 1485 1626 1545 juvenis
1650 1488 1855 1535 animum

8 1588 24 1599 =.
86 1569 433 1605 commoverent
454 1556 610 1601 causae.
679 1553 803 1598 Nam
826 1568 931 1598 cum
955 1553 1010 1598 ad
1029 1568 1133 1597 eum
1155 1553 1277 1598 diem
1301 1550 1563 1603 liberaliter,
1592 1557 1630 1596 Sc
1654 1568 1735 1612 pro
1758 1571 1857 1599 am-

25 1621 46 1665 ’.
92 1623 320 1685 plitudine
343 1619 529 1666 familiae
561 1618 708 1663 fuisset
720 1618 954 1670 educatus,
999 1629 1125 1678 pater
1147 1616 1286 1662 horno
1311 1615 1367 1661 ad
1390 1631 1485 1661 rem
1509 1617 1726 1662 attentior
1747 1634 1859 1664 con-

38 1682 41 1685 *
92 1688 280 1735 xil’arios
304 1687 474 1737 nactus,
499 1683 578 1744 qui
599 1682 648 1727 id
670 1681 832 1727 vitium
855 1682 1043 1735 alerent,
1070 1680 1212 1726 filiurn
1238 1696 1405 1743 magno
1443 1678 1682 1725 comitatui
1720 1683 1860 1729 affue-

90 1766 189 1800 tum
211 1752 270 1798 ad
295 1765 435 1796 unum
455 1747 703 1795 ministrum
728 1746 922 1808 redegit.
957 1746 1050 1807 Qi
1072 1744 1247 1792 facinus
1268 1744 1538 1808 patrandum
1561 1744 1859 1808 susceperant,

96 1816 256 1864 diver-fi
281 1815 327 1861 in
350 1811 570 1860 custodias
596 1808 721 1865 miffi,
747 1809 1012 1856 Rothi-relius
1032 1810 1078 1856 in
1102 1826 1249 1856 arcem
1273 1808 1700 1871 Edimburgensem,
1744 1813 1861 1859 Gal-

80 1880 224 1928 “vinus
247 1880 292 1925 in
310 1876 645 1930 Sterlinensem,
672 1876 818 1921 donec
840 1875 898 1920 de
909 1874 1037 1921 causa
1061 1874 1420 1938 cognosceretur.
1478 1872 1674 1920 Aranius
1697 1876 1755 1922 ad
1777 1880 1863 1924 Fa-

93 1963 203 1992 num
230 1944 442 1996 Andreae,
465 1942 559 2004 quo
578 1940 760 2002 Regina
781 1953 875 1986 erat
897 1937 1170 2001 profestum,
1194 1935 1341 1985 missus
1363 1956 1374 1984 :
1408 1951 1544 2001 atque
1580 1938 1626 1984 in
1650 1956 1750 1987 arce
1775 1944 1864 1988 Ar-

18 1997 42 2063 f
99 2005 778 2070 chit-:biscopialsei·varijuss=.13.
847 2005 919 2050 lbi
955 2004 1133 2066 quoties
1179 2005 1235 2050 ad
1274 2004 1315 2050 se
1337 2003 1530 2055 redibat,
1554 2003 1611 2049 ad
1635 2005 1865 2068 Reginam

21 2106 24 2109 -
95 2075 153 2121 de
174 2061 231 2128 se,
256 2073 405 2135 deque
427 2071 526 2117 aliis
567 2084 659 2116 tam
704 2069 968 2132 prudenter,
1003 2074 1050 2117 ὃς
1089 2072 1305 2115 'accurate
1346 2067 1584 2122 scribebat,
1626 2082 1676 2115 ut
1693 2070 1741 2117 in
1777 2072 1869 2118 sus·
1903 2071 1905 2073 ’

61 2160 64 2171 ·
103 2138 337 2201 picionem
374 2136 597 2183 incideret
637 2134 852 2180 fimuiatae
891 2133 1091 2187 insaniae,
1132 2151 1224 2197 qur)
1271 2147 1444 2195 patrem
1481 2132 1506 2179 ἑ
1551 2134 1868 2195 conjuratione

24 2195 35 2211 '
95 2203 236 2249 caedis
258 2201 493 2249 eximeret.
563 2200 767 2245 Caeteros
801 2198 866 2243 ita
886 2198 1155 2252 constanter,
1180 2204 1220 2244 &
1242 2199 1405 2245 acriter
1425 2198 1676 2253 accusabat,
1716 2211 1765 2246 ut
1784 2203 1868 2248 ali-

70 2307 83 2317 ,
101 2267 282 2330 quoties
306 2266 361 2312 ad
382 2263 622 2319 confilium
645 2263 888 2326 productus
912 2262 970 2316 se,
996 2264 1180 2326 quando
1205 2263 1375 2309 facinus
1400 2277 1491 2308 tam
1515 2264 1747 2311 occultum
1770 2267 1871 2314 aliis

102 2331 284 2379 testibus
304 2332 549 2390 coarguere
574 2345 666 2374 non
689 2328 847 2389 posset,
871 2327 1007 2373 armis
1030 2344 1134 2374 cum
1161 2327 1403 2375 Bothuelio
1421 2326 1742 2375 dimicaturum
1763 2348 1872 2394 pro·-

99 2397 322 2444 mitteret.
391 2395 528 2440 Circa
548 2411 600 2440 ea
625 2405 829 2453 tempora
862 2393 1055 2438 Iacobus
1079 2391 1395 2439 Hamiltonius
1427 2394 1586 2439 Aranii
1629 2402 1757 2456 'pater
1779 2397 1873 2458 pri-

105 2477 229 2508 mum
255 2460 312 2506 ad
333 2458 564 2520 Reginam
587 2457 772 2518 scripsit,
797 2457 963 2503 deinde
987 2457 1078 2519 ipse
1101 2458 1159 2503 ad
1197 2459 1370 2519 Fanum
1417 2458 1614 2504 Andreae
1655 2459 1796 2515 venit,
1820 2479 1874 2510 ac

25 2553 28 2565 ι
90 2525 261 2574 'multis
284 2524 494 2584 precibus
517 2523 574 2568 ab
596 2539 649 2568 ea
667 2520 922 2583 postulavit,
945 2534 994 2567 ut
1012 2521 1157 2568 filium
1178 2522 1325 2575 suum,
1350 2523 1664 2578 Bothuelium,
1683 2528 1734 2576 δε
1757 2526 1876 2574 Gal-

103 2590 262 2637 vinum
288 2587 629 2636 Hamiltonium
648 2584 846 2648 acceptis
867 2585 1059 2633 vadibus
1084 2586 1166 2632 fibi
1204 2587 1458 2632 dimitteret
1481 2603 1494 2634 :
1526 2603 1610 2633 nec
1632 2588 1878 2653 impetrare

107 2653 355 2718 quicquam
375 2651 542 2715 potuit.
610 2651 792 2698 Eisdem
823 2651 961 2697 etiam
997 2650 1158 2698 diebus
1182 2651 1364 2715 Regina
1386 2650 1780 2701 Britannodunurn
1806 2674 1879 2703 ar-

104 2719 356 2781 cemlonge
382 2716 609 2772 omnium,
633 2732 738 2778 quae
755 2716 855 2762 sunt
875 2716 925 2767 in
946 2715 1098 2762 Scotia
1119 2716 1458 2764 munitiffimam
1480 2735 1490 2763 :
1527 2716 1602 2763 sed
1623 2734 1759 2780 quam
1776 2722 1883 2768 Ha..

112 2782 347 2831 miltonius
371 2794 580 2829 tenuerat
612 2782 668 2828 ab
691 2798 746 2828 eo
784 2793 1007 2844 tempore,
1031 2797 1125 2844 quo
1162 2783 1332 2829 Prorcx
1354 2780 1518 2837 fuerat,
1539 2783 1782 2845 repetitam
1804 2801 1883 2833 ac-

103 2847 246 2911 tepit·
659 2878 666 2898 l

172 2913 349 2963 XXXI.
381 2911 616 2977 Georgius
638 2910 906 2959 Gordonius
932 2909 1022 2973 (uti
1043 2923 1147 2958 ante
1169 2910 1390 2972 diximus)
1416 2912 1631 2962 Moravio
1647 2913 1882 2974 inimicuS,

15 2971 22 3025 .’
41 2980 70 3031 ᾡς
113 2975 407 3025 Hamiltonio
430 2977 512 3024 filii
535 2977 598 3023 sui
622 2977 773 3034 socero
810 2977 860 3023 in
889 2976 1125 3024 manifesto
1164 2976 1327 3024 scelere
1369 2978 1615 3045 implicito,
1662 2996 1714 3027 ac
1735 2997 1883 3044 prope

24 3041 89 3109 ὦ]
114 3041 338 3104 perculso,
357 3042 497 3105 longe
518 3042 735 3089 infensior
751 3040 893 3090 faetus
915 3042 1198 3089 occasionem
1221 3041 1365 3089 adesse
1398 3040 1543 3100 ratus,
1564 3060 1669 3091 cum
1693 3044 1884 3107 impune

4 3101 89 3177 “is
107 3105 357 3160 ⁴inimicum
379 3123 405 3154 e
427 3105 581 3153 medio
620 3105 780 3153 tollere
819 3108 977 3168 posset,
1007 3108 1077 3168 (2)
1114 3105 1290 3152 duabus
1328 3105 1517 3154 familiis
1554 3106 1803 3156 illustribus
1824 3111 1886 3158 ad

104 3169 294 3218 :causam
318 3169 544 3232 adjunctis
560 3170 762 3233 primum
781 3187 861 3235 per
873 3170 972 3218 suos
992 3171 1240 3218 tumultum
1263 3170 1311 3216 in
1325 3171 1500 3236 oppido
1514 3184 1612 3220 tum
1632 3174 1886 3222 admodum

10 3234 64 3296 ‘51²2
91 3249 94 3255 ·
117 3231 398 3298 infrequenti
419 3246 549 3282 curat
566 3235 877 3290 excitandum,
899 3235 1079 3299 sperans
1101 3235 1366 3283 Moraviurn
1404 3237 1463 3284 ad
1500 3254 1596 3285 rem
1618 3238 1888 3286 auctoritate

12 3293 66 3363 ᾗῇ
117 3295 452 3347 sua-sedandam
474 3315 531 3346 ex
553 3299 656 3346 aula
672 3300 967 3362 egressurum.
1032 3299 1107 3347 Ibi
1149 3299 1283 3347 facile
1305 3300 1542 3350 hominem
1579 3302 1820 3357 inermem,
1844 3309 1889 3351 δε

1 3383 13 3399 ν
47 3363 69 3416 ‘j-
118 3358 352 3417 incautum
374 3363 422 3410 in
444 3363 577 3411 turba
597 3363 800 3426 opprirni
816 3366 957 3427 poffe.
988 3366 1044 3412 Id
1067 3363 1145 3412 ubi
1168 3381 1326 3427 parum
1349 3382 1405 3412 ex
1426 3365 1647 3415 sententia
1664 3366 1889 3428 proceffit,

21 3452 36 3482 ρ
71 3428 86 3459 ’-
119 3422 149 3472 ὲ
163 3425 256 3475 ,suis
267 3426 450 3491 -aliquot
470 3439 666 3475 armatos
687 3427 744 3475 ad
761 3432 1115 3492 perpetrandum
1132 3430 1311 3483 facinus
1331 3429 1380 3478 in
1401 3430 1600 3496 Regiam
1633 3429 1788 3479 venire
1809 3430 1894 3478 sub

179 3554 246 3604 (1)
273 3556 400 3606 James
430 3558 506 3595 earl
525 3557 569 3595 of
582 3559 704 3595 Arran
726 3559 836 3597 eldest
853 3560 916 3597 son
936 3568 975 3598 to
1028 3560 1172 3611 frenzy,
1191 3560 1273 3598 died
1292 3572 1404 3611 many
1419 3573 1522 3612 years
1537 3560 1632 3598 after
1648 3559 1742 3600 this.

123 3606 227 3644 'duke
240 3609 439 3648 Hamilton
455 3612 529 3648 late
543 3624 735 3659 governor,
747 3626 777 3648 .a
795 3614 889 3650 stout
906 3616 977 3651 and
1083 3616 1153 3667 (2)
1183 3613 1271 3655 The
1288 3615 1504 3657 Hamiltons
1525 3615 1592 3653 and
1609 3614 1826 3666 Hepburns.

38 3668 53 3683 ··
126 3659 272 3713 worthy
289 3663 504 3715 nobleman,
521 3665 609 3706 who
627 3664 830 3709 overtaken
846 3665 940 3707 with
955 3679 977 3706 a

1735 3719 1893 3785 vesp&
