1992 3801
151 153 356 220 286⁴
458 151 1590 221 RERUM,S<:0T1.‹:A.RUM

111 275 113 277 ·
138 264 298 306 cutm,
322 265 380 296 ex
396 264 452 296 eo
473 248 599 296 bello
615 265 728 306 rem,
752 255 793 296 δε
814 249 995 296 laudem
1020 249 1178 296 retulit
1201 269 1212 298 ε
1240 252 1310 314 (1)
1334 253 1565 315 opulentis
1587 250 1725 301 etiam
1743 256 1927 318 nuptiis*

150 315 201 362 in
226 313 477 365 Hollandia
500 315 774 374 Batavorum
791 313 935 360 insula
952 316 1106 360 auctus
1129 314 1205 361 est.
1276 316 1365 362 Sed
1385 329 1492 363 cum
1515 317 1745 381 peregrini
1763 320 1914 368 homi-

106 437 110 439 ·
151 380 223 425 nis
246 378 488 441 imperium
512 377 669 425 Batavi
709 394 800 424 non
824 377 1008 432 ferrent,
1051 377 1160 424 inde
1198 379 1396 426 reversus
1420 382 1599 428 claffem
1636 386 1921 444 comparavit

151 443 330 506 ingenti
350 441 537 506 quidem
560 443 757 504 sumptu,
780 456 863 488 nec
903 458 1070 505 magno
1097 455 1248 490 tamen
1287 445 1618 501 emolumento,
1634 459 1684 494 ut
1705 449 1915 496 adversus
1984 467 1986 469 '

128 545 133 551 .
152 506 370 554 -homines
414 507 706 555 terrestribus.
745 510 794 554 ὅτ
816 505 1052 554 navalibus
1087 507 1235 570 copiis
1269 507 1636 557 instructissimos.
1704 512 1921 561 Tandem

128 571 435 623 ‚numerosam
459 587 616 625 eorum
641 571 1062 618 classem'Dantisco
1094 573 1362 619 redeuntem
1396 574 1600 628 adortus,
1618 588 1842 639 eatcapta,
1871 582 1924 625 δε

131 676 134 679 .
154 635 364 699 spoliata,
389 636 536 684 nautis
555 636 690 689 caefis,
710 647 767 682 ac
790 635 980 682 navibus
1003 635 1239 691 succensis,
1271 639 1492 684 damnum
1522 641 1933 700 accaeptu-m-hosti

157 701 406 762 multiplex
429 700 632 747 reddidit
665 718 676 746 ε
702 713 838 762 atque
859 700 925 746 ita
947 700 1161 749 ferociam
1178 718 1338 749 eorum
1356 701 1510 766 fregit,
1548 716 1598 749 ut
1632 716 1817 766 centum
1841 721 1936 751 an-.

153 781 318 812 norum
338 765 537 813 inducia-
566 764 846 827 postularint,
874 770 913 812 &
935 766 1223 828 accaeperint.
1261 768 1390 814 Idem
1427 783 1612 830 quoque
1628 784 1816 831 gregem
1839 785 1926 816 no-

153 829 318 876 bilium
339 846 559 892 equarum
581 828 607 874 ὲ
626 829 860 875 Pannonia
881 829 1020 892 usque
1043 831 1365 879 adducendum
1387 828 1436 877 in
1456 832 1659 891 Scotiam
1679 833 1852 880 curavit
1909 847 1922 880 ε

133 891 284 955 cujus
308 894 485 940 soboles
504 894 552 938 in
587 893 755 940 multos
795 895 891 955 post
929 911 1071 941 annos
1090 894 1286 941 duravit.
1354 895 1444 941 His
1480 895 1624 958 igitur
1663 897 1924 944 Comitibus

132 1001 134 1003 ,
153 958 295 1023 longe
313 957 533 1005 ditiffimis
559 956 649 1002 fine
671 956 801 1018 prole
823 958 1048 1007 defunctis
1070 959 1322 1013 Buchania,
1350 964 1388 1004 δι
1413 958 1588 1004 Marria
1603 975 1761 1007 eorum
1783 963 1922 1023 patri..

71 1044 80 1047 ’
133 1038 311 1074 ,monia
333 1024 390 1069 ad
412 1024 590 1085 Regem
605 1020 708 1080 jure
747 1037 1052 1083 pervenerunt
1076 1040 1087 1068 ε
1130 1022 1196 1068 ita
1217 1019 1371 1077 trium,
1399 1022 1478 1084 qui
1501 1023 1708 1069 Roberto
1730 1023 1927 1071 secundo

153 1087 275 1151 Regi
298 1104 353 1134 ex
370 1103 507 1133 uxore
527 1084 768 1147 posteriore
786 1085 882 1132 nati
895 1098 1022 1132 erant
1039 1085 1231 1133 fratrum
1248 1085 1366 1135 solus
1383 1087 1476 1149 ipse
1489 1086 1619 1134 bonis
1642 1084 1814 1150 potitus
1835 1089 1923 1135 est:

154 1152 331 1199 sednon
346 1152 435 1198 sine
453 1149 693 1197 hominum
706 1149 932 1205 nobilium
953 1149 1280 1213 largitionibus
1294 1152 1566 1198 assuetorum
1584 1151 1924 1216 indignatione,
1937 1198 1943 1202 ..

154 1219 283 1280 quod
308 1218 406 1262 Rex
428 1218 452 1261 e
476 1227 568 1262 tam
587 1214 806 1276 opulenta
822 1215 976 1278 praeda
997 1215 1114 1261 nih-il
1134 1215 1240 1279 ipsis
1262 1215 1508 1263 decideret.
1610 1211 1613 1215 ⁴

219 1282 368 1328 XLV.
403 1278 595 1325 Acceffit
612 1279 669 1325 ad
692 1279 808 1326 hanc·
826 1286 866 1327 δε
889 1281 1027 1326 altera
1051 1278 1180 1327 causa
1211 1280 1453 1335 recentior,
1491 1280 1619 1344 quod
1656 1280 1870 1343 quasdam
1898 1281 1939 1328 as

154 1347 377 1398 Roberto,
403 1349 443 1391 Sc
466 1345 692 1396 Mordaco
713 1344 946 1407 postremis
968 1344 1350 1408 gubernatoribus
1386 1345 1651 1408 largitiones
1669 1345 1807 1392 factas
1826 1359 1925 1393 tan-

154 1427 294 1474 quam
316 1410 498 1470 injustas
514 1420 820 1456 revocaverat.
853 1410 906 1455 In
925 1408 994 1455 his
1009 1410 1112 1456 duae
1134 1409 1503 1473 erantinfignes:
1530 1409 1762 1473 Georgius
1775 1410 1926 1457 Dum-

155 1477 248 1522 rius
267 1475 401 1522 hostis
417 1473 635 1536 publicus
668 1471 986 1528 denunciatus,
1026 1474 1192 1521 deinde
1214 1487 1340 1537 parte
1359 1475 1592 1522 bonorum
1614 1475 1828 1530 restituta,
1855 1493 1927 1522 re-
1989 1492 1992 1494 ·

154 1550 342 1586 vocatus
366 1537 394 1584 ὲ
414 1538 620 1585 Roberto
638 1536 799 1584 fuerat.
869 1538 923 1584 Ei
937 1539 1198 1586 successerat
1219 1538 1337 1586 filius
1361 1539 1613 1602 Georgius,
1640 1539 1794 1586 multis
1812 1557 1927 1603 gau·

151 1603 372 1654 dentibus
413 1602 667 1664 antiquam,
693 1607 732 1648 δι
756 1603 976 1658 nobilem,
1024 1608 1066 1650 &
1104 1604 1218 1667 saepe
1241 1605 1298 1650 de
1321 1604 1471 1666 patria
1494 1604 1610 1650 bene
1630 1601 1838 1653 meritam
1859 1605 1928 1650 fa-

158 1668 333 1716 miliam
356 1669 403 1714 in
425 1666 655 1730 pristinam
679 1666 949 1730 dignitatem
976 1667 1167 1714 rediiffe.
1237 1669 1325 1728 Sed
1349 1668 1485 1731 Regi,
1524 1668 1632 1715 dum
1655 1668 1714 1714 in»
1721 1669 1794 1729 jus
1829 1668 1922 1715 fisci

157 1733 446 1797 diligentius,
469 1748 526 1778 ne
548 1732 700 1777 dicam
723 1732 926 1780 acerbius
949 1732 1161 1795 inquirit,
1179 1731 1323 1779 visum
1359 1734 1420 1778 est
1436 1734 1703 1795 potestatem
1724 1733 1927 1796 ignomi-

157 1798 249 1845 niae
264 1797 519 1850 demendae,
543 1796 698 1842 exules
718 1798 980 1852 revocandi,
1007 1803 1046 1843 Sc
1072 1798 1192 1843 bona
1213 1797 1273 1843 ob
1311 1797 1483 1844 crimen
1511 1797 1836 1858 perduellionis
1875 1797 1924 1844 in

161 1863 314 1909 fiscum
333 1863 459 1909 illata
476 1860 737 1906 restituendi
758 1862 975 1922 majorem
995 1863 1095 1916 effe,
1121 1860 1259 1923 quam
1286 1875 1335 1908 ut
1349 1878 1450 1908 eam
1471 1862 1609 1908 alieni
1627 1860 1821 1909 vicarius
1840 1863 1929 1907 im-

159 1926 297 1990 perii,
324 1932 362 1973 &
399 1925 481 1989 qui
520 1924 680 1971 tutoris
718 1925 821 1972 loco
863 1927 1075 1990 eligatur,
1106 1926 1314 1989 usurpare
1335 1926 1531 1972 debeat:
1563 1926 1774 1988 quando&
1793 1926 1931 1973 etiam

157 1991 424 2054 largitiones
448 1990 493 2036 in
510 1991 692 2054 Regum
713 2001 843 2036 aetate
856 1990 1100 2037 immatura
1113 1991 1242 2037 factae
1260 1992 1421 2054 poffmt
1442 2007 1498 2036 ex
1517 1991 1665 2035 veteri
1687 1991 1931 2036 Scotorum

157 2055 365 2103 instituto
385 2055 605 2108 revocari,
633 2052 713 2100 nisi
732 2053 760 2100 εἴ
780 2056 986 2119 Regibus
1006 2069 1136 2103 aetate
1158 2056 1345 2101 maturis
1364 2056 1709 2102 confirmentur.
1780 2055 1801 2100 J
1804 2054 1931 2116 gitur

160 2122 371 2175 lacobus,
413 2131 464 2166 ut
501 2117 760 2165 Marcianos
801 2120 1009 2171 homines
1033 2119 1289 2173 bellicosos,
1315 2118 1498 2182 Angliae
1521 2118 1697 2165 vicinos
1735 2117 1784 2164 in
1806 2120 1931 2166 suam

159 2186 426 2247 potestatem
445 2184 535 2231 fine
554 2183 754 2229 tumultu
777 2188 1024 2240 revocaret,
1063 2183 1324 2248 Georgium
1346 2184 1469 2246 apud
1492 2182 1533 2230 se
1555 2184 1736 2231 retinet.
1805 2183 1932 2231 Lite-

160 2265 230 2295 ras
255 2251 312 2296 ad
335 2248 446 2295 arcis
467 2246 695 2295 Durnbari
716 2249 981 2309 praefectum
1005 2248 1159 2296 scribit
1185 2266 1195 2295 :
1229 2248 1442 2311 imperat,
1470 2260 1520 2294 ut
1541 2248 1605 2294 eis
1628 2247 1836 2311 perlectis
1859 2265 1930 2297 ar-

140 2331 265 2360 cem
289 2313 530 2360 Gulielmo
551 2311 787 2375 Duglaffio
810 2314 1025 2378 Angufiae
1047 2314 1249 2376 Regulo,
1350 2314 1421 2374 (z)
1450 2313 1632 2359 Adamo
1670 2311 1934 2375 Hepburno

161 2378 368 2432 Halenfi,
390 2378 447 2424 ad
465 2393 564 2424 eam
584 2375 890 2437 recipiendam
911 2379 1067 2433 missis,
1099 2377 1242 2423 statim
1269 2384 1480 2424 traderet.
1551 2377 1802 2440 Georgius,
1825 2392 1930 2422 cum

162 2455 427 2504 quereretur
445 2442 486 2490 se
509 2441 637 2487 nullo
653 2439 755 2500 jure
777 2442 1056 2505 patrimonio
1077 2441 1259 2505 spoliari
1279 2442 1342 2489 ob
1363 2441 1536 2488 crimen
1559 2440 1777 2495 alienum,
1803 2441 1931 2501 cujus

161 2508 298 2554 etiam
318 2508 374 2554 ab
396 2522 468 2560 e0,
487 2505 569 2570 qui
591 2504 775 2552 summae
792 2524 942 2555 rerum
960 2519 1168 2570 praeerat,
1190 2505 1325 2553 venia
1349 2505 1496 2553 fuiffet
1515 2506 1785 2568 impetrata:
1812 2506 1933 2561 Rex,

165 2583 216 2618 ut
237 2572 332 2633 ejus
355 2571 556 2618 animum
582 2571 802 2632 placaret,
825 2578 865 2619 δε
888 2570 1176 2619 clementiam
1202 2571 1323 2634 apud
1359 2571 1524 2635 vulgus
1547 2572 1802 2622 ostentaret,
1825 2586 1935 2616 eum

174 2639 246 2698 (3)
276 2634 509 2684 Buchania
529 2632 735 2681 donavit.
777 2637 884 2683 Hoc
906 2636 1046 2699 Regis
1071 2635 1240 2682 factum
1262 2637 1365 2682 cum
1385 2651 1468 2698 pro
1489 2633 1705 2697 cuj-usque
1724 2633 1928 2696 ingeniO,

160 2703 214 2751 δε
233 2700 381 2748 studio
403 2699 526 2747 varie
545 2697 864 2757 celebraretur,
887 2701 1055 2749 incidit
1076 2701 1270 2748 alterum
1291 2716 1499 2764 quoque,
1538 2699 1666 2762 quod
1687 2699 1955 2747 vehemen·«

218 2830 280 2880 (1)
309 2830 396 2867 The
433 2831 515 2878 lady
544 2831 738 2882 Jacquette
776 2831 942 2870 countess
979 2832 1024 2870 of
1072 2831 1117 2869 of
1136 2831 1202 2878 the
1227 2830 1501 2879 Englilhmen's
1529 2842 1653 2879 power
1671 2828 1711 2866 in
1738 2829 1930 2873 scotland,

163 2883 329 2919 Bonane
347 2885 417 2931 and
450 2882 533 2920 heir
550 2884 708 2932 thereof‚
746 2885 935 2933 forsaking
951 2884 1021 2922 her
1074 2891 1250 2933 regnante
1262 2882 1403 2923 Davide
1418 2885 1506 2931 2do;
1519 2882 1730 2924 thefirst'of
1739 2881 1802 2918 the
1819 2881 1933 2919 house

163 2934 329 2973 husband
363 2936 429 2973 the
462 2936 562 2974 dulte
591 2937 636 2974 of
649 2938 825 2984 Brabant,
863 2939 1021 2976 married
1075 2939 1119 2987 οξ
1132 2937 1258 2977 Haills
1275 2936 1384 2984 being
1401 2948 1448 2972 an
1462 2935 1718 2983 Englilhman,
1737 2948 1757 2971 a
1774 2935 1931 2984 captive,

165 2988 462 3037 firstHurnphrey
474 2990 574 3026 duke
586 2991 630 3027 of
639 2992 915 3038 Gloeester,and
931 2991 1023 3029 olen
1077 2991 1272 3029 afterward
1289 2989 1461 3027 follower
1477 2988 1521 3026 of
1534 2988 1599 3026 the
1614 2989 1688 3025 earl
1705 2988 1749 3025 of
1761 2986 1895 3025 March
1919 3002 1930 3024 ι

171 3040 247 3077 this
263 3042 336 3077 earl
355 3042 399 3078 of
412 3042 512 3079 Mar.
650 3048 711 3083 He
730 3046 809 3083 died
828 3047 939 3082 about
956 3045 1021 3081 tlte
1076 3057 1113 3081 at
1125 3043 1189 3082 the
1202 3044 1276 3081 first
1288 3042 1520 3087 banishment
1533 3041 1648 3079 ofthe
1661 3041 1831 3084 Dunbans
1860 3048 1933 3077 un-

164 3106 251 3142 year
267 3104 381 3143 1434,
403 3097 470 3131 ancl
489 3095 527 3131 in
557 3110 576 3132 a
596 3097 803 3146 chartula-try
825 3099 1023 3146 belonging
1076 3099 1140 3134 der
1155 3096 1251 3144 king
1268 3095 1412 3134 Robert
1429 3095 1496 3132 the
1510 3097 1555 3145 3d
1574 3094 1662 3143 they
1681 3095 1854 3131 followed
1867 3093 1934 3131 the

164 3160 205 3183 to
226 3145 290 3183 the
308 3145 435 3193 king's
460 3149 599 3195 college
618 3149 661 3187 of
677 3152 866 3197 Aberdon,
898 3152 929 3188 is
959 3153 1023 3188 de-
1077 3149 1304 3198 Douglass'et»,
1318 3147 1445 3186 which
1465 3162 1538 3186 was
1552 3147 1626 3186 >the
1646 3146 1774 3184 second
1802 3147 1875 3195 step
1895 3145 1942 3183 of*

165 3199 288 3247 figned
301 3200 376 3236 earl
389 3198 527 3236 ofMar
542 3203 610 3238 and
620 3204 800 3250 Garioch,
814 3207 883 3241 and
896 3203 1022 3252 king‘s
1076 3203 1176 3240 their
1194 3201 1326 3250 rising:
1348 3202 1413 3238 the
1432 3203 1479 3252 3d
1498 3214 1573 3239 was
1592 3201 1636 3249 by
1657 3199 1723 3238 the
1740 3199 1945 3246 forfeiturex

164 3253 388 3297 lieutenant,
406 3264 507 3299 7mo.
523 3254 712 3292 Kalendas
732 3257 887 3305 Augusti
901 3257 1023 3293 obitus
1076 3257 1121 3294 of
1133 3255 1199 3293 the
1217 3256 1309 3292 earls
1326 3255 1370 3292 of
1384 3254 1551 3303 Duglass,
1573 3253 1746 3301 whereby
1763 3252 1850 3301 they
1869 3259 1930 3299 got

166 3304 362 3353 magnifici*
388 3317 429 3340 ae
459 3307 618 3353 potentis
649 3310 792 3345 domini
819 3310 1024 3347 Alexandri
1077 3322 1190 3358 many
1210 3309 1313 3345 lands
1328 3309 1401 3344 'and
1419 3320 1514 3345 were
1529 3307 1636 3343 matie
1654 3306 1750 3343 lords
1763 3305 1807 3342 of
1820 3305 1934 3355 parli-

166 3360 326 3396 Stewart
343 3357 491 3395 comitis
511 3360 552 3395 de
573 3359 693 3406 Marr‘,
705 3364 739 3397 δε
756 3363 799 3398 de
816 3361 1025 3410 Garwyach
1080 3369 1220 3399 ament.
1260 3361 1347 3398 The
1363 3360 1434 3407 4th
1454 3372 1526 3397 was
1542 3360 1590 3407 by
1608 3359 1672 3395 the
1690 3357 1884 3402 forfeiture
1895 3356 1941 3393 of

169 3425 210 3448 ac
226 3410 517 3448 loc'umtenentis
532 3412 679 3465 domini
701 3414 793 3460 regis
817 3415 1026 3459 Scotorum,
1082 3414 1147 3450 tbe
1165 3413 1266 3452 dulce
1277 3413 1481 3462 ofAlbany
1499 3414 1568 3450 and
1588 3411 1769 3459 ssaughter
1783 3407 1936 3456 of-king

167 3466 211 3501 de
231 3478 302 3514 quo
321 3464 633 3502 commemoracio
649 3465 670 3502 8
687 3478 715 3502 s,
736 3469 778 3502 de
797 3466 832 3503 le
846 3467 1027 3503 Newlan-
1083 3467 1208 3517 James
1229 3469 1274 3517 3d
1293 3475 1330 3503 at
1347 3465 1640 3511 Bannockburn,
1667 3472 1706 3501 at
1723 3463 1825 3516 what
1841 3461 1934 3499 time

167 3518 236 3555 dis.
270 3516 275 3520 ’
524 3513 526 3519 ’
1077 3518 1165 3566 they
1184 3533 1281 3557 were
1300 3520 1406 3557 made
1425 3519 1530 3566 earls,
1655 3539 1658 3541 -
1729 3539 1737 3551 .-

223 3569 353 3619 (2).A
384 3569 474 3607 fatal
499 3569 612 3606 house
637 3578 676 3607 to
698 3569 800 3608 their
818 3570 991 3608 retainers
1013 3584 1022 3607 =
1115 3570 1196 3620 (3)
1238 3572 1353 3608 Made
1381 3571 1475 3608 him-
1493 3570 1570 3609 earl·
1596 3569 1640 3606 of
1665 3569 1835 3612 Buchan,
1867 3566 1934 3603 but

168 3621 226 3677 for
245 3623 331 3670 they
351 3622 432 3660 rose'
446 3624 489 3673 by
503 3622 568 3661 the
587 3623 757 3662 Dunbars
773 3625 815 3664 in
835 3623 900 3662 the
918 3625 1027 3673 decay
1080 3624 1247 3672 wanting
1263 3623 1363 3662 heirs
1379 3623 1411 3662 it
1431 3624 1499 3665 fun
1519 3621 1616 3662 back
1632 3630 1671 3661 to
1689 3621 1754 3660 the
1771 3632 1907 3659 crown·

1528 3675 1537 3683 ¹
1868 3680 1939 3715 ter
