2010 3851
393 169 693 235 annn
785 161 1564 227 DuciMusuouua

247 286 303 320 ne
325 263 653 330 accipientium
676 258 1001 307 verecundiam
1025 263 1249 308 oneraret,
1273 250 1367 315 ipse
1390 252 1507 297 clam
1532 251 1606 297 sua
1631 266 1766 299 manu
1785 252 1877 317 doe·
1908 246 1920 250 s

324 335 445 381 Cum
469 326 647 377 amicis,
673 328 721 373 δε
745 323 1001 372 domesticis
1025 317 1304 382 simpliciter,
1329 322 1369 362 δε
1393 331 1546 377 aperte
1566 315 1767 363 vivebat.
1792 321 1795 328 '
1823 315 1882 364 Si.

596 390 870 451 deliquisset,
906 387 1054 434 acrius
1078 383 1226 430 multo
1258 397 1395 444 quam
1421 393 1628 425 externos
1666 382 1872 442 increpa-

98 289 211 343 que,

73 352 75 354 ’
99 340 255 387 nabat.

101 420 205 466 quis
228 412 378 448 autem
413 410 572 441 eorum

107 469 201 515 bat.

1739 150 1861 232 581

271 465 342 525 (1)
368 460 457 507 His
482 456 703 508 moribu5‚
730 460 769 500 &-
792 453 898 500 vitae
919 447 1183 498 innocentia
1204 463 1298 493 non
1320 443 1460 491 modo
1482 443 1679 499 civibus,
1699 448 1771 492 sed
1795 460 1874 489 ex-

104 531 212 583 teris
256 528 394 575 etiarn
434 520 698 569 nationibus
734 523 782 566 ὃς
806 534 934 563 carus
956 528 1069 569 erat,
1103 517 1152 562 ὃς
1174 508 1463 558 venerabilis.
1533 509 1620 554 Sed
1646 511 1883 571 praecipue,

105 594 291 658 Anglis,
317 588 484 653 quibus
503 587 552 633 in
575 582 704 632 omni
727 583 912 630 fortuna
934 580 1124 626 virtutes
1146 577 1248 640 ejus
1265 585 1393 627 erant
1416 575 1561 637 magis
1583 575 1800 637 cognitae.

158 722 226 771 (15
254 720 316 758 He
351 719 382 756 is
414 716 630 765 commonly
659 715 776 752 called
805 712 898 760 (and
930 711 971 748 in

108 761 263 827 spite'of
286 786 380 823 envy
399 773 488 810 shall
524 771 568 807 be
585 769 717 813 called,
754 767 790 804 so
827 768 915 812 long
935 778 972 801 as

109 829 287 869 scotland
317 824 506 874 standeth)
536 824 605 860 the
638 823 746 859 Good
778 821 928 867 Regem
961 831 970 855 =

108 898 177 921 nor
197 882 287 920 {hall
306 879 384 921 this
405 879 502 916 same
515 876 666 927 epitaph
680 875 724 912 of
734 872 975 914 Buchanan's

109 939 154 975 be
171 937 357 985 forgotten
378 947 390 982 3

111 1010 191 1048 Ista
210 1007 299 1046 licet
316 1011 422 1043 tanto
452 999 614 1052 genitrix
632 998 675 1036 fit
693 997 816 1036 Scotia
837 995 940 1033 lustu
964 1007 973 1029 z

166 1074 268 1111 Tam
289 1068 458 1119 genitum
471 1067 735 1114 gaudet,quam
750 1060 896 1112 periisse
910 1060 980 1096 do·-

276 1135 342 1171 let.

172 1195 201 1214 “
216 1192 322 1229 Dum
340 1188 600 1235 viveret,sc³.ffi³
614 1187 838 1228 factionibus
857 1199 984 1236 regno,

115 1245 264 1283 sinistris
284 1244 494 1282 rumoribus
525 1243 570 1279 ab
600 1243 748 1280 aemulis
782 1243 977 1286 laceratus,

116 1300 173 1337 sed
187 1300 384 1347 'postquam
409 1307 578 1333 mortuus
597 1297 660 1342 est,
697 1296 791 1332 veris
810 1294 980 1332 laudibus

116 1353 233 1390 etiam
255 1353 300 1389 ab
320 1351 487 1388 immicis
505 1350 755 1399 laudatus‚qui
771 1352 807 1389 ὅς
821 1347 980 1398 praesen-

118 1407 214 1446 tiam
241 1407 360 1445 animi
393 1405 434 1441 in
463 1404 651 1454 periculis,
688 1402 911 1441 felicitatem
942 1400 983 1438 in

120 1460 277 1513 praeliis,
306 1459 347 1496 in
361 1459 447 1508 jure
464 1458 625 1494 dicundo
643 1456 875 1507 aequitaaem,
900 1467 983 1491 mo-

123 1526 208 1551 rum
223 1513 444 1561 gravitatem
461 1524 548 1547 cum
565 1511 788 1548 liberalitate
802 1512 837 1549 δε
850 1510 987 1545 huma-

126 1567 247 1604 nitate
268 1566 412 1603 summa
430 1565 673 1614 conjunctam
689 1561 987 1613 praedicabant?

129 1621 285 1658 Thuan.
308 1619 374 1656 lib.
395 1619 462 1667 46.
505 1617 735 1655 stralochius
758 1617 797 1653 in
819 1615 988 1653 Moravi-

134 1687 200 1711 um
220 1672 397 1721 iniquior,
415 1673 452 1708 iu
474 1672 542 1708 illo
555 1680 679 1707 tamen
693 1669 854 1718 agnoscit
870 1671 990 1719 plera-

129 1741 199 1776 que
219 1728 326 1763 laude
344 1725 454 1772 digna
472 1725 576 1761 fuisse
599 1738 609 1761 t
651 1727 679 1746 ‘⁶
695 1724 816 1763 firmae
835 1722 993 1772 corporis

129 1782 225 1817 vires
246 1794 257 1828 3
288 1779 404 1816 nullis
434 1778 621 1815 laboribus
641 1777 791 1826 impar-3
827 1777 934 1814 rebus
949 1780 992 1813 ‘a—

130 1834 258 1882 gendis
276 1834 398 1880 celer3
439 1832 645 1873 occasiones
665 1831 836 1874 fortuita-5
856 1843 995 1880 rapere,

134 1888 229 1925 etin
249 1900 326 1924 rem
344 1886 447 1922 suam
466 1894 606 1922 vertere
626 1899 638 1934 3
661 1885 810 1924 audacia
823 1897 905 1934 quae
920 1885 998 1921 bel-

135 1943 294 1979 latorem
330 1941 489 1985 deceret,
523 1939 583 1976 [αἱ
600 1934 666 1975 illa
680 1935 788 1974 cauta
805 1933 1001 1988 prudentia

138 2002 343 2044 temperata
375 2007 387 2041 3
424 1992 554 2029 amicis
581 1992 793 2039 indulgens,
827 1994 923 2029 unde
941 1992 1001 2028 illi

135 2048 244 2087 causa
260 2047 392 2084 necis:
423 2047 517 2083 casta
544 2048 691 2091 domus,
722 2046 847 2095 procul
880 2043 1002 2090 luxus,

136 2102 265 2152 procul
296 2096 445 2137 luxuria
465 2113 477 2148 3
511 2112 724 2148 quanquam
759 2099 832 2152 ipse
863 2098 1004 2149 spurius

139 2164 242 2205 patre
263 2153 396 2192 Iacobo
415 2154 562 2201 quinto,
597 2152 661 2201 qui
693 2153 732 2189 in
750 2153 945 2202 juventute
965 2152 1005 2188 in

140 2220 298 2246 omnem
323 2206 520 2246 libidinem
558 2205 708 2251 effusus,
743 2219 818 2243 non
843 2214 921 2243 tam
943 2204 1006 2243 suo

143 2261 294 2309 ingenio
315 2259 505 2309 (parentes
540 2259 643 2296 enim
680 2272 780 2306 reges
799 2273 844 2296 ex
864 2257 931 2297 illa
949 2260 1006 2298 fa-

143 2312 254 2353 milia
273 2327 349 2351 non
368 2313 414 2349 fic
433 2314 467 2351 se
483 2312 1006 2360 11abuere)sedDuglaffiorum

141 2366 251 2418 culpa
271 2367 375 2416 3-qui
394 2367 564 2416 pueritiae
583 2368 660 2417 ejus
680 2364 856 2416 regnique
875 2377 1007 2417 poten-

119 2432 215 2468 ths,
234 2421 363 2459 omnia
381 2420 415 2457 ei
439 2419 637 2466 indulsere,
674 2421 807 2469 quibus
836 2433 923 2458 eum
940 2421 1008 2458 ob-

142 2475 299 2514 noxium
335 2474 529 2514 haberent.
583 2476 672 2514 Non
702 2474 750 2510 sic
781 2474 1008 2528 Moravius3

146 2542 259 2578 quem
294 2527 438 2565 nullius
473 2539 653 2577 unquam,
674 2536 808 2576 praeter
839 2540 1008 2575 uxorem,

145 2583 312 2626 foeminae
332 2581 597 2619 consuetudine
612 2582 755 2619 taitum
769 2582 851 2619 satis
866 2592 1011 2620 certum

148 2636 274 2681 erat.''
491 2638 495 2646 ’

199 2692 229 2717 ⁵⁶
256 2689 472 2731 Moravium
492 2688 698 2729 ambitione
725 2692 917 2728 ardentem
935 2687 1012 2727 sce-

1026 710 1141 747 lerate
1173 703 1328 755 re'gnum
1359 703 1560 755 appetiisse,
1591 703 1797 742 constanter
1816 717 1883 740 ne-

1028 771 1115 811 gant
1134 772 1264 799 omnes
1283 760 1354 796 fide
1382 758 1485 806 digni
1506 759 1622 803 Scoti,
1651 755 1886 806 quoscunque

1029 815 1127 852 mihi
1146 813 1285 863 alloqui
1304 813 1498 862 contigit3
1529 811 1645 848 etiam
1681 811 1721 855 ii,
1753 811 1886 859 quibus

1030 869 1170 917 alioqui
1206 865 1399 903 Moravius
1434 868 1480 902 ob
1516 865 1708 912 religionis
1741 863 1889 901 causam

1030 923 1173 960 summe
1192 919 1329 957 invisus
1364 928 1442 956 erat
1464 933 1476 968 3
1506 931 1593 955 nam
1625 919 1748 956 virum
1783 917 1889 954 fuiffe

1031 976 1179 1013 aiebant
1211 983 1312 1013 extra
1336 973 1527 1021 religionis
1555 971 1699 1013 causam
1723 971 1766 1007 ab
1785 970 1891 1008 omni

1033 1029 1255 1073 ambitione,
1275 1027 1443 1072 avaritia,
1476 1029 1511 1063 δε
1530 1027 1568 1063 iu
1590 1038 1800 1074 quenquam
1832 1025 1893 1060 in·

1031 1081 1133 1134 juria
1151 1082 1333 1125 alienum,
1363 1080 1513 1124 virtute,
1533 1087 1728 1125 comitate,
1754 1077 1894 1115 benefi-

1038 1136 1175 1182 centia,
1214 1136 1373 1182 vitaeque
1402 1134 1617 1171 innocentia
1646 1133 1898 1181 praestantcm,

1040 1194 1075 1227 &
1093 1190 1157 1240 qui
1176 1189 1242 1226 nisi
1261 1187 1399 1232 fuiss‘et,
1419 1201 1492 1234 eos,
1510 1187 1573 1236 qui
1586 1196 1775 1235 tantopere
1795 1198 1898 1222 mora

1034 1253 1144 1282 tuum
1165 1242 1365 1290 exagitant,
1382 1241 1579 1286 (Iacobum
1594 1240 1735 1277 sextum
1749 1236 1917 1288 innuit}

1035 1297 1147 1335 hodie
1179 1295 1338 1332 minime
1376 1307 1500 1332 rerum
1536 1294 1714 1344 potituros
1744 1292 1897 1329 fuiffe.’'

1037 1353 1144 1389 Idem
1163 1347 1348 1386 Thuanus
1366 1348 1405 1385 in
1426 1348 1574 1398 epistola
1589 1349 1632 1384 ad
1647 1347 1898 1393 Camdenum,

1038 1403 1186 1442 Parifiis
1207 1403 1325 1453 pridie
1343 1403 1427 1438 Cal.
1448 1402 1583 1439 Sextil.
1610 1400 1724 1438 1606.

1096 1459 1183 1495 The
1202 1457 1350 1504 general
1369 1455 1544 1504 affeinbly
1576 1456 1660 1492 that
1691 1461 1769 1491 met
1793 1463 1828 1490 at
1847 1453 1901 1491 E·

1042 1510 1230 1558 dinburgh
1249 1509 1289 1547 in
1308 1509 1515 1546 December
1531 1509 1646 1560 1567,
1660 1508 1700 1544 in
1719 1507 1818 1544 their
1837 1508 1904 1544 last

1045 1564 1170 1602 seffion
1191 1563 1386 1612 appointed
1409 1576 1428 1598 a
1447 1563 1558 1599 letter
1575 1571 1612 1598 to
1632 1561 1675 1598 be
1695 1570 1843 1608 written
1864 1572 1904 1598 to

1045 1619 1126 1655 fvit.
1146 1616 1334 1660 Winock,
1354 1617 1394 1653 in
1412 1615 1538 1652 which
1559 1615 1659 1652 their
1677 1614 1783 1651 chief
1795 1628 1910 1661 argu·

1046 1681 1153 1708 ment
1166 1679 1204 1708 to
1218 1669 1389 1719 persuade
1405 1669 1489 1705 him
1503 1678 1540 1706 to
1556 1679 1682 1705 return
1701 1668 1905 1715 fromEng-

1047 1726 1172 1772 gland,
1192 1724 1223 1760 is
1240 1723 1304 1760 the
1319 1724 1395 1760 earl
1413 1723 1457 1759 of
1471 1722 1659 1771 Murray's
1677 1723 1771 1758 most
1791 1753 1794 1755 .
1811 1721 1907 1758 mia-

1050 1779 1109 1816 ble
1132 1777 1322 1815 charaeta·
1350 1790 1359 1814 ε
1407 1780 1435 1798 “
1457 1778 1545 1814 And
1576 1777 1690 1812 above
1721 1774 1817 1820 all,’²
1842 1775 1909 1824 say

1051 1832 1155 1881 they,
1177 1833 1205 1853 “
1223 1844 1242 1867 a
1261 1830 1368 1878 godly
1383 1831 1605 1877 magistrate,
1626 1829 1752 1866 whom
1771 1829 1855 1865 God
1870 1828 1915 1865 of

1053 1885 1115 1923 his
1131 1885 1271 1922 eternal
1290 1885 1360 1920 and
1379 1883 1560 1933 heavenly
1578 1883 1796 1932 providence
1816 1882 1915 1921 bath.

1054 1938 1217 1976 reserved
1237 1947 1274 1974 to
1294 1937 1369 1973 this
1388 1951 1467 1985 age,
1500 1946 1537 1973 to
1571 1945 1639 1986 put
1657 1937 1695 1973 in
1715 1937 1911 1973 execution

1055 1991 1284 2031 whatsoever
1301 1990 1349 2027 he
1368 1991 1412 2039 by
1432 1991 1492 2027 his
1511 1992 1582 2027 law
1601 1989 1913 2027 commandeth.”

1059 2048 1126 2084 See
1145 2044 1220 2082 also
1253 2044 1311 2082 his
1345 2045 1538 2082 character
1573 2057 1609 2081 as
1631 2046 1757 2081 drawn
1793 2043 1838 2091 by
1870 2042 1917 2080 fir

1058 2101 1185 2152 James
1205 2098 1344 2135 Melvil
1364 2099 1434 2135 and
1452 2097 1671 2146 archbishop
1687 2095 1913 2147 Spotswood.

1061 2157 1088 2178 ‘-‘
1110 2153 1198 2190 The
1217 2164 1394 2189 common
1412 2164 1513 2189 news
1534 2150 1615 2188 that
1634 2152 1653 2189 Ι
1669 2150 1828 2196 heard,''
1845 2150 1921 2198 says

1060 2207 1140 2244 Mt,
1160 2206 1285 2257 James
1302 2205 1440 2242 Melvil
1452 2205 1491 2242 in
1507 2205 1566 2242 his
1585 2207 1774 2249 memoirs,
1790 2208 1815 2226 “
1831 2206 1920 2240 dur-

1059 2261 1126 2309 ing
1145 2261 1208 2297 the
1226 2268 1303 2297 two
1320 2272 1420 2309 years
1441 2260 1458 2296 1
1479 2271 1552 2296 was
1583 2268 1620 2296 at
1649 2260 1714 2295 the
1738 2259 1861 2299 stnool
1880 2258 1930 2296 of*

1062 2313 1271 2358 Montrose‚
1291 2326 1364 2350 was
1382 2312 1426 2349 of
1439 2312 1504 2350 the
1524 2321 1624 2361 great
1647 2311 1780 2365 praises
1797 2313 1840 2349 οἱ
1855 2311 1921 2349 the

1062 2375 1321 2416 government‚
1341 2367 1411 2403 and
1428 2366 1468 2404 in
1486 2369 1570 2412 end,
1591 2366 1655 2403 the
1675 2367 1789 2415 heavy
1810 2378 1922 2403 moan

1065 2422 1137 2458 and
1155 2420 1283 2470 pitiful
1316 2428 1437 2468 regret
1466 2433 1601 2468 among
1620 2432 1708 2457 rnen
1738 2420 1778 2456 in
1796 2421 1848 2457 all
1867 2418 1925 2457 es-

1065 2474 1159 2512 tates
1180 2474 1237 2511 for
1255 2472 1320 2510 the
1339 2473 1535 2514 traiterous
1554 2477 1705 2510 murder
1732 2472 1777 2510 of
1797 2475 1926 2525 James

1067 2529 1147 2570 earl
1164 2527 1208 2566 of
1222 2527 1392 2578 Murray,
1412 2528 1533 2566 called
1555 2526 1622 2566 the
1639 2529 1733 2578 good
1750 2536 1893 2577 regent·

1583 3643 1959 3721 RERUM
