2025 3831
449 118 778 191 Lisai<
851 111 1539 179 UNnEchth.
1628 135 1633 138 <
1739 129 1873 192 325

16 256 22 273 2
98 242 148 277 re
170 225 454 273 decreveram
479 234 492 262 z
529 229 678 276 neque
696 211 793 272 post
811 212 860 259 id
884 223 1064 275 tempus
1083 212 1179 259 ullo
1200 209 1297 256 sum
1333 207 1403 254 isti
1431 207 1620 255 faitioni
1648 209 1873 260 beneficio

19 325 26 344 t
98 290 352 340 obstrictus,
376 298 455 329 cur
475 276 777 326 intermittere
799 293 895 323 rem
918 277 1144 330 affeEtam,
1180 280 1360 338 &pene
1381 272 1636 320 confe&am
1660 276 1878 323 debeam.

99 357 175 404 De
194 351 326 401 minis
359 345 450 394 istis
484 344 571 390 five
593 341 813 404 ipsorum,
838 341 925 388 five
949 341 1112 404 populi
1133 340 1217 402 ipsi
1245 336 1462 386 viderint.
1531 339 1629 384 Vos
1658 341 1872 389 nunciate

98 435 175 466 me
195 433 285 464 non
307 410 476 464 verbis,
495 407 572 454 sed
593 405 731 453 armis
755 406 864 454 hinc
886 405 1147 452 submotum
1169 404 1244 451 iri.

162 478 334 528 XLIX.
367 477 438 522 Ita
465 472 629 537 legatis
653 487 701 517 re
737 470 908 518 infeEia
931 469 1133 524 dimiffis‚
1169 470 1279 516 dum
1299 469 1402 514 Rex
1425 466 1616 514 obsessos
1638 468 1874 527 omnibus,

96 562 198 608 quae
225 542 396 588 bellum
419 539 506 586 fert
530 537 678 590 maliS,
705 549 904 599 urgeret,
925 535 1167 582 Donaldus
1192 534 1429 581 Insulanus
1458 549 1570 606 curn
1588 550 1757 605 magna
1788 553 1874 597 po-

94 607 324 673 pularium
348 621 487 652 manu
509 603 557 649 in
596 602 734 647 castra
754 601 896 647 venit.
964 602 1026 655 Is,
1060 612 1109 648 ut
1144 598 1402 646 facinorum
1425 598 1656 660 superlore
1676 611 1774 644 vlta
1795 601 1876 648 ad-

95 672 326 720 missorum
349 669 600 717 faciliorem
624 665 854 712 obtineret
874 664 1076 721 veniam,
1108 664 1384 727 Regemque
1414 662 1496 709 fibi
1517 663 1701 727 penitus
1722 664 1878 726 placa-

93 749 181 793 ret,
205 737 250 783 ei
270 737 332 783 est
354 733 607 798 pollicituS,
646 731 677 777 fi
700 732 796 793 quo
813 729 1031 793 progredi
1062 730 1220 783 vellet,
1245 728 1452 790 quandiu
1472 726 1519 774 in
1544 727 1716 774 hostico
1739 729 1876 785 foret,

92 803 325 864 reliquum
348 797 599 847 exercitum
619 796 747 843 mille
767 796 917 858 pasius
947 795 1275 842 antecessarum
1298 811 1310 840 ε
1346 798 1386 840 &
1419 792 1642 856 asperiora
1680 810 1880 858 quaeque

94 866 302 931 pericula
324 863 582 928 principem
607 874 925 923 excepturum.
965 862 1102 907 quta
1122 861 1301 923 Regem
1328 859 1514 917 tendere
1529 857 1689 919 jussus,
1713 860 1878 907 cohor-

95 943 163 980 tes
184 931 362 994 aliquot
379 930 437 975 ad
455 926 746 991 populandos
765 942 897 989 agros
915 925 1077 973 emisit.
1146 924 1327 972 Eisdem
1352 923 1470 971 forte
1492 923 1656 971 diebus
1674 925 1879 972 Alexan-

96 997 179 1045 der
202 993 472 1043 Gordonius
496 990 749 1040 Huntilaeae
769 991 939 1037 Comes
959 1007 1099 1037 novas
1122 990 1278 1053 copias
1302 989 1511 1037 adduxit.
1546 988 1675 1036 Fecit
1693 1006 1747 1037 ea
1765 990 1879 1037 viri-

0 1071 3 1078 ’
47 1082 50 1085 ·
96 1078 178 1109 um
209 1060 410 1113 acceffio,
453 1071 502 1104 ut
542 1073 806 1120 quanquam
830 1072 909 1102 arx
932 1055 1107 1102 strenue
1135 1054 1472 1110 defenderetur,
1498 1057 1601 1103 Rex
1623 1055 1670 1102 in
1693 1071 1880 1119 oppug-

96 1126 252 1173 nando
276 1123 551 1187 pertinacior
572 1123 676 1167 effet
701 1139 713 1167 z
752 1127 792 1167 &
811 1136 915 1167 cum
940 1133 1072 1167 antea
1090 1120 1236 1183 magis
1258 1119 1453 1175 obsidio,
1473 1119 1614 1184 quam
1637 1137 1881 1184 oppugna-

100 1190 166 1237 tio
190 1191 311 1244 effet,
336 1189 598 1236 abundante
618 1185 917 1232 multitudine
935 1185 1054 1240 aliis,
1074 1198 1213 1247 atque
1242 1185 1342 1231 aliis
1367 1185 1415 1231 in
1436 1185 1644 1233 stationes
1663 1186 1881 1251 deinceps

98 1253 445 1301 succedentibus
461 1250 954 1316 pr2efidiarii,quorum
971 1250 1068 1311 jam
1088 1250 1224 1296 multi
1245 1243 1523 1305 ceciderant,
1551 1252 1703 1312 plures
1716 1252 1882 1299 vulne-

99 1319 226 1367 ribus
242 1318 380 1366 saucii
400 1318 604 1372 inutiles,
621 1315 787 1378 reliqui
808 1315 1042 1363 laboribus
1066 1315 1265 1370 affiduis,
1282 1321 1321 1361 δε
1336 1315 1508 1379 vigiliis
1531 1315 1710 1380 fatigati
1733 1329 1882 1375 erant,

100 1384 326 1448 paulatim
342 1383 398 1429 ad
417 1383 622 1446 pericula
633 1380 812 1444 segnius
827 1392 1115 1427 accurrerent
1132 1398 1143 1426 :
1164 1381 1331 1444 quibus
1348 1394 1396 1427 ut
1410 1380 1554 1441 major
1569 1396 1711 1429 terror
1720 1383 1883 1430 admo-

102 1461 301 1505 veretur,
315 1464 416 1512 pars
440 1447 560 1495 muri
590 1445 862 1494 Bombardis
889 1445 1060 1497 ferreis,
1076 1450 1274 1509 quorum
1290 1446 1465 1506 (1)tum
1489 1463 1682 1510 magnus
1698 1453 1738 1494 δε
1765 1448 1882 1505 usus,

102 1520 145 1562 ἅτ
166 1528 313 1561 metus
333 1525 447 1568 erat,
471 1514 599 1576 quati
616 1511 747 1573 juffa,
803 1510 878 1557 Ibi
902 1511 1013 1558 dum
1038 1513 1139 1558 Rex
1157 1511 1348 1574 propius
1375 1525 1423 1558 ut
1445 1512 1631 1567 arbiter,
1658 1516 1708 1561 δε
1730 1517 1888 1570 exau,

100 1594 155 1624 or
173 1578 342 1625 laboris
364 1578 512 1632 instat,
536 1593 626 1623 una
647 1576 672 1622 ἐ
692 1576 917 1622 machinis
937 1576 1161 1623 violentia
1175 1576 1299 1640 ignis
1316 1577 1497 1624 interne
1519 1577 1710 1624 furentis
1729 1578 1884 1626 excus-

103 1641 149 1690 so
174 1660 320 1690 cuneo
338 1644 516 1702 ligneo,
552 1640 727 1688 caeteris
749 1640 896 1687 illaefis
920 1642 1098 1705 Regem
1121 1642 1170 1689 in
1194 1656 1358 1688 terram
1383 1643 1612 1704 dejektum
1635 1636 1781 1691 ffatim
1804 1661 1885 1691 ex·

101 1708 291 1760 animat.
373 1701 444 1754 Ex
467 1705 645 1761 aulicis,
671 1703 755 1768 qui
774 1706 984 1769 proxime
1006 1707 1251 1760 astiterant,
1294 1708 1372 1753 etsi
1396 1707 1636 1771 inopinato
1656 1709 1756 1755 casu
1782 1714 1897 1772 per-⁷

101 1773 211 1820 culfi
234 1784 364 1820 erant
388 1791 399 1819 :
433 1784 604 1827 tamen,
630 1788 687 1818 ne
709 1771 853 1835 Regis
877 1784 1022 1819 morte
1044 1774 1197 1836 palam
1221 1772 1355 1826 faeta,
1390 1773 1557 1837 vulgus
1587 1773 1885 1832 dilaberetur,

101 1852 269 1900 eorpus
291 1838 462 1885 velant.
531 1836 731 1900 Regina,
755 1853 860 1899 quae
882 1853 937 1883 eo
957 1838 1055 1900 ipso
1077 1837 1152 1884 die
1173 1837 1223 1885 in
1245 1839 1383 1885 castra
1399 1850 1603 1894 venerat,
1628 1840 1750 1888 haud
1771 1858 1887 1904 qua-

105 1918 245 1965 quam
271 1902 487 1951 muliebri
514 1902 669 1949 animo
699 1901 877 1965 dejefta
905 1902 952 1948 in
978 1904 1144 1959 laetus,
1169 1919 1380 1966 proceres
1400 1916 1642 1952 convocat.
1710 1905 1887 1953 Horta-

24 2003 27 2005 ·
102 1979 179 2014 tur
203 1979 252 2014 ut
273 1967 428 2015 animo
452 1969 575 2015 bono
598 1968 682 2014 fint
709 1985 719 2014 ε
754 1985 844 2014 neu
869 1967 1001 2015 unius
1021 1968 1221 2015 hominis
1245 1968 1346 2014 casu
1366 1982 1435 2016 tot
1467 1970 1555 2017 viri
1571 1970 1711 2017 fortes
1735 1972 1887 2019 deter-

104 2031 185 2078 riti
208 2049 303 2079 rem
339 2049 457 2096 pene
494 2033 553 2079 ad
575 2032 750 2080 exitum
774 2033 1017 2080 deduftam
1042 2033 1239 2097 turpiter
1272 2034 1492 2083 deserant.
1578 2036 1635 2082 Se
1656 2034 1704 2082 in
1731 2036 1888 2085 locum

106 2096 312 2144 defunffiti
335 2100 514 2158 Regem
538 2097 680 2145 alium
699 2097 829 2146 brevi
850 2099 1165 2146 adduc‘turam.
1200 2100 1382 2146 Interea
1402 2099 1531 2154 omni
1549 2113 1769 2163 apparatu
1788 2103 1889 2149 bel-

104 2159 141 2207 li
164 2161 338 2208 hostem
369 2162 646 2226 urgendum,
684 2179 741 2209 ne
765 2176 912 2211 morte
933 2162 1222 2225 imperatoris
1244 2164 1479 2212 intellecta
1499 2165 1698 2212 ferocior
1719 2166 1890 2213 efficia-

103 2235 197 2280 tur,
224 2232 265 2273 &
303 2226 351 2273 in
384 2227 518 2273 unius
556 2226 758 2273 hominis
799 2240 944 2274 morte
978 2241 1047 2275 tot
1066 2229 1272 2276 virorum
1302 2228 1495 2277 fortium
1516 2231 1648 2278 fimul
1671 2230 1891 2283 virtutem

104 2290 357 2343 extinctam
378 2291 618 2338 existimet.
671 2292 880 2339 Pudebat
902 2293 1022 2340 viros
1045 2294 1188 2341 animi
1213 2294 1535 2358 magnitudine
1556 2293 1584 2343 a
1604 2295 1798 2344 foemina
1817 2298 1889 2345 su-

105 2356 274 2420 perari.
344 2357 514 2403 Arcem
536 2356 682 2419 igitur
702 2357 853 2403 adorti
874 2357 975 2405 sunt
997 2371 1122 2406 tanta
1148 2360 1195 2406 vi
1218 2376 1507 2424 oppugnare,
1532 2373 1582 2408 ut
1603 2376 1765 2409 neutra
1785 2380 1890 2425 pars

107 2421 289 2483 Regem
312 2422 456 2468 abesse
478 2421 674 2469 senserit.
743 2423 926 2470 Interea
946 2425 1090 2488 RegIs
1112 2424 1231 2471 filius
1255 2426 1449 2474 Iacobus
1472 2427 1643 2489 septem
1663 2443 1891 2476 annorum

99 2501 223 2549 puer
255 2485 304 2533 in
335 2487 474 2534 castra
509 2487 734 2548 addue‘tus
773 2489 877 2535 Rex
898 2487 1151 2536 salutatur:
1199 2506 1285 2537 nec
1307 2492 1443 2538 multi
1464 2492 1747 2539 intercessere
1771 2493 1890 2548 dies,

108 2565 217 2597 cum
241 2550 404 2614 Angli,
425 2552 505 2614 qui
528 2552 576 2598 in
599 2551 808 2615 praesidio
826 2565 972 2607 erant,
992 2553 1246 2610 laboribus,
1264 2562 1304 2603 δε
1322 2555 1495 2620 vigiliis
1518 2557 1717 2605 confesti
1738 2574 1891 2608 arcem

105 2630 243 2663 novo.
269 2616 392 2680 Regi
429 2616 723 2674 dediderunt,
764 2618 887 2680 paeri
920 2630 971 2665 ut
999 2619 1256 2667 incolumes
1292 2621 1367 2668 sua
1398 2622 1550 2670 secum
1576 2635 1890 2685 exportarent.

107 2680 210 2730 Arx
231 2698 289 2728 ne
310 2681 478 2729 iterum
500 2681 630 2729 causa
648 2682 761 2730 belli
781 2683 917 2739 foret,
941 2683 1036 2731 solo
1066 2697 1288 2748 aequatur.

172 2746 230 2793 L.
267 2746 411 2793 Hunc
434 2747 572 2794 finem
592 2746 700 2794 vitae
725 2748 890 2795 habuit
912 2749 1104 2796 Iacobus
1125 2750 1365 2808 secundus,
1390 2769 1511 2800 anno
1535 2751 1561 2799 a
1584 2752 1765 2801 Christo
1783 2766 1893 2803 nato

112 2822 135 2856 1
153 2809 284 2872 460,
317 2827 411 2859 non
433 2812 590 2859 multis
612 2825 719 2860 ante
753 2814 1082 2876 aequinoffium
1110 2818 1323 2864 autumni
1353 2817 1515 2865 diebus
1540 2836 1552 2865 ε
1604 2818 1745 2868 aetatis
1767 2836 1895 2870 anno

111 2889 192 2937 29,
222 2877 461 2939 postquam
482 2894 673 2942 regnare
693 2889 898 2942 coeperat
921 2897 998 2943 23.
1016 2896 1017 2899 ’
1060 2881 1251 2945 Semper
1271 2882 1300 2929 a
1319 2882 1518 2946 pueritia
1538 2884 1661 2932 bella
1679 2884 1897 2934 domesti-

110 2952 184 2992 ca,
211 2938 261 2988 &
282 2952 471 2989 externa
491 2959 596 2989 eum
618 2958 936 2992 exercuerunt.
993 2946 1060 2993 Ea
1076 2948 1393 2996 moderatione
1414 2947 1559 2997 animi
1577 2966 1647 2997 res
1666 2950 1895 3008 adversas,

112 3002 407 3065 &prosperas
426 3006 620 3055 tulerat:
643 3026 698 3056 ea
719 3009 867 3057 fuerat
883 3009 933 3057 in
954 3011 1100 3058 hostes
1119 3011 1408 3070 fortitudine,
1430 3014 1479 3061 in
1496 3014 1678 3063 deditos
1690 3015 1896 3064 clemen-

108 3064 192 3120 tia,
220 3079 269 3114 ut
291 3069 540 3119 maximum
563 3072 630 3119 sui
652 3073 926 3123 desiderium
951 3073 1075 3139 apud
1095 3090 1255 3125 omnes
1279 3078 1464 3127 ordines
1480 3080 1740 3143 reliquerit.
1801 3079 1897 3129 E6·

107 3147 202 3194 que
221 3133 282 3179 est
305 3131 398 3180 visa
418 3151 540 3182 mors
562 3139 784 3195 acerbior,
805 3140 936 3204 quod
955 3140 1006 3188 in
1020 3140 1228 3202 juventae
1250 3143 1362 3190 flore
1385 3156 1455 3192 tot
1476 3145 1894 3200 malis'defunfitus,

110 3194 219 3243 cum
239 3196 414 3244 summa
435 3200 491 3246 de
512 3198 760 3251 virtutibus
781 3205 820 3266 ej
830 3222 879 3252 us
896 3206 1003 3253 effet
1018 3207 1295 3269 expectatio,
1319 3222 1509 3272 repente
1526 3210 1725 3259 deceffit.
1795 3212 1898 3263 Au-

114 3258 183 3309 xit
216 3260 313 3328 ejus
336 3261 608 3312 desiderium
633 3265 716 3313 filii
737 3270 872 3318 rebus
893 3270 1109 3336 gerendis
1145 3284 1252 3322 aetas
1286 3273 1534 3323 immatura
1556 3274 1897 3339 reputantibus,

107 3339 337 3396 quantum
372 3327 678 3390 superioribus
712 3333 881 3398 viginti
907 3336 1039 3384 annis
1075 3338 1302 3388 malorum
1326 3340 1649 3402 Pertuliffent3
1696 3355 1898 3403 quorum

114 3391 343 3464 incendiis
363 3394 570 3466 nondum
591 3395 730 3459 plane
747 3399 983 3457 minuetis,
999 3417 1057 3449 ex
1077 3403 1302 3464 praeteriti
1318 3404 1540 3472 temporis
1558 3403 1897 3462 recordatione.

112 3448 340 3517 sequentis
362 3457 570 3506 divinare
591 3461 714 3523 pofl'e
737 3463 898 3514 statum
917 3466 1002 3515 fibi
1022 3466 1317 3520 videbantur·

169 3577 249 3638 (1),
262 3584 354 3626 scii.
369 3587 683 3638 Tormentorum,
