1992 3801
119 170 245 238 392
411 151 770 217 RERUM
877 151 1627 223 ScoTICARuM'

112 248 338 311 glaflianae
363 247 573 296 factionis
589 249 770 312 juvenis
794 247 981 300 nobilis,
1019 254 1058 295 δε
1082 249 1238 310 magni
1261 247 1403 295 animi
1428 251 1498 310 (1)
1525 249 1743 298 Iacobum
1769 251 1885 300 Αἰξ-

111 311 201 359 niae
226 311 426 360 Comitis
449 314 593 361 filium
619 314 810 360 nothum
849 312 896 359 in
921 311 1087 358 itinere
1109 314 1334 374 aggressus
1358 313 1563 377 quinque
1585 315 1805 363 comitum
1837 335 1899 364 e-<

104 376 180 439 jus
203 376 375 424 occidit
396 396 407 425 :
441 378 644 440 reliquos
667 377 845 440 fugavit
872 396 881 423 :
918 377 1052 438 supra
1075 376 1264 438 triginta
1286 395 1429 439 equos
1452 380 1606 440 caepit.

174 442 284 488 ΧΙῘ.
330 443 451 489 Cum
466 442 803 504 Edimburgum
817 455 1067 487 conventus
1082 441 1185 486 effer
1202 439 1399 489 indictus
1415 441 1460 487 iu
1479 444 1661 489 tertium
1676 443 1887 491 calendas

109 504 280 558 Maias,
305 507 412 552 anni
436 505 677 552 'millesimi
696 505 1053 568 quingentesimi
1086 505 1293 566 vigesimi
1320 523 1331 551 ε
1365 506 1739 569 Hamiltoniique
1762 508 1889 553 dice-

109 581 228 624 rent,
256 570 295 617 se
314 572 393 631 ⁴(2)
419 569 703 617 Archibaldo
735 569 970 632 Duglaffio
993 570 1209 630 praefecto
1233 586 1323 616 non
1349 570 1449 616 satis
1472 570 1517 615 in
1544 588 1597 616 ea
1622 575 1730 618 urbe
1767 583 1886 618 tutos

110 634 306 691 futuros,
327 636 405 682 ille
429 651 484 681 ne
508 634 552 679 in
580 651 704 680 mora
730 634 925 696 puhlicis
951 633 1148 697 negotiis
1168 635 1287 688 esset,
1313 633 1393 681 sub
1415 635 1551 682 finem
1575 635 1733 682 mensis
1758 634 1888 682 Mar-

110 698 165 745 tii
188 699 229 746 se
253 699 513 761 magistratu
534 699 690 761 sponte
714 698 961 745 abdicavit.
1033 700 1254 745 Suffetius
1276 698 1318 745 ei
1340 697 1544 745 indidem
1570 699 1683 746 civis
1707 700 1891 746 Rober-

32 799 36 802 -
110 775 181 810 tus
203 765 433 828 Loganus.
492 765 733 810 Scotorum
756 759 1113 810 occidentalium
1140 779 1366 820 proceres,
1391 763 1469 826 qui
1495 764 1753 826 frequentes
1778 781 1889 811 con-

109 842 346 881 venerant,
383 829 428 874 in
457 828 574 873 aedes
599 826 757 874 iacobi
782 827 962 874 Betonii
987 827 1263 874 Cancellarii
1285 828 1525 873 convocati
1553 829 1791 876 confilium
1815 831 1887 875 in-

109 905 222 939 eunt
246 894 303 938 de
327 892 513 939 Comite
537 893 752 954 Angusiae
773 893 1223 954 comprehendendo.
1293 891 1402 951 Ejus
1437 893 1557 938 enim
1575 910 1683 954 opes
1704 893 1887 948 nimias,

108 960 162 1005 ὃς
186 957 370 1019 publice
393 955 707 1003 formidolosas
731 956 1043 1008 causabantur,
1067 972 1214 1016 neque
1238 955 1320 1001 illo
1340 954 1484 1000 libero
1508 956 1753 1017 quicquam
1775 959 1889 1002 iibe-

107 1036 156 1067 re
180 1021 361 1067 decerni
385 1022 520 1082 posse.
559 1021 750 1066 Occasio
769 1018 956 1083 quoqu‘e
973 1018 1215 1067 videbatur
1236 1035 1392 1066 eorum
1413 1019 1884 1082 cupiditatisubservi·

36 1115 38 1119 .
107 1101 175 1139 re,
199 1086 324 1147 quod
348 1084 620 1147 propinquis
641 1085 844 1131 nondum
870 1086 1039 1131 coaftis
1059 1083 1169 1146 ipse,
1191 1099 1295 1130 cum
1318 1084 1475 1145 paucis
1494 1085 1731 1131 clientium
1753 1086 1889 1133 facile
1952 1089 1954 1091 ’

107 1151 251 1212 poffct
272 1149 491 1212 opprimi,
523 1161 768 1212 antequam
792 1149 1045 1196 amicorum
1069 1148 1237 1195 auxilia
1261 1148 1452 1195 coirent.
1522 1151 1575 1195 Id
1615 1151 1691 1196 ille
1717 1167 1818 1196 cum
1842 1168 1889 1196 a·

109 1213 248 1276 gitari
269 1214 476 1268 sensisset,
513 1229 725 1276 patruum
766 1213 893 1260 suum
919 1213 1175 1260 Galvinum
1213 1211 1574 1260 Caledoniorum
1610 1214 1886 1278 Episcopum

109 1278 168 1324 ad
191 1294 268 1325 eos
291 1279 428 1333 misit,
454 1279 536 1342 qui
551 1277 735 1325 animos
758 1291 915 1325 eorum
942 1279 1068 1325 nulla
1092 1293 1364 1341 provocatos
1387 1278 1554 1338 injuria
1575 1279 1738 1325 leniret
1763 1297 1773 1325 2
1809 1295 1891 1342 pe-

110 1353 317 1405 teretque
352 1357 402 1390 u't
425 1344 515 1390 fine
537 1343 697 1398 armis,¹
716 1348 756 1390 &
778 1343 824 1389 vi
861 1343 1200 1406 disceptaretur.
1271 1343 1318 1388 Si
1341 1342 1453 1405 quid
1484 1344 1546 1389 de.
1564 1343 1605 1400 se
1627 1343 1755 1406 queri
1787 1344 1892 1403 jure

108 1408 300 1463 vellent,
326 1408 368 1454 se
391 1421 600 1469 paratum
624 1425 680 1455 ex
700 1424 833 1471 aequo
858 1414 898 1455 «Sc
922 1408 1045 1454 bono
1069 1406 1339 1454 satisfacere.
1410 1408 1497 1453 Sed
1524 1407 1670 1453 oratio
1690 1407 1892 1454 habeba·

111 1483 185 1518 tur
214 1473 336 1535 apud
361 1473 570 1524 homines
594 1488 787 1520 numero
809 1472 1002 1527 feroces,
1039 1477 1079 1519 δι
1103 1472 1278 1518 viribus
1302 1470 1458 1525 fretos„
1486 1478 1524 1519 δε
1552 1472 1736 1519 ultionis
1761 1473 1892 1536 cupi-

111 1537 210 1582 dos.
281 1539 445 1600 Itaque
466 1537 694 1585 Galvinus
719 1553 823 1584 cum
841 1537 958 1584 nihil
981 1536 1104 1600 ‘aequi
1127 1537 1408 1599 impetraret,
1436 1537 1664 1583 declarata
1685 1539 1890 1599 Angusto

107 1600 403 1648 inimicorum
423 1602 633 1664 superbia
654 1600 876 1649 familiam
897 1602 1019 1648 suam
1046 1602 1279 1648 Comitem
1304 1601 1428 1661 sequi
1448 1601 1582 1662 jussit.
1632 1602 1730 1656 Ipse
1757 1616 1804 1648 ut
1826 1601 1892 1649 sa-

108 1666 287 1721 cerd05‚
311 1667 593 1714 &invalidus
609 1679 742 1714 aetate
763 1666 810 1713 in
823 1665 1069 1728 hospitium
1087 1666 1265 1713 seceffit.
1305 1665 1401 1713 Alii
1418 1667 1465 1712 id
1485 1667 1542 1712 ab
1565 1683 1619 1713 eo
1635 1667 1800 1713 fafitum
1821 1667 1892 1713 in·

105 1732 492 1793 terpretabantur,
515 1744 563 1780 ut
585 1733 656 1795 (3)
674 1730 964 1779 Cancellario
982 1731 1343 1794 intempestivam
1365 1730 1708 1778 ostentationem
1727 1748 1893 1794 expro-

108 1795 261 1842 braret
287 1814 297 1842 :
331 1797 412 1860 qui
444 1812 548 1843 cum
573 1796 773 1843 maxime
795 1795 917 1859 pacis
941 1799 1098 1853 auctor
1119 1796 1204 1842 effe
1226 1797 1463 1849 debuisset,
1505 1796 1633 1842 velut
1656 1796 1893 1843 seditionis

107 1859 186 1905 fax
210 1860 423 1908 volitaret
445 1874 658 1908 armatus.
729 1857 991 1924 Duglassius
1015 1861 1090 1923 spe
1114 1859 1374 1907 concordiae
1397 1859 1579 1906 abscissa
1601 1860 1702 1907 suos
1726 1862 1893 1906 adhor-

106 1936 245 1978 tatus,
276 1938 326 1972 ut
353 1940 460 1973 cum
491 1926 625 1973 laude
652 1926 805 1989 potius
840 1938 1142 1979 morerentur,
1167 1942 1304 1987 quam
1330 1942 1410 1988 per
1439 1923 1669 1987 ignaviam
1687 1924 1728 1972 se
1752 1927 1892 1971 abde·

107 2000 210 2035 rent
229 1989 275 2035 in
297 1990 507 2053 hospitia,
527 1991 648 2038 unde
671 1991 809 2054 paulo
829 1990 1004 2054 posttad
1026 1989 1300 2053 supplicium
1328 1989 1716 2053 protraherentur.
1765 1990 1892 2037 Nam

77 2086 80 2090 ,
107 2052 406 2102 inimicorum
430 2072 568 2117 opera
584 2056 678 2116 jam
705 2066 877 2118 portas,
903 2054 1151 2117 omnesque
1173 2053 1322 2101 aditus
1348 2053 1605 2116 praeclusos.
1639 2054 1891 2109 Omnibus,
1950 2067 1953 2072 ’

110 2117 192 2181 qui
214 2118 402 2167 aderant
425 2119 783 2172 assentientibus,
809 2133 1008 2167 armatus
1031 2135 1136 2166 cum
1159 2117 1244 2165 suis
1269 2119 1528 2166 latiffimum
1551 2119 1717 2181 oppidi
1739 2119 1895 2166 vicum

109 2196 324 2245 occupat.
391 2186 534 2232 Erant
564 2198 717 2232 autem
742 2183 787 2232 ei
809 2184 1000 2232 comites
1034 2183 1216 2230 circiter
1237 2183 1490 2247 oc’toginta‚
1528 2183 1603 2229 sed
1625 2199 1783 2230 omnes
1807 2183 1895 2230 viri

109 2248 269 2303 fortes,
305 2253 355 2298 ὅτ
375 2250 559 2297 virtutis
583 2262 782 2312 expertae
812 2267 822 2295 ε
849 2249 898 2296 hi
919 2265 1003 2312 pro
1027 2248 1118 2295 loci
1140 2249 1314 2295 ratione
1337 2247 1467 2294 divisi
1490 2248 1635 2294 hostes
1659 2265 1740 2311 per
1763 2248 1896 2312 angi-

108 2325 328 2376 portuum
351 2315 576 2377 angustias
599 2314 808 2377 pluribus
829 2314 960 2361 simul
982 2313 1095 2360 locis
1112 2314 1390 2376 prodeuntes
1409 2325 1705 2375 exceperunt,
1728 2319 1767 2361 Sc
1802 2311 1920 2375 pri-s

109 2378 200 2424 mis
234 2378 524 2440 interemptis
548 2380 750 2442 reliquos
773 2378 916 2426 ruinae
943 2377 1083 2424 modo
1116 2394 1199 2439 per
1220 2394 1365 2441 prona
1397 2390 1518 2424 retro
1552 2378 1892 2440 compulerunt.
1951 2428 1953 2439 y

112 2442 285 2489 Comes
312 2444 495 2490 Araniae
519 2445 630 2491 Dux
653 2443 964 2490 multitudinis
987 2459 1092 2489 cum
1115 2444 1287 2489 Iacobo
1307 2443 1401 2490 filio
1423 2442 1591 2488 vadum
1617 2444 1789 2497 nafilus,
1815 2459 1896 2504 per

112 2505 690 2569 lacurnseptentrionalem
709 2508 847 2555 evasit
872 2526 884 2555 ε
917 2506 1084 2571 reliqui
1107 2504 1202 2553 fere
1223 2524 1305 2570 per
1325 2505 1546 2556 diversam
1573 2504 1695 2552 urbis
1719 2518 1894 2569 partem

111 2570 169 2617 ad
208 2571 542 2619 Dominicanos
566 2573 891 2637 profugerunt.
960 2573 1079 2620 Haee
1101 2571 1212 2617 dum
1235 2571 1414 2636 ingenti
1436 2587 1542 2617 cum
1577 2572 1777 2617 tumultu
1814 2588 1896 2634 per
1965 2589 1968 2592 ·

112 2645 257 2682 totam
282 2636 444 2684 urbem
466 2650 705 2700 geruntur,
732 2637 998 2685 Gulielmus
1019 2635 1215 2699 Angufii
1237 2635 1374 2683 frater
1395 2646 1500 2683 curn
1525 2650 1693 2697 magna
1715 2634 1898 2684 clienti-

115 2717 192 2746 um
216 2717 354 2748 manu
376 2700 651 2766 ingreditur.
719 2703 786 2749 Ea
808 2699 1106 2749 multitudine
1128 2696 1390 2764 Duglassius
1413 2699 1573 2755 fretus,
1605 2699 1714 2746 licet
1737 2699 1895 2747 multi-

112 2765 222 2827 plex
245 2765 439 2813 hostium
470 2783 686 2819 numerus
707 2767 755 2814 in
792 2767 904 2814 urbe
932 2768 1055 2822 esset,
1085 2777 1167 2828 per
1188 2765 1440 2811 tubicinem
1465 2776 1620 2811 tamen
1641 2763 1802 2821 edicit,
1839 2781 1897 2812 ne
1965 2805 1969 2809 .

113 2827 217 2889 quis
251 2829 299 2877 in
334 2829 524 2893 publico
546 2843 709 2894 praeter
746 2831 845 2878 suos
877 2832 1067 2884 amicos,
1104 2830 1155 2879 St
1178 2829 1368 2877 clientes
1402 2840 1602 2875 armatus
1640 2840 1894 2892 appareret.

115 2893 308 2941 Caeteris
330 2895 613 2959 petentibus,
637 2907 690 2944 ut
711 2897 802 2943 fine
823 2895 992 2958 inJ'uria
1017 2893 1248 2941 discedere
1275 2894 1437 2941 liceret
1459 2893 1595 2941 facile
1617 2894 1894 2956 permiffutm
1929 2951 1933 2953 ⁴
1986 2890 1992 2896 ’

114 2955 346 3006 Abierunt
378 2971 533 3007 autem
557 2977 650 3007 uno
683 2960 869 3025 agmine
890 2971 1057 3023 praeter
1087 2973 1182 3014 eos,
1205 2957 1288 3021 qui
1318 2958 1479 3022 fugam
1511 2969 1828 3022 praeceperant
1847 2974 1898 3006 e-

113 3019 265 3081 quites
302 3023 405 3086 plus
430 3024 580 3072 minus
611 3023 867 3089 offingenti
891 3025 1062 3087 majore
1095 3038 1202 3070 cum
1231 3023 1507 3087 ignominia,
1543 3038 1683 3085 quam
1707 3022 1906 3072 damac..

113 3084 394 3135 Ceciderant
412 3088 535 3136 enim
560 3105 653 3136 non
688 3089 885 3153 amplius
907 3085 1195 3152 septuaginta
1227 3087 1407 3139 duobus
1428 3106 1441 3136 ι
1473 3087 1548 3136 sed
1571 3088 1619 3134 in
1637 3086 1708 3135 his
1731 3086 1817 3134 viri
1837 3085 1896 3140 il,-

112 3148 270 3198 Iustres
292 3152 364 3214 (4)
391 3153 591 3201 Comitis
614 3153 801 3201 Araniae
823 3154 979 3208 frater,
995 3158 1036 3201 δε
1057 3151 1327 3215 Eglentonii
1349 3152 1486 3200 filius.
1535 3152 1655 3200 Haec
1678 3151 1802 3215 gesta
1822 3149 1898 3198 fu-

112 3226 250 3262 erunt
267 3215 416 3280 pridie
440 3218 668 3266 Calendas
700 3217 839 3272 Maii,
863 3234 984 3266 anno
1006 3214 1249 3265 millefimo
1270 3216 1640 3282 quingentesimo
1661 3215 1895 3268 vicefimot
1960 3277 1961 3281 Ἰ

115 3277 254 3327 Hanc
270 3281 600 3330 coutumeliam
637 3293 690 3331 ut
713 3282 1052 3339 ulciscerentur,
1076 3279 1360 3330 Hamiltonii
1379 3282 1560 3333 Cellam
1584 3278 1798 3342 Mai-nuci
1821 3282 1895 3342 (ea
1945 3309 1947 3315 ‚

170 3408 234 3459 (1)
263 3410 322 3450 Sir
350 3413 475 3464 James
502 3411 704 3451 Hamilton
732 3411 778 3451 of
801 3412 974 3459 Pinum,
1030 3411 1123 3452 laird
1144 3411 1190 3449 of
1200 3411 1430 3463 Kilspindie.
1647 3452 1652 3456 ,

116 3463 254 3502 author
264 3466 310 3504 of
318 3465 384 3505 the
397 3466 510 3506 house
521 3466 566 3504 of
573 3466 782 3514 Avendale,
796 3467 840 3505 of
847 3469 975 3505 whom
1082 3465 1147 3517 (3)
1168 3466 1294 3518 James
1302 3466 1421 3504 Beton
1433 3465 1558 3516 bishop
1570 3465 1617 3504 of
1622 3466 1678 3503 St.
1697 3459 1893 3502 Andrews.

116 3516 232 3556 much
252 3517 282 3556 is
300 3519 440 3570 spoken
457 3519 656 3559 hereafter.
755 3549 757 3551 -
1086 3520 1150 3571 (4)
1180 3519 1240 3556 Sir
1270 3519 1428 3558 Patrick
1446 3520 1663 3566 Hamilton,
1695 3528 1717 3569 β
1745 3513 1893 3564 worthy
1952 3546 1953 3549 =

166 3569 236 3623 (2)
256 3573 379 3613 Uncle
395 3581 435 3614 to
463 3572 530 3614 the
548 3573 621 3614 ear!
652 3573 697 3613 of
716 3574 865 3624 Augus,
899 3573 976 3614 first
1031 3575 1102 3613 and
1120 3572 1264 3612 valiant
1274 3572 1492 3625 champion.

1766 3670 1913 3720 Φημ’
