1992 3801
132 175 264 243 334
448 160 810 226 RERUM
901 160 1603 228 ScoTrcARUM‘

131 261 172 301 Sc
195 252 518 315 preciofiffirnis
531 257 662 302 rebus
685 255 812 302 solita
829 255 907 313 est)
924 252 1200 303 infirmitatis
1217 255 1511 303 incommoda
1534 276 1544 304 :
1578 256 1772 321 ideoque
1793 276 1885 310 non

127 317 192 363 sui
213 319 482 381 protegendi
506 319 605 366 satis
628 332 859 382 potentem
885 319 931 364 in
954 319 1101 364 aliena
1125 319 1270 364 voluit
1290 321 1374 366 effe
1397 322 1611 368 custodia.
1660 323 1886 386 Adeoque

125 380 175 427 in
199 382 309 428 alios
333 382 578 446 imperium
621 400 710 429 non
734 383 877 436 dedit,
904 396 951 429 ut
974 383 1096 445 leges
1139 395 1344 429 naturam
1387 384 1575 439 imitatae
1597 385 1643 432 in
1667 403 1887 449 perpetua

123 458 383 508 parentum,
407 447 615 501 fratrum,
641 446 902 492 maritorum
928 447 1070 493 tutela
1087 446 1296 493 foeminas
1329 448 1412 494 effe
1429 448 1650 507 jufferint.
1718 452 1884 513 Neque

123 510 213 556 hoc
234 511 292 556 ad
314 528 466 558 earum
501 513 560 557 est
581 509 891 573 excogitatum
934 510 1252 574 ignominiam,
1279 511 1350 558 sed
1373 511 1626 559 infirmitati
1650 513 1886 564 inventum

123 575 395 622 remedium.
441 576 563 622 Nam
588 591 691 620 curn
715 591 787 621 eas
807 576 1020 638 negotiis,
1049 573 1213 637 quibus
1237 576 1336 621 sunt
1355 574 1568 637 impares,
1585 590 1722 632 arcet,
1750 580 1890 626 bene·

123 638 277 686 ficium
301 641 360 686 est
383 638 654 685 consulentis
676 638 858 702 pudori,
882 656 974 685 non
1004 640 1072 701 (1)
1096 639 1259 685 honori
1281 639 1568 687 detrectantis
1590 643 1884 692 contumelia.

121 703 235 750 Non
258 704 647 757 commemorabo,
687 702 825 767 quam
849 703 969 767 aegre
992 704 1204 750 cohibeat
1224 720 1296 750 eas
1324 703 1587 751 maritorum
1625 705 1884 770 diligentia,

124 772 166 814 &
187 781 426 831 parentum
449 767 704 814 auetoritaS.
773 768 883 814 Non
906 767 1162 822 recensebo,
1187 785 1279 830 quo
1311 766 1455 814 soluta
1474 767 1665 815 vinculis
1685 787 1886 832 quarun-

128 833 235 879 dam
259 831 442 879 licentia
461 831 736 895 proruperit.
804 834 870 877 Ea
893 845 1069 879 tantum
1101 832 1268 887 dicam,
1293 847 1383 878 non
1405 849 1508 894 quae
1546 833 1671 880 causa
1694 836 1886 896 praesens

121 897 273 952 offert,
297 897 372 944 sed
394 913 496 960 quae
513 895 661 958 exigit
686 913 697 940 ι
732 899 785 943 δέ
803 913 905 958 quae
929 897 1019 942 fine
1035 895 1190 942 fraude
1213 895 1398 958 publica
1418 910 1563 942 tacere
1583 913 1674 943 non
1692 900 1882 959 poffum.

123 959 169 1006 Si
190 978 280 1024 qua
296 961 344 1007 in
367 977 421 1006 eo
444 960 549 1006 sexu
577 960 675 1005 sunt
696 959 909 1020 privatim
947 959 1098 1013 noxia,
1123 976 1176 1005 ea
1199 958 1385 1011 maritis,
1413 965 1451 1005 δι
1477 960 1745 1023 propinquis
1768 978 1888 1012 curae

128 1026 199 1087 (2)
222 1026 305 1070 fint
331 1043 340 1072 :
378 1040 480 1086 quae
503 1022 687 1087 publice
709 1023 856 1069 obefl‘e
875 1024 1069 1085 poss‘unt,
1090 1040 1142 1069 ea
1162 1022 1324 1069 leviter
1339 1022 1580 1087 attingam.

188 1090 294 1136 XV.
323 1099 355 1117 “
389 1090 640 1150 Nunquam
659 1087 821 1133 abhoc
849 1086 953 1134 sexu
973 1087 1113 1133 animi
1138 1087 1407 1151 magnitudo
1442 1087 1662 1150 postulata
1675 1091 1750 1137 est.
1785 1092 1886 1138 Ha·

121 1152 233 1199 bent
250 1153 370 1200 certe
389 1152 591 1199 foeminae
616 1152 710 1198 suas
734 1151 937 1198 virtutes.
1007 1152 1095 1198 Sed
1117 1152 1231 1206 haee,
1256 1152 1312 1198 cle
1349 1168 1440 1214 qua
1461 1152 1643 1215 loquor,
1674 1153 1793 1201 inter
1816 1155 1885 1201 vi-

120 1217 243 1271 riles,
268 1233 359 1263 non
385 1217 625 1264 muliebres
650 1216 823 1278 semper
844 1228 1170 1263 connumerata
1185 1217 1245 1263 est
1270 1234 1281 1263 :
1316 1212 1483 1264 deinde
1521 1219 1615 1279 quo
1654 1218 1798 1282 magis
1823 1220 1884 1267 ob
1914 1249 1918 1251 -

120 1294 292 1328 naturae
314 1281 679 1338 imbecillitatem
712 1280 970 1327 animorum
989 1281 1188 1328 motibus
1232 1281 1332 1327 sunt
1352 1280 1584 1336 obnoxiae,
1607 1284 1663 1329 eo
1706 1283 1884 1345 quoties

119 1347 276 1409 legum
317 1346 479 1392 fraenos
522 1346 707 1392 licentia
747 1346 1017 1408 perruperit,
1058 1344 1240 1408 longius
1262 1345 1633 1409 progrediuntur,
1657 1344 1885 1396 difficilius

118 1423 406 1465 revocantur,
432 1412 488 1457 ad
512 1409 775 1457 modestiam
797 1409 874 1456 vix
899 1426 1099 1473 unquam
1135 1410 1324 1456 redeunt
1346 1428 1356 1456 ε
1391 1409 1564 1472 quippe
1600 1411 1883 1467 morborum,

119 1480 161 1522 δε
183 1475 488 1522 remediorum
505 1474 638 1536 juxta
659 1473 965 1537 impatientes,
1019 1474 1160 1538 Qod
1191 1475 1219 1520 fi
1240 1491 1342 1536 quae
1359 1475 1478 1520 inter
1494 1491 1567 1520 eas
1586 1474 1792 1522 fortiores
1814 1476 1885 1523 vi-

118 1540 301 1595 dentur,
326 1541 382 1587 eo
402 1539 501 1586 sunt
523 1539 668 1600 magis
687 1539 964 1600 periculosae,
988 1539 1114 1602 quod
1137 1537 1497 1585 vehementiores
1516 1538 1714 1585 habeant
1734 1539 1882 1603 impe-

118 1617 191 1663 tus
212 1622 223 1650 t
258 1609 299 1651 δι
321 1621 423 1668 quae
447 1604 583 1650 taedio
605 1604 729 1650 sexus
753 1603 990 1650 foeminam
1013 1603 1147 1649 semel
1169 1616 1409 1658 exuerunt,
1439 1603 1575 1649 etiam
1602 1603 1718 1650 ultra
1756 1621 1884 1653 curas

116 1667 270 1716 viriles
285 1668 517 1715 licentiam
535 1669 777 1715 extendere
795 1669 966 1715 volent.
1023 1669 1147 1714 Nam
1172 1667 1251 1714 ubi
1273 1668 1482 1722 modum,
1507 1667 1736 1730 finemque
1759 1668 1784 1714 ὲ
1803 1686 1884 1715 na-

118 1746 221 1781 tura
243 1734 437 1795 positum
480 1732 615 1779 semel
656 1733 895 1787 tranfieris‚
931 1731 1154 1796 quicquid
1174 1733 1294 1778 'ultra
1314 1733 1390 1786 est,
1408 1731 1637 1791 infinitum
1661 1733 1884 1795 est,‚nullo

118 1797 352 1861 cupiendi,
394 1809 471 1844 aut
492 1797 692 1844 audendi
725 1797 811 1844 tibi
833 1796 991 1845 relifito
1014 1797 1224 1844 termino.
1294 1796 1371 1842 Ad
1409 1796 1525 1842 hanc
1547 1795 1684 1843 etiam
1708 1792 1882 1847 natura:

117 1861 431 1911 infirmitatem
455 1862 649 1917 accedit,
673 1862 799 1924 quod
820 1874 994 1923 quanto
1015 1859 1202 1924 quisque
1225 1859 1291 1907 sui
1312 1860 1535 1907 minorem
1566 1859 1703 1907 habet
1721 1861 1884 1908 fiduci-

116 1944 209 1983 am,
234 1938 361 1973 tanto
395 1925 573 1973 facilius
596 1926 787 1973 aliorum
811 1927 947 1982 dicta,
972 1928 1019 1975 δε
1044 1925 1161 1972 ῑεόὶει
1190 1925 1249 1971 ad
1269 1924 1389 1971 suam
1414 1925 1739 1971 contumeliam
1762 1924 1882 1971 acci-

116 1992 189 2056 pit
213 2009 226 2039 :
260 1990 575 2038 vehementius
599 1991 802 2038 irascitur
825 2008 836 2038 :
876 1990 1040 2054 aegrius
1078 2001 1265 2052 pacatur
1290 2007 1302 2036 ι
1338 1988 1682 2035 immoderatius
1704 1988 1885 2035 vindic·

114 2070 209 2104 tam
231 2068 428 2110 exercet,
453 2061 493 2101 &
514 2055 642 2103 velut
662 2061 976 2119 contemptum
1014 2054 1079 2101 sui
1101 2053 1342 2100 ulciscitur.
1409 2053 1530 2100 Haec
1565 2053 1720 2111 omnia
1741 2052 1884 2117 quam

115 2122 201 2169 fint
239 2121 549 2184 magistratum
587 2119 853 2184 gerentibus
897 2118 1094 2171 adversa,
1120 2134 1255 2165 nemo
1275 2119 1469 2165 vestrum
1493 2116 1660 2180 opinor
1679 2117 1880 2182 ignorat.

114 2187 201 2233 Ista
222 2185 251 2232 fi
271 2185 374 2248 quis
394 2184 421 2231 Ξι
443 2202 515 2232 me
538 2184 740 2249 confingi
777 2197 924 2246 putat,
950 2184 1070 2248 a'pud
1094 2183 1299 2230 animum
1322 2182 1450 2230 suum
1484 2193 1680 2244 reputet,
1712 2193 1883 2245 quanta

110 2266 216 2297 cum
240 2266 390 2313 rerum
413 2249 753 2313 perturbatione
778 2251 848 2312 (3)
875 2251 1047 2296 Ioanna
1069 2247 1376 2310 Neapolitana
1398 2262 1491 2294 non
1511 2245 1576 2292 ita
1593 2246 1768 2308 pridem
1792 2246 1882 2293 im-

111 2315 355 2379 peraverit.
424 2315 665 2361 R‘evolvite
690 2314 937 2377 priscorum
975 2327 1233 2375 temporum
1257 2311 1474 2358 historias.
1542 2310 1654 2357 Non
1677 2326 1882 2357 comme-

110 2380 303 2426 morabo
342 2378 564 2442 Assyriam
607 2379 978 2437 Semiramidem,
997 2393 1090 2424 non
1128 2377 1451 2440 Cappadocem
1492 2372 1563 2437 (4)
1590 2375 1837 2422 Laodicem
1865 2393 1879 2422 :

109 2445 307 2491 monstra
327 2444 427 2490 sunt
448 2445 540 2498 ista,
567 2459 658 2490 non
681 2443 898 2490 foeminae.
922 2444 992 2508 (5)
1026 2441 1307 2503 Palmyraena
1326 2440 1407 2486 illa
1430 2438 1644 2486 Zenobia
1670 2439 1880 2486 omnium

108 2525 188 2556 ore
209 2507 437 2555 celebrata
456 2507 724 2555 Parthorum
748 2507 929 2562 victrix,
965 2508 1299 2570 Imperatorum
1321 2506 1635 2551 Romanorum
1672 2519 1880 2568 propug-
1938 2542 1942 2558 ‚

111 2573 278 2629 natrix,
305 2574 488 2621 tandem
509 2571 645 2628 victa,
669 2585 819 2635 capta,
837 2571 1131 2634 triumphata,
1153 2569 1211 2624 se,
1234 2570 1520 2634 regnumque
1541 2566 1669 2614 suum
1681 2568 1738 2614 ab
1753 2569 1884 2615 Ode·

111 2649 222 2685 nato
240 2635 404 2684 marito
426 2639 627 2692 austum,
653 2637 986 2686 &illustratum
1011 2651 1102 2682 uno
1125 2647 1361 2682 momento
1377 2632 1557 2682 evertit.

175 2703 309 2750 XVI.
336 2711 370 2734 “
405 2703 493 2749 Sed
508 2717 591 2748 nec
608 2701 724 2748 illud
747 2701 934 2765 quidem
960 2698 1189 2763 praeterire
1211 2698 1373 2745 tacitus
1388 2697 1579 2761 possum,
1604 2695 1733 2758 cujus
1760 2695 1808 2745 in
1830 2712 1882 2744 a·

108 2767 243 2813 lienae
266 2765 331 2813 rei
349 2766 669 2829 procuratione
686 2766 734 2812 in
758 2765 916 2829 primis
939 2763 1054 2812 ratio
1077 2764 1287 2811 ducenda
1320 2763 1397 2817 est,
1423 2778 1479 2809 ne
1498 2760 1718 2808 videlicet
1758 2760 1880 2807 sum-

110 2846 237 2877 mum
270 2830 516 2893 imperium
538 2831 581 2876 ei
602 2830 839 2877 hominum
879 2829 1038 2894 generi
1059 2826 1415 2882 committamus,
1447 2824 1472 2872 ὲ
1508 2841 1601 2889 quo
1623 2825 1742 2872 inale
1760 2823 1880 2872 obiti

109 2894 287 2958 negotii
309 2895 426 2942 ratio
446 2894 572 2957 exigi
593 2910 686 2942 non
704 2895 862 2957 potest.
916 2892 1052 2941 Nihil
1075 2909 1163 2957 ego
1185 2908 1333 2955 neque
1355 2890 1549 2954 Reginae
1569 2888 1776 2952 ingenio,
1796 2905 1878 2936 ne-

109 2975 200 3023 que
218 2958 343 3014 fidei,
367 2976 515 3023 neque
531 2959 760 3007 industriae
781 2958 988 3006 detraho.
1049 2958 1139 3005 Sed
1161 2957 1192 3004 fi
1214 2956 1328 3019 quid
1351 2955 1498 3019 (quod
1514 2954 1783 3018 plaerunque
1801 2953 1881 3000 ac·

163 3088 228 3139 (1)
258 3088 410 3126 Sueton.
430 3087 470 3125 in
489 3088 564 3125 vita
583 3087 711 3135 Persii,
731 3089 795 3126 sub
814 3089 930 3127 finem
952 3101 962 3124 τ
1019 3086 1197 3131 husband,
1214 3085 1323 3123 Otho
1341 3085 1386 3122 of
1398 3082 1633 3129 Brunswick,
1646 3084 1716 3121 and
1736 3080 1881 3123 herself

107 3141 173 3179 fibi
193 3139 314 3191 primo
334 3154 422 3178 mox
439 3142 611 3180 omnibus
629 3143 910 3181 detreetaturus.
972 3145 973 3148 ’
1020 3140 1234 3178 afterwards
1254 3138 1412 3186 hanged.

163 3196 228 3246 (2)
257 3195 346 3231 MS.
369 3193 465 3230 sunt.
1074 3191 1137 3241 (4)
1167 3193 1265 3229 MS.
1293 3192 1493 3229 Laodicen.
1870 3215 1872 3217 ·

165 3250 228 3300 (3)
258 3248 355 3300 Joan
369 3259 486 3295 queen
502 3245 916 3296 ‹›fNaples‚amonster
928 3247 973 3285 of
1076 3247 1139 3297 (5)
1174 3248 1211 3283 A
1236 3245 1311 3293 city
1339 3245 1384 3282 of
1410 3245 1515 3293 Syria
1548 3242 1588 3280 in
1617 3242 1719 3289 Afia,
1751 3239 1875 3280 whose

89 3301 306 3341 ‘insatiabie
322 3300 415 3337 lust:
446 3297 515 3336 her
531 3298 605 3336 first
621 3300 785 3337 hulband
800 3303 965 3338 Andrew
1019 3312 1138 3348 queen
1165 3298 1334 3336 Zenobia
1365 3298 1480 3335 strove
1511 3295 1609 3334 with
1635 3296 1700 3333 the
1722 3296 1874 3334 Roman

111 3357 157 3394 of
162 3357 343 3403 Hungary
355 3351 414 3389 she
433 3350 576 3398 hanged
591 3365 638 3401 up
657 3361 693 3389 at
711 3352 779 3389 her
789 3353 964 3399 window,
1019 3363 1204 3402 emperors
1221 3351 1279 3389 for
1302 3350 1368 3388 the
1386 3349 1578 3388 dominion
1597 3349 1642 3386 of
1659 3348 1722 3385 the
1741 3347 1880 3391 world,

109 3410 167 3448 for
186 3404 439 3454 insufficiency
460 3415 470 3439 ε
499 3403 564 3440 the
593 3407 655 3450 ad,
676 3404 798 3442 newis
817 3406 862 3443 of
886 3407 966 3442 Ta·
1014 3402 1132 3442 ⁴about
1148 3404 1212 3441 the
1229 3417 1314 3454 year
1332 3415 1423 3452 270.
1464 3404 1554 3440 And
1572 3400 1755 3439 therefore
1774 3399 1872 3436 some
1896 3427 1910 3433 -

109 3461 231 3508 rento',
264 3459 385 3498 killed
416 3455 582 3502 himself,
602 3457 752 3504 striving
778 3466 817 3496 to
843 3457 968 3505 satisfy
1020 3457 1146 3495 would
1165 3456 1260 3495 have
1292 3455 1357 3493 the
1391 3456 1542 3503 reading
1581 3463 1620 3492 to
1639 3454 1697 3498 be,
1731 3453 1868 3499 Imper.

34 3518 39 3523 '
111 3515 181 3552 her
199 3515 268 3552 lust
286 3527 296 3551 ε
339 3511 405 3550 the
426 3511 486 3561 3d,
504 3510 631 3560 james
648 3508 693 3546 of
705 3512 890 3557 Arragon,
909 3510 968 3547 flue
1032 3511 1150 3548 Rom.
1171 3508 1448 3559 oppugnatrix,
1463 3515 1529 3545 not
1558 3505 1763 3550 attending,
1783 3501 1868 3539 that

112 3567 295 3606 beheaded
319 3572 384 3602 ont
400 3564 446 3602 of
464 3561 629 3614 jealousy
650 3576 660 3600 z
689 3569 727 3599 at
744 3562 889 3611 length,
909 3562 969 3600 {he
1025 3571 1062 3599 at
1074 3564 1149 3600 first
1166 3562 1225 3600 {he
1243 3562 1417 3600 favoured
1445 3560 1510 3600 the
1523 3560 1704 3606 Romans,
1724 3556 1791 3594 and
1809 3554 1872 3592 did

112 3631 194 3660 was·
205 3618 371 3673 expelled
389 3616 473 3656 that
489 3615 688 3668 kingdom,
706 3615 800 3665 with
816 3615 883 3659 hex
899 3614 970 3666 4th
1025 3614 1130 3659 them
1143 3622 1246 3665 great
1262 3613 1412 3655 cervice.
1799 3653 1870 3704 ck
