2045 3857
518 165 841 233 LrssER
941 157 1440 230 Ocu-Avus
1546 153 1550 158 ’
1754 184 1874 251 199

100 272 224 320 Cum
244 267 410 316 lentius
430 281 498 313 res
517 266 801 329 procederet,
821 262 915 327 ipse
932 262 1049 309 solus
1066 259 1322 309 identidem
1343 259 1707 323 ingrediebatur,
1724 268 1766 312 &
1786 265 1872 311 ali-

98 350 167 387 os,
188 344 323 396 atque
344 331 456 378 alios
479 331 803 393 compellando
825 344 930 374 cum
951 326 1238 389 comperisset
1258 324 1466 389 pluribus
1490 325 1637 373 videri
1654 327 1756 387 jure
1778 329 1874 391 pri—

99 414 224 445 orem
247 398 331 443 esse
362 395 627 450 Balliolum‚
653 395 816 459 gratia,
842 399 882 440 δι
905 391 1100 438 factione
1121 389 1403 444 inferiorem,
1428 388 1597 460 Bruffio
1618 391 1743 452 prius
1763 408 1873 440 con·

97 473 255 516 vento,
278 477 417 522 quem
451 461 578 523 quod
608 461 710 522 jure
733 461 838 506 effet
857 455 1063 511 inferior,
1095 454 1275 502 facilius
1298 454 1384 500 suis
1407 452 1660 499 rationibus
1684 456 1874 504 affensu-

99 517 198 573 rum
221 526 431 588 putabat,
465 522 659 589 regnum
683 525 722 571 ei
763 526 1004 569 Scotorum
1028 519 1334 584 pollicetur,fi
1357 517 1399 565 se
1421 519 1469 564 in
1492 518 1676 581 Regum
1693 520 1874 583 Anglo-

97 606 198 637 rum
233 589 461 643 clientela,
483 606 735 651 eorumque
763 585 931 634 ditioni
953 585 1184 632 subditum
1213 583 1416 647 profiteri
1449 583 1606 630 vellet.
1676 584 1754 629 Ad
1774 586 1875 632 haec

96 655 203 700 cum
223 654 414 700 Bruffius
430 654 630 717 ingenue
652 651 960 714 respondisset,
985 649 1026 695 se
1046 666 1137 695 non
1160 650 1224 695 ita
1247 648 1466 710 cupidum
1487 646 1810 721 regnandL‘ut
1824 666 1878 700 ea

96 717 156 764 de
168 718 296 765 causa
314 718 573 764 libertatem
597 716 623 763 a
638 711 885 777 majoribus
908 713 1111 760 relictam
1133 713 1445 765 imminueret,
1462 712 1606 758 statim
1626 727 1681 759 eo
1699 712 1877 761 dixmss'o

95 783 345 830 Balliolum
371 782 507 828 acciri
523 782 673 843 jubet.
742 782 787 827 Is
809 778 956 842 regni,
973 777 1115 841 quarn
1136 778 1271 824 famae
1288 777 1490 829 ,honestae
1512 775 1692 823 avidior
1713 778 1876 825 condi·

100 845 273 895 tionem
297 847 500 895 oblatam
528 847 727 894 libenter
747 843 954 907 arripuit.

787 909 965 956 xcvl.
1015 892 1195 955 REX.
1243 886 1245 888 ’

0 214 3 237 l

165 983 300 1030 XIII.
336 984 358 1028 Ι
377 983 483 1029 TA
520 981 617 1044 post
649 980 724 1027 sex
745 996 905 1034 annos,
928 992 981 1024 ac
1004 981 1168 1025 novem
1200 978 1371 1026 menses
1396 977 1422 1025 Ξι
1453 990 1600 1027 morte
1622 979 1879 1029 Alexandri

104 1049 176 1111 (ι)
196 1050 388 1094 Ioannes
407 1045 625 1093 Balliolus
648 1046 749 1091 Rex
769 1047 1008 1091 Scotorum
1031 1044 1092 1089 est
1113 1044 1385 1090 declaratus.
1436 1043 1560 1090 Scoti
1581 1044 1770 1108 quidem
1788 1062 1877 1092 cae-

102 1112 188 1160 teri
211 1110 550 1173 tranquillitatis
575 1109 774 1171 publicae
797 1106 960 1171 cupidi
993 1107 1213 1157 Ioannem
1242 1109 1436 1154 Sconam
1459 1108 1517 1154 de
1540 1125 1666 1156 more
1687 1109 1879 1160 dacium

101 1186 394 1230 coronarunt,
416 1191 468 1221 ac
489 1174 678 1221 universi
702 1186 865 1236 praeter
879 1170 1098 1219 Bruffium
1116 1172 1165 1218 in
1187 1172 1327 1219 verba
1348 1172 1683 1233 ejusjurarunt.
1714 1174 1802 1223 Ille
1818 1177 1878 1223 ab

98 1236 259 1303 Anglo
286 1241 386 1286 Rex
408 1237 751 1302 pronunciatus,
777 1236 804 1282 a
825 1236 914 1295 suis
945 1248 1183 1297 recaeptus‚
1203 1237 1300 1297 jam
1324 1237 1381 1283 de
1403 1238 1571 1300 Regno
1603 1238 1801 1295 securus,
1828 1253 1878 1288 ut

87 1303 298 1367 promiffi
321 1304 458 1350 fidem
489 1303 738 1356 exolveret,
772 1302 826 1347 ad
866 1300 1133 1347 Eduardum
1156 1302 1254 1362 qui·
1278 1313 1377 1348 tum
1411 1301 1460 1347 in
1483 1303 1622 1350 Novo
1644 1306 1785 1351 castro
1819 1306 1878 1352 ad

93 1368 276 1421 Tinam
300 1368 482 1432 agebat,
495 1365 637 1422 venit,
651 1379 788 1429 atque
811 1363 858 1411 in
880 1365 1021 1411 verba
1041 1365 1137 1425 ejus
1156 1362 1346 1426 juravit.
1396 1367 1526 1413 idem
1545 1383 1732 1433 quoque
1754 1370 1877 1417 fece-

99 1445 223 1487 runt,
248 1433 326 1496 qui
352 1434 375 1480 ὲ
397 1431 661 1495 proceribus
680 1448 783 1478 eum
807 1430 947 1476 secuti
967 1442 1111 1485 erant,
1137 1447 1229 1476 non
1250 1431 1342 1476 ausi
1361 1430 1569 1478 adversus
1591 1433 1705 1480 duos
1724 1435 1877 1500 Reges

101 1498 264 1561 procul
286 1498 426 1544 domo
448 1496 601 1543 reniti.
668 1496 725 1543 Id
749 1507 900 1542 autem
931 1494 1108 1557 reliqua
1132 1495 1347 1542 nobilitas
1377 1495 1456 1542 ubi
1476 1495 1672 1553 rescivit,
1704 1498 1879 1546 fac'tum

100 1560 612 1626 quidemmolestislime
631 1560 738 1607 tulit
763 1579 774 1607 ε
808 1559 882 1606 sed
916 1558 1193 1605 infirmitatis
1215 1559 1303 1606 suae
1326 1560 1505 1607 conscia
1525 1560 1641 1608 iram
1677 1562 1876 1611 distimu-

100 1625 240 1674 labat.
292 1628 405 1673 Eam
432 1639 480 1674 ut
504 1620 803 1678 declararent,
820 1641 912 1672 non
933 1624 1047 1670 adeo
1072 1622 1151 1669 diu
1174 1625 1272 1688 post
1296 1625 1337 1671 se
1359 1625 1532 1672 obtulit
1553 1627 1726 1674 occasio
1742 1631 1877 1676 Mac-

57 1716 60 1717 ⁷
101 1690 230 1738 duffo
253 1691 438 1739 Comite
460 1692 622 1738 Fifano
660 1690 761 1753 (qui
783 1701 990 1752 tempore
1011 1688 1265 1752 interregni
1285 1689 1434 1736 fuerat
1454 1690 1479 1737 ὲ
1503 1690 1575 1737 sex
1596 1691 1876 1755 gubernato-

100 1755 247 1815 ribus)
272 1756 332 1803 ab'
353 1754 648 1803 Abernethiis
670 1759 793 1817 (quae
823 1753 1003 1800 familia
1024 1766 1123 1800 tum
1152 1752 1197 1800 in
1226 1754 1380 1801 Scotia
1401 1754 1592 1801 florebat
1618 1756 1802 1818 opibus,
1825 1762 1879 1809 ὃς

103 1818 390 1881 auctoritate)-
416 1821 546 1872 caeso,
572 1833 624 1867 ac
646 1818 783 1866 fratre
807 1818 1006 1865 Comitis
1032 1817 1088 1864 ab
1123 1817 1293 1865 eisdem
1323 1818 1372 1866 in
1399 1818 1474 1880 jus
1510 1819 1568 1866 ad
1598 1836 1880 1871 conventum

101 1883 316 1931 ordinum
340 1888 499 1937 tracto,
523 1887 627 1933 Rex
647 1884 896 1931 secundum
920 1882 1229 1930 Abernethios
1251 1883 1589 1946 pronunciavit.
1658 1887 1878 1935 Macduf-

102 1947 309 2013 fus-agro
332 1951 388 1996 de
411 1967 504 2013 quo
526 1949 581 1996 lis
605 1963 700 1996 erat
721 1948 981 2010 abjudicato
1005 1949 1201 2011 Regem,
1228 1960 1326 1995 tum
1349 1947 1431 1996 fibi
1452 1960 1574 1996 ratus
1595 1949 1879 2014 iniquiorem

104 2024 158 2062 ut
179 2027 281 2061 ante
303 2014 451 2062 fratris
471 2014 700 2061 interfeffi
722 2030 815 2061 non
837 2012 938 2060 satis
961 2028 1113 2060 acrem
1134 2012 1384 2068 vindicem,
1406 2015 1615 2077 Anglum
1640 2017 1842 2080 appellat
1863 2037 1876 2065 ε

103 2077 227 2139 apud
246 2095 353 2124 eum
373 2078 421 2125 in
438 2079 511 2140 jus
533 2079 778 2126 Balliolum
796 2089 947 2125 vocat.
1016 2077 1164 2124 Causa
1179 2078 1446 2125 Londinum
1464 2079 1616 2126 delata
1637 2079 1755 2128 forte
1772 2083 1878 2130 Bal-

103 2140 241 2188 liolus
263 2143 477 2190 Eduardo
500 2143 657 2207 Anglo
678 2142 725 2190 in
748 2154 980 2190 conventu
1001 2141 1216 2189 ordinum
1240 2142 1452 2190 affidebat
1478 2161 1489 2189 ε
1525 2145 1608 2205 qui
1636 2160 1741 2193 cum
1764 2147 1878 2194 cita-

105 2218 176 2251 tus
202 2223 280 2268 per
303 2220 641 2269 procuratorem
662 2207 931 2270 respondere
953 2207 1110 2263 vellet,
1133 2206 1228 2270 ipse
1249 2209 1430 2254 coafius
1454 2209 1514 2255 est
1537 2208 1716 2272 surgere
1741 2228 1752 2257 :
1787 2217 1827 2259 Sc
1851 2212 1880 2259 ὲ

103 2269 207 2317 loco
227 2271 434 2319 inferiori
458 2270 636 2318 causam
659 2272 826 2319 dicere.
900 2272 1036 2318 Hanc
1059 2271 1388 2318 contumeliam
1411 2283 1510 2320 tum
1531 2272 1721 2322 liberius
1743 2293 1881 2340 agere

33 2384 37 2385 ⁷
103 2350 197 2380 non
235 2334 382 2391 ausus,
416 2336 580 2382 tacitus
611 2335 735 2383 tulit.
806 2335 893 2383 Sed
916 2352 1022 2382 cum
1047 2335 1247 2398 primum
1269 2335 1311 2382 se
1332 2335 1442 2383 inde
1467 2338 1685 2400 expedire
1706 2341 1879 2404 potuit,

49 2396 71 2424 ·’
103 2397 339 2462 ingentem
355 2400 525 2447 irarum
548 2402 719 2466 molem
734 2400 887 2447 animo
906 2400 1092 2447 volvens
1116 2401 1305 2447 domum
1324 2400 1462 2448 rediit
1482 2421 1491 2449 :
1515 2402 1563 2448 in
1581 2419 1727 2467 eaque
1749 2407 1879 2472 cogi-

103 2463 275 2512 tatione
297 2477 417 2513 totus
440 2476 553 2521 erat,
577 2466 813 2528 quomodo
845 2465 1028 2513 suorum
1057 2465 1232 2512 animos
1255 2465 1589 2523 reconciliaret,
1611 2473 1653 2517 &
1668 2469 1879 2536 Anglum

105 2524 371 2577 offenderet.
678 2565 681 2568 ,

169 2594 300 2640 XIV.
337 2596 454 2642 Haec
477 2595 721 2643 meditanti
742 2595 1040 2644 commodum
1059 2593 1307 2644 intervenit
1331 2595 1451 2646 inter
1479 2599 1698 2656 Francos,
1716 2603 1757 2648 δε
1779 2601 1882 2649 An-

105 2655 400 2720 glos'novum
422 2660 667 2717 diffidium,
686 2662 814 2725 quod
833 2660 882 2707 in
904 2662 1077 2708 bellum
1100 2660 1247 2708 statim
1265 2661 1433 2726 erupit.
1501 2665 1664 2729 Itaque
1682 2665 1741 2712 ad
1768 2681 1881 2714 con-

105 2733 293 2770 ventum
314 2723 362 2772 in
386 2726 541 2773 Scotia
561 2724 785 2773 indictum
809 2726 997 2772 aderant
1019 2727 1076 2772 ab
1096 2740 1292 2789 utroque
1310 2728 1440 2792 Rege
1462 2729 1606 2793 legati
1625 2747 1638 2775 :
1676 2727 1806 2777 Galli
1829 2743 1882 2780 ut

107 2800 212 2833 curn
230 2788 359 2852 Rege
376 2806 496 2836 novo
519 2802 646 2837 vetus
669 2791 820 2837 foedus
840 2802 1125 2846 renovarent,
1147 2790 1294 2854 Angli
1314 2804 1364 2839 ut
1379 2809 1436 2840 ex
1454 2793 1627 2841 recenti
1644 2793 1883 2844 deditione

107 2851 166 2896 ad
183 2852 355 2899 bellum
377 2854 641 2919 suscaeptum
661 2855 831 2902 auxilia
850 2854 1124 2917 acciperent.
1193 2857 1406 2920 Utraque
1427 2857 1659 2921 legatione
1681 2858 1739 2905 ad
1760 2860 1879 2922 pub-

107 2912 247 2963 licum
265 2917 512 2966 concilium
531 2920 672 2967 relata
689 2936 898 2984 proceres
920 2920 978 2967 ad
1000 2919 1304 2968 rebellionem
1325 2921 1654 2985 proniGallos
1679 2939 1879 2988 aequam,

108 2977 289 3040 ‘Anglos
305 2979 513 3045 iniquam
529 3001 623 3031 rem
642 2998 815 3049 petere,
827 2984 1110 3046 judicarunt.
1143 2986 1178 3032 F
1181 2986 1322 3044 oedus·
1335 2986 1459 3034 enim
1477 3002 1585 3034 cum
1597 2986 1749 3037 Gallis
1768 3005 1882 3037 con·

101 3039 233 3088 -sensu
261 3044 566 3101 universorum
604 3063 709 3096 ante
738 3050 1182 3114 quingentosannos
1205 3049 1395 3106 factum,
1417 3057 1457 3098 δε
1478 3063 1667 3115 propter
1690 3053 1884 3116 aequita-

98 3116 224 3160 tem,
244 3111 287 3154 ἀ
305 3108 546 3162 utilitatem
562 3113 609 3160 in
633 3114 757 3161 hunc
782 3110 917 3178 usque
940 3114 1064 3161 diem
1088 3128 1314 3178 perpetuo
1336 3127 1511 3171 tenore,
1531 3117 1756 3166 servatum
1774 3117 1884 3166 fuis«

101 3167 172 3216 st,
240 3170 538 3224 Deditionem
559 3178 676 3230 hanc
697 3192 925 3229 recentem
950 3177 977 3224 a
997 3180 1128 3242 Rege
1150 3178 1298 3227 invito
1324 3181 1571 3244 expressam
1597 3200 1608 3229 ε
1642 3199 1782 3251 quam
1803 3183 1884 3230 etfi

13 3274 25 3281 c
111 3233 268 3284 volens
287 3233 470 3294 fecisset,
494 3256 548 3288 ea
568 3253 721 3298 tamen
741 3260 836 3304 non
853 3241 999 3292 teneri
1021 3246 1093 3291 vel
1114 3244 1314 3309 Regem,
1336 3245 1411 3294 vel
1430 3262 1626 3311 regnum
1652 3264 1664 3293 ι
1700 3258 1752 3295 ut
1777 3262 1884 3311 quae

0 3532 7 3603 l

168 3363 229 3412 (1)
259 3365 345 3403 The
367 3367 490 3406 action
509 3372 578 3408 aud
595 3370 679 3424 spir,
695 3373 769 3422 says
781 3375 964 3422 Camden,
1020 3387 1125 3414 more
1137 3384 1279 3415 remote
1297 3376 1338 3415 in
1356 3375 1422 3415 the
1434 3376 1564 3416 second
1576 3379 1721 3427 degree,
1733 3376 1881 3415 descen·

103 3426 214 3478 wisent
231 3418 324 3456 with
337 3420 440 3478 J-ohn
459 3421 716 3470 Balliol,›who
730 3428 890 3467 suedfor
905 3428 965 3470 his
1017 3429 1108 3476 ding
1133 3429 1174 3466 in
1200 3430 1267 3468 the
1294 3431 1370 3470 first
1393 3431 1485 3477 line,
1505 3431 1536 3469 is
1554 3440 1592 3469 to
1626 3433 1670 3469 be
1695 3431 1883 3480 preferred

115 3469 231 3529 right,
248 3484 287 3511 as
302 3475 496 3512 deicended
513 3476 559 3513 of
571 3477 636 3515 the
653 3479 764 3523 eldest
780 3481 887 3527 lister,
909 3482 964 3518 al-
1021 3482 1144 3525 before
1157 3495 1321 3522 anearer
1334 3484 1374 3521 in
1386 3496 1406 3521 a
1419 3484 1548 3522 second
1560 3485 1652 3530 line,
1666 3484 1705 3523 in
1719 3484 1783 3520 the
1797 3482 1881 3521 suc'·
1933 3522 1937 3528 2

96 3519 196 3580 'dio'
221 3536 268 3559 ιη’
285 3537 306 3561 a
325 3527 452 3574 degree
471 3528 615 3567 fai-ther
631 3530 690 3567 off
714 3531 806 3570 than
823 3535 967 3572 Robert
1010 3534 1155 3575 -ceffion
1174 3536 1220 3575 of
1232 3550 1280 3578 an
1302 3536 1536 3578 inheritance
1556 3537 1640 3578 that
1660 3544 1804 3578 ,εειηοοῑ
1830 3535 1882 3578 ὥς

118 3571 233 3610 Brucc
264 3575 327 3612 the
357 3579 480 3619 father
497 3595 506 3618 :
536 3582 798 3625 andisentence
818 3599 891 3627 was
909 3587 966 3634 gi·-
1019 3589 1159 3639 partem

118 3635 188 3664 ven
207 3626 251 3668 iu
265 3629 367 3674 these
385 3635 515 3687 words,
546 3635 604 3680 for
633 3635 717 3682 that
745 3636 811 3683 the
836 3639 966 3693 person

1861 3728 1882 3743 Χ

4 3736 197 3786 επ·
1414 3717 1417 3719 ’
1853 3746 1889 3777 a

3 3801 8 3857 Ι
