2091 3796
188 115 274 202 48
537 113 899 185 RERUM
992 115 1680 183 ΒαοτιοΑιιυινι

188 213 372 285 quando
390 212 578 258 eandem
602 212 744 268 fuiffe,
769 230 832 259 ac
839 212 1057 276 paulatim
1083 215 1151 260 vel
1176 226 1458 262 externarum
1484 215 1690 288 gentium
1715 220 1939 287 commern

188 276 649 343 ci0‚ve11gnotarum
668 291 770 324 ante
792 295 940 325 rerum
963 268 1232 331 invectione,
1258 279 1331 324 vel
1354 295 1573 324 novarum
1597 278 1761 326 artium
1784 279 1948 326 inven-

187 341 331 394 tione,
340 332 636 412 &treqtenti
658 342 816 388 formae
838 341 1040 397 vestium,
1065 359 1102 388 ax
1103 359 1307 396 morum,
1326 340 1724 414 [ιιρεΙΙεᾶἰῙὶΓῳιε
1756 343 1946 405 reliquae

188 403 443 467 mutatione
464 404 713 462 sermonem
736 406 868 452 facile
889 406 1123 469 sequacem
1145 405 1336 452 multis
1324 423 1369 451 ιιι
1395 407 1630 467 partibus
1619 408 1800 453 1nterim
1841 423 1950 453 auc-

189 480 304 524 tum,
328 463 527 528 inte-rim-
535 471 857 524 adulteratum,
882 486 931 516 ac
956 471 1097 516 multa
1119 486 1238 516 nova
1259 470 1482 516 vocabula
1504 471 1675 543 genita,
1702 472 1845 516 multa
1868 487 1948 517 ve-

188 532 302 578 tusta
320 532 494 580 vitiata.
563 533 762 594 Cogitet
785 536 905 596 apud
932 534 974 580 se
996 534 1184 596 quisque
1205 546 1428 596 quantum
1451 550 1541 595 pof
1550 530 1614 580 uli
1649 534 1946 581 inconstantia

191 595 306 642 fibi
295 613 339 641 ιιι
364 592 448 643 hac
468 609 593 660 parte
615 597 792 644 sumat:
826 608 1048 660 quantum
1071 597 1111 644 ei
1136 596 1311 660 semper
1332 603 1370 644 δι
1396 595 1550 652 fuerit,
1577 602 1617 647 ὅτ
1650 598 1701 644 fit
1722 598 1888 659 praesei
1895 597 1954 643 ti-

189 675 266 706 um
291 660 535 734 fastidium,
572 665 619 710 ὅτ
641 660 888 708 innovandi
913 663 1124 717 studium,
1148 660 1398 723 comperiet
1420 662 1622 724 profecto
1643 662 1760 708 illud
1778 659 1946 724 optimi

188 726 358 787 poetae,
381 730 429 775 e<
453 725 578 773 unici
601 725 791 772 censoris
810 725 1039 787 judicium
1060 728 1143 792 effe
1169 726 1457 774 verissimum.

252 819 322 866 Ut
343 819 462 865 filvae
485 817 605 864 foliis
628 834 792 889 pronos
817 830 1048 865 mutantur
1066 818 1110 865 in
1136 834 1293 890 annos,

251 883 403 943 Prima
423 882 607 936 cadunt,
631 882 694 927 ita
711 882 951 928 verborum
974 896 1101 928 vetus
1125 881 1280 928 interit
1304 893 1427 937 aetas,

249 947 340 994 Et
325 963 547 1007 Juvenum
570 945 657 991 ritu
680 946 842 992 florent
864 947 1002 992 modo
1024 958 1145 999 nata,
1169 946 1436 1008 vigentque.
1567 948 1627 991 Et
1648 943 1787 1007 paulo
1813 942 1950 990 infra.

251 1011 405 1059 Multa
422 1010 719 1062 renascentur,
744 1025 847 1070 quae
863 1009 958 1069 jam
981 1009 1202 1062 cecidere,
1227 1010 1482 1070 cadentque

226 1078 370 1139 Qae
393 1089 512 1121 nunc
533 1073 664 1120 sunt
654 1089 699 1118 ιιι
723 1074 894 1120 honore
913 1073 1216 1124 vocabula,s1
1239 1073 1363 1118 volet
1386 1073 1531 1128 usus,

254 1142 405 1203 Qem
430 1154 563 1201 penes
587 1136 823 1184 arbitrium
847 1139 923 1192 est,
942 1142 982 1187 δι
1007 1138 1097 1199 jus,
1121 1142 1160 1185 δε
1185 1153 1344 1183 norma
1365 1135 1601 1200 loquendi.

187 1232 306 1279 Haec
324 1229 509 1294 quidem
526 1229 606 1276 ille
628 1229 685 1276 de
707 1229 917 1276 Romano
943 1228 1146 1276 sermone
1171 1226 1355 1292 scripsit,
1381 1227 1461 1291 qui
1485 1245 1652 1302 magna
1673 1221 1843 1275 civium
1871 1245 1952 1276 cu·

187 1313 241 1343 ra
259 1295 544 1369 incorruptus
567 1294 854 1340 servabatur:
888 1311 1022 1356 quem
1049 1309 1205 1339 omnes
1225 1293 1446 1346 nationes,
1468 1311 1567 1356 quae
1588 1292 1704 1338 intra
1724 1306 1815 1338 tam
1839 1293 1954 1340 latos

187 1359 371 1421 imperii
405 1359 512 1405 fines
547 1357 896 1405 continebantur
929 1357 1182 1433 diligenter
1204 1357 1509 1404 addiscebant.
1577 1358 1654 1404 Ne
1677 1356 1955 1403 admiremur

188 1424 333 1487 igitur
353 1423 558 1486 linguam
578 1436 681 1470 ante
699 1420 939 1468 colonias
919 1440 942 1468 e
964 1419 1168 1468 Galliis
1155 1437 1203 1467 1n
1224 1438 1380 1468 omnes
1400 1433 1548 1483 partes
1567 1421 1772 1468 emiffas
1755 1437 1851 1481 Jam
1871 1421 1954 1466 do-

192 1488 257 1535 mi
289 1487 540 1535 discordem
579 1502 618 1535 ej>
644 1485 810 1534 deinde
828 1486 1099 1533 diversarum
1121 1485 1359 1532 nationum
1380 1484 1691 1533 commistione
1710 1485 1953 1548 pollutam,

190 1557 233 1598 δε
256 1554 312 1599 ab
334 1552 467 1598 initio
491 1551 746 1605 barbaram,
772 1560 812 1598 ts<
841 1550 928 1597 suis
958 1551 1157 1613 quodam
1185 1551 1322 1596 modo
1346 1551 1617 1623 neglectam,
1641 1565 1693 1596 ac
1717 1550 1955 1611 postquam

192 1617 250 1663 ab
273 1630 458 1663 externo
480 1615 582 1667 solo
604 1614 784 1662 rursus
772 1631 818 1661 111
843 1613 1124 1662 Britanniam
1161 1614 1201 1661 se
1225 1628 1396 1676 recepit
1418 1614 1464 1661 in
1496 1630 1635 1678 regna
1656 1613 1819 1660 exteris
1843 1613 1955 1674 plae-

190 1676 368 1743 runque
384 1679 582 1726 obnoxia
605 1679 791 1726 dixisam
817 1679 898 1725 fibi
920 1697 1010 1726 non
1035 1679 1207 1741 semper
1229 1680 1442 1726 constare.
1476 1680 1601 1726 Nam
1621 1684 1658 1726 8
1690 1677 1827 1724 initio
1846 1677 1955 1724 Cel-

189 1756 265 1800 tae,
305 1752 345 1792 ἅτ
382 1744 534 1807 Belga:
556 1744 729 1790 diversa
753 1744 1012 1798 utebantur,
1046 1758 1095 1790 ut
1119 1743 1279 1790 Strabo
1302 1744 1466 1798 censet,
1492 1743 1702 1789 dialecto.
1770 1741 1956 1788 Deinde

191 1825 296 1855 cum
320 1809 465 1855 Celtae
490 1825 676 1872 magnas
703 1810 772 1869 (1)
795 1807 1032 1855 colonias
1019 1826 1065 1854 in
1091 1808 1357 1881 Hispaniam
1378 1808 1633 1862 emisissent,
1671 1818 1721 1852 ut
1747 1808 1816 1866 (z)
1844 1805 1952 1852 Cel-
2024 1830 2027 1835 ·

188 1874 457 1946 tiberqrum,
502 1875 547 1922 &
592 1873 872 1919 Celticorum
910 1871 1116 1919 indicant
1151 1871 1353 1927 nomina,
1394 1872 1438 1920 8(
1478 1873 1637 1935 Belgae
1673 1869 1957 1918 Britanniam

189 1937 482 1992 maritimam,
505 1951 553 1983 ut
583 1936 782 2000 intelligi
805 1938 946 1998 potest
967 1953 1021 1982 ex
1044 1938 1209 1983 Ventae
1232 1938 1493 1998 Belgarum,
1519 1953 1573 1982 ex
1599 1934 1887 1987 Atrebatum,
1914 1938 1953 1979 &

191 2002 431 2049 Icenorum
454 2000 736 2055 nominibus,
761 2002 1064 2062 occupassent,
1099 2019 1189 2047 non
1214 2002 1356 2062 potest
1380 2000 1493 2055 fieri,
1532 2010 1581 2046 ut
1602 2015 1689 2045 non
1716 1998 1822 2044 hinc
1866 1996 1955 2045 Hi—

192 2066 336 2128 spani,
361 2067 467 2113 inde
490 2063 707 2119 Romani,
733 2064 892 2137 Angli,
915 2064 1052 2112 Dani
1088 2063 1312 2112 Narmani
1339 2081 1427 2110 non
1454 2064 1597 2110 multa
1619 2062 1860 2125 peregrina
1875 2078 1954 2108 vo-

190 2131 351 2176 cabula
372 2131 518 2177 secum
542 2128 824 2183 advexerint,
849 2129 994 2191 patria
1015 2129 1315 2191 corruperint.
1383 2129 1507 2191 Qin
1543 2127 1661 2174 illud
1691 2127 1842 2197 potius
1866 2125 1954 2172 mi-

190 2196 380 2241 randum
404 2194 577 2247 censeo,
611 2194 737 2257 quod
761 2208 880 2239 nunc
903 2193 1042 2240 etiam
1065 2205 1190 2240 tanto
1214 2194 1310 2265 1³⁰.st
1335 2205 1455 2265 temp
1461 2209 1538 2239 ore
1563 2202 1631 2238 tot
1651 2204 1874 2262 gentium
1876 2190 1957 2236 ad*

189 2270 325 2305 venti
351 2259 627 2312 adulteratis,
650 2263 688 2304 8(
713 2272 878 2330 magna
900 2274 956 2306 ex
979 2270 1106 2321 parte
1126 2256 1309 2304 mutatis
1328 2255 1501 2303 vicina!
1509 2273 1584 2302 um
1608 2254 1846 2301 nationum
1867 2253 1956 2300 lin-

189 2322 291 2395 guis
316 2325 383 2384 (3)
411 2323 558 2369 adhuc
589 2320 793 2368 Britanni
824 2337 914 2369 non
939 2335 1031 2368 tam
1058 2322 1260 2369 sermone
1283 2333 1398 2375 toto,
1423 2337 1562 2383 quam
1584 2318 1893 2392 proprietate,
1914 2323 1955 2365 δε

115 2406 122 2409 “
192 2386 386 2433 dialecto
407 2387 529 2436 inter
552 2386 592 2432 se
613 2385 898 2447 discrepent:
932 2403 982 2433 ac
1006 2386 1035 2432 fi
1059 2386 1161 2449 quis
1183 2402 1238 2432 ex
1256 2385 1319 2432 eis
1343 2384 1523 2431 alterius
1547 2382 1742 2432 nationis
1767 2384 1836 2444 (4)
1860 2383 1957 2429 Bri-

189 2450 370 2498 tannice
392 2451 624 2497 hominem
644 2449 798 2496 audiat
827 2450 1108 2513 loquentem,
1133 2450 1289 2496 sonum
1314 2460 1465 2494 tamen
1492 2449 1575 2494 {uz
1600 2447 1774 2509 linguae
1797 2437 1957 2508 agnos-

190 2527 280 2570 cet,
305 2520 345 2561 &
367 2515 565 2577 plurima
586 2514 723 2561 verba
745 2514 910 2575 capiet,
932 2531 1192 2579 quanquam
1218 2514 1469 2560 sermonem
1492 2510 1752 2569 universum
1774 2527 1863 2556 non
1887 2510 1957 2556 in—

191 2579 384 2640 telligat.
453 2580 554 2626 Nec
578 2580 607 2625 fi
627 2595 719 2625 non
750 2579 908 2625 eadem
933 2580 1107 2651 {emper
1127 2578 1248 2651 apud
1267 2593 1424 2623 omnes
1447 2564 1689 2622 earundem
1715 2589 1864 2620 rerum
1885 2573 1957 2620 in

190 2643 430 2690 venientur
446 2643 671 2690 vocabula
693 2658 782 2689 nov
787 2659 863 2688 um
883 2644 1018 2688 debet
1037 2642 1199 2696 videri,
1220 2640 1534 2716 reputantibus
1555 2653 1777 2703 quantum
1799 2637 1846 2683 in
1873 2638 1960 2711 fin-

189 2708 401 2771 gularum
436 2709 642 2771 gentium
678 2705 879 2754 sermone
911 2706 1119 2769 quotidie
1158 2719 1335 2754 mutent
1369 2704 1623 2752 vicinorum
1664 2700 1956 2758 commercia,

190 2787 415 2833 quantum
439 2771 604 2818 affidua
621 2771 914 2826 consuetudo,
935 2784 1050 2834 quot
1068 2786 1183 2817 nova
1203 2771 1340 2816 verba
1355 2779 1459 2816 cum
1481 2769 1613 2815 rebus
1633 2783 1777 2828 nuper
1797 2764 1961 2812 inven-

192 2835 249 2881 tis
273 2835 523 2889 nascantur,
562 2847 674 2896 quot
707 2852 761 2881 ex
785 2835 956 2882 ultimis
991 2835 1119 2882 terris
1143 2851 1245 2881 cum
1278 2833 1365 2879 iuis·
1398 2832 1625 2879 mercibus
1660 2830 1959 2883 advehantur,

191 2913 306 2961 quot
327 2900 528 2945 vetusta
516 2911 756 2953 intereant,
798 2911 912 2960 quot
939 2901 991 2945 ad
994 2897 1127 2960 Jechs
1143 2897 1291 2944 literis
1314 2898 1386 2943 vel
1408 2895 1587 2959 syllabis
1617 2894 1955 2958 protrahantur,

126 2998 129 3000 -
193 2963 353 3009 ablatls
371 2965 678 3037 decurtentur,
703 2963 975 3025 transpositis
999 2977 1076 3010 aut
1094 2962 1283 3027 mutatis
1299 2951 1647 3039 interpolentur.

250 3090 311 3140 (1)
341 3095 378 3128 A
397 3090 558 3143 colony
547 3103 578 3128 1s
598 3104 618 3128 a
642 3091 843 3129 multitude
861 3091 906 3129 of
920 3093 1049 3141 people
1115 3092 1161 3141 by
1190 3090 1255 3129 the
1286 3101 1413 3128 names
1442 3079 1486 3127 of
1504 3089 1637 3138 people
1667 3090 1737 3124 and
1754 3094 1873 3123 towns
1899 3086 1963 3123 be-

193 3144 272 3182 sent
286 3145 384 3181 from
397 3157 466 3181 one
479 3152 630 3193 country
642 3153 680 3181 to
693 3144 862 3189 another,
877 3154 915 3181 to
935 3146 1050 3183 make
1114 3146 1178 3192 ing
1207 3158 1276 3181 one
1305 3146 1374 3180 and
1405 3143 1469 3180 the
1498 3142 1594 3178 same
1624 3153 1759 3199 among
1784 3140 1850 3176 the
1875 3139 1963 3177 Bel-

196 3210 217 3235 ἃ
236 3211 317 3234 new
337 3199 562 3245 plantation.
1115 3211 1170 3244 gae
1204 3197 1243 3233 in
1271 3197 1424 3233 france
1442 3197 1511 3232 and
1542 3193 1631 3232 here
1661 3194 1699 3230 in
1729 3194 1899 3241 Britain3
1928 3203 1967 3229 as

249 3250 308 3299 (2)
325 3248 427 3286 ,The
443 3249 542 3286 Celti
564 3262 659 3286 were
680 3248 745 3286 the
764 3249 913 3286 ancient
931 3248 1042 3287 inha-
1096 3251 1242 3288 ‚Venta
1261 3249 1476 3296 Belgarum,
1498 3246 1708 3291 Atrebates,
1730 3245 1847 3282 Iceni.

196 3302 333 3340 bitants
351 3301 395 3339 of
415 3302 480 3339 the
499 3301 637 3338 middle
665 3310 747 3350 part
764 3302 809 3338 of
835 3303 987 3346 Funce,
1006 3301 1050 3339 of
1167 3304 1206 3352 (3
1217 3301 1229 3346 )
1258 3302 1317 3338 He
1337 3299 1513 3337 meaneth
1533 3299 1597 3337 the
1617 3298 1744 3335 Welsh
1775 3299 1845 3334 and
1863 3296 1966 3333 Scots

195 3355 324 3392 whom
345 3353 518 3390 descende
508 3355 543 3390 d
560 3353 626 3391 the
654 3354 836 3404 Celtiberi
869 3356 939 3390 and
958 3355 1047 3391 Cel·
1112 3354 1412 3413 Highlandmem
1449 3352 1516 3390 the
1551 3351 1701 3391 ancient
1736 3346 1968 3387 inhabitants

196 3408 259 3445 tici
292 3407 337 3444 of
362 3407 488 3456 Spain.
535 3407 621 3442 The
645 3407 786 3454 Belgae,
818 3406 1049 3444 inhabitants
1119 3414 1153 3446 01
1179 3405 1338 3444 Britain

198 3461 241 3498 of
268 3473 323 3496 an<
338 3459 421 3496 the
444 3458 518 3495 «211,
504 3460 638 3507 dpart
657 3459 701 3495 of
725 3461 876 3505 france,
897 3457 975 3495 sent
1009 3473 1051 3494 0-
1169 3459 1230 3511 (4)
1261 3459 1349 3496 MS.
1381 3457 1608 3496 Britannicae

197 3525 262 3550 ver
280 3512 442 3551 coicnies
474 3511 555 3550 into
584 3509 755 3560 Britain,
767 3521 804 3548 as
823 3510 854 3548 is
879 3510 1053 3552 manitest
1330 3534 1343 3539 -Δ

1672 3612 1826 3660 XXV.
1858 3611 1971 3659 Non
