<?xml version="1.0" encoding="UTF-8"?>
<!DOCTYPE html PUBLIC "-//W3C//DTD XHTML 1.0 Transitional//EN"
    "http://www.w3.org/TR/xhtml1/DTD/xhtml1-transitional.dtd">
<html xmlns="http://www.w3.org/1999/xhtml" xml:lang="en" lang="en">
 <head>
  <title>
</title>
<meta http-equiv="Content-Type" content="text/html;charset=utf-8" />
  <meta name='ocr-system' content='tesseract 3.04.00' />
  <meta name='ocr-capabilities' content='ocr_page ocr_carea ocr_par ocr_line ocrx_word'/>
</head>
<body>
  <div class='ocr_page' id='page_1' title='image "./rerumscoticarumh01buch_0136.png"; bbox 0 0 2091 3796; ppageno 0'>
   <div class='ocr_carea' id='block_1_1' title="bbox 167 106 1621 176">
    <p class='ocr_par' dir='ltr' id='par_1_1' title="bbox 167 106 1621 176">
     <span class='ocr_line' id='line_1_1' title="bbox 167 106 1621 176; baseline 0.002 -4"><span class='ocrx_word' id='word_1_1' title='bbox 167 108 287 176; x_wconf 78' lang='lat'><strong>118</strong></span> <span class='ocrx_word' id='word_1_2' title='bbox 474 107 840 173; x_wconf 81' lang='lat' dir='ltr'><strong>RERUM</strong></span> <span class='ocrx_word' id='word_1_3' title='bbox 930 106 1621 175; x_wconf 78' lang='lat' dir='ltr'><strong>ScoT10·ARUM</strong></span> 
     </span>
    </p>
   </div>
   <div class='ocr_carea' id='block_1_2' title="bbox 113 191 1987 3247">
    <p class='ocr_par' dir='ltr' id='par_1_2' title="bbox 113 191 1943 785">
     <span class='ocr_line' id='line_1_2' title="bbox 158 191 1938 274; baseline 0.001 -19"><span class='ocrx_word' id='word_1_4' title='bbox 158 217 354 274; x_wconf 84' lang='lat' dir='ltr'><strong>regnum</strong></span> <span class='ocrx_word' id='word_1_5' title='bbox 378 205 494 263; x_wconf 81' lang='lat' dir='ltr'><strong>tanti</strong></span> <span class='ocrx_word' id='word_1_6' title='bbox 514 205 559 253; x_wconf 85' lang='lat' dir='ltr'><strong>ei</strong></span> <span class='ocrx_word' id='word_1_7' title='bbox 581 205 747 254; x_wconf 89' lang='lat' dir='ltr'><strong>debere</strong></span> <span class='ocrx_word' id='word_1_8' title='bbox 764 204 928 258; x_wconf 87' lang='lat' dir='ltr'><strong>videri,</strong></span> <span class='ocrx_word' id='word_1_9' title='bbox 957 216 1006 251; x_wconf 91' lang='lat' dir='ltr'><strong>ut</strong></span> <span class='ocrx_word' id='word_1_10' title='bbox 1028 204 1085 250; x_wconf 84' lang='lat' dir='ltr'><strong>ad</strong></span> <span class='ocrx_word' id='word_1_11' title='bbox 1104 205 1380 255; x_wconf 74' lang='lat' dir='ltr'><strong>eversione-m</strong></span> <span class='ocrx_word' id='word_1_12' title='bbox 1404 206 1640 270; x_wconf 80' lang='lat' dir='ltr'>religionis</span> <span class='ocrx_word' id='word_1_13' title='bbox 1666 191 1938 256; x_wconf 68' lang='lat' dir='ltr'><strong>Christianae=</strong></span> 
     </span>
     <span class='ocr_line' id='line_1_3' title="bbox 132 267 1938 338; baseline 0.001 -18"><span class='ocrx_word' id='word_1_14' title='bbox 132 333 136 338; x_wconf 22' lang='grc' dir='ltr'><em>Ι</em></span> <span class='ocrx_word' id='word_1_15' title='bbox 162 273 421 320; x_wconf 83' lang='lat' dir='ltr'><strong>societatem</strong></span> <span class='ocrx_word' id='word_1_16' title='bbox 444 282 550 317; x_wconf 86' lang='lat' dir='ltr'><strong>cum</strong></span> <span class='ocrx_word' id='word_1_17' title='bbox 572 270 835 318; x_wconf 85' lang='lat' dir='ltr'><strong>hominibus</strong></span> <span class='ocrx_word' id='word_1_18' title='bbox 861 269 1013 316; x_wconf 88' lang='lat' dir='ltr'><strong>infidis</strong></span> <span class='ocrx_word' id='word_1_19' title='bbox 1037 267 1180 315; x_wconf 89' lang='lat' dir='ltr'><strong>coiret</strong></span> <span class='ocrx_word' id='word_1_20' title='bbox 1205 287 1216 315; x_wconf 75' lang='grc' dir='ltr'>ε</span> <span class='ocrx_word' id='word_1_21' title='bbox 1253 271 1334 332; x_wconf 91' lang='lat' dir='ltr'><strong>qui</strong></span> <span class='ocrx_word' id='word_1_22' title='bbox 1359 270 1505 318; x_wconf 87' lang='lat' dir='ltr'>nihilo</span> <span class='ocrx_word' id='word_1_23' title='bbox 1528 270 1717 318; x_wconf 63' lang='lat' dir='ltr'><strong>sanetius</strong></span> <span class='ocrx_word' id='word_1_24' title='bbox 1741 272 1938 321; x_wconf 78' lang='lat' dir='ltr'><strong>a&#39;miciti-</strong></span> 
     </span>
     <span class='ocr_line' id='line_1_4' title="bbox 162 332 1940 396; baseline 0 -12"><span class='ocrx_word' id='word_1_25' title='bbox 162 354 253 390; x_wconf 87' lang='lat' dir='ltr'><strong>am,</strong></span> <span class='ocrx_word' id='word_1_26' title='bbox 277 340 327 384; x_wconf 84' lang='lat'>&amp;</span> <span class='ocrx_word' id='word_1_27' title='bbox 349 334 524 383; x_wconf 80' lang='lat' dir='ltr'><strong>foedera</strong></span> <span class='ocrx_word' id='word_1_28' title='bbox 546 351 652 383; x_wconf 90' lang='lat' dir='ltr'><strong>cum</strong></span> <span class='ocrx_word' id='word_1_29' title='bbox 675 352 730 382; x_wconf 93' lang='lat' dir='ltr'><strong>eo</strong></span> <span class='ocrx_word' id='word_1_30' title='bbox 752 332 921 381; x_wconf 86' lang='lat' dir='ltr'><strong>culturi</strong></span> <span class='ocrx_word' id='word_1_31' title='bbox 943 334 1096 385; x_wconf 77' lang='lat' dir='ltr'><strong>essent,</strong></span> <span class='ocrx_word' id='word_1_32' title='bbox 1139 350 1278 396; x_wconf 91' lang='lat' dir='ltr'><strong>quam</strong></span> <span class='ocrx_word' id='word_1_33' title='bbox 1298 351 1402 381; x_wconf 89' lang='lat' dir='ltr'><strong>cum</strong></span> <span class='ocrx_word' id='word_1_34' title='bbox 1429 335 1710 382; x_wconf 89' lang='lat' dir='ltr'><strong>Brittonibus</strong></span> <span class='ocrx_word' id='word_1_35' title='bbox 1734 349 1837 384; x_wconf 88' lang='lat' dir='ltr'><strong>ante</strong></span> <span class='ocrx_word' id='word_1_36' title='bbox 1861 354 1940 384; x_wconf 75' lang='lat' dir='ltr'><strong>co-</strong></span> 
     </span>
     <span class='ocr_line' id='line_1_5' title="bbox 159 398 1943 464; baseline 0.001 -18"><span class='ocrx_word' id='word_1_37' title='bbox 159 400 356 448; x_wconf 74' lang='lat' dir='ltr'><strong>luissent.</strong></span> <span class='ocrx_word' id='word_1_38' title='bbox 388 416 396 424; x_wconf 56' lang='lat'><strong>⁴¹</strong></span> <span class='ocrx_word' id='word_1_39' title='bbox 421 400 578 448; x_wconf 82' lang='lat' dir='ltr'>Movit</span> <span class='ocrx_word' id='word_1_40' title='bbox 609 399 747 447; x_wconf 89' lang='lat' dir='ltr'><strong>etiarn</strong></span> <span class='ocrx_word' id='word_1_41' title='bbox 772 404 812 445; x_wconf 86' lang='lat'>&amp;</span> <span class='ocrx_word' id='word_1_42' title='bbox 834 398 971 461; x_wconf 77' lang='lat' dir='ltr'><strong>ipsius</strong></span> <span class='ocrx_word' id='word_1_43' title='bbox 998 398 1180 443; x_wconf 58' lang='lat' dir='ltr'><strong>Arcturi</strong></span> <span class='ocrx_word' id='word_1_44' title='bbox 1201 398 1441 461; x_wconf 87' lang='lat' dir='ltr'><strong>ingenium</strong></span> <span class='ocrx_word' id='word_1_45' title='bbox 1482 399 1688 455; x_wconf 86' lang='lat' dir='ltr'><strong>liberale,</strong></span> <span class='ocrx_word' id='word_1_46' title='bbox 1747 407 1785 450; x_wconf 67' lang='grc' dir='ltr'><strong>δε</strong></span> <span class='ocrx_word' id='word_1_47' title='bbox 1811 401 1943 464; x_wconf 81' lang='lat' dir='ltr'><strong>supra</strong></span> 
     </span>
     <span class='ocr_line' id='line_1_6' title="bbox 159 461 1938 528; baseline 0.001 -16"><span class='ocrx_word' id='word_1_48' title='bbox 159 464 518 512; x_wconf 73' lang='lat' dir='ltr'><strong>aetatemanimi</strong></span> <span class='ocrx_word' id='word_1_49' title='bbox 540 463 831 528; x_wconf 86' lang='lat' dir='ltr'><strong>magnitudo.</strong></span> <span class='ocrx_word' id='word_1_50' title='bbox 900 461 1049 525; x_wconf 81' lang='lat' dir='ltr'><strong>Igitur</strong></span> <span class='ocrx_word' id='word_1_51' title='bbox 1073 461 1224 508; x_wconf 91' lang='lat' dir='ltr'><strong>foedus</strong></span> <span class='ocrx_word' id='word_1_52' title='bbox 1255 478 1281 508; x_wconf 89' lang='lat' dir='ltr'><strong>a</strong></span> <span class='ocrx_word' id='word_1_53' title='bbox 1301 462 1530 525; x_wconf 81' lang='lat' dir='ltr'><strong>prioribus</strong></span> <span class='ocrx_word' id='word_1_54' title='bbox 1567 465 1775 528; x_wconf 87' lang='lat' dir='ltr'><strong>Regibus</strong></span> <span class='ocrx_word' id='word_1_55' title='bbox 1815 466 1938 513; x_wconf 89' lang='lat' dir='ltr'><strong>inter</strong></span> 
     </span>
     <span class='ocr_line' id='line_1_7' title="bbox 113 526 1942 592; baseline 0 -15"><span class='ocrx_word' id='word_1_56' title='bbox 113 533 116 542; x_wconf 82' lang='grc'><strong>“</strong></span> <span class='ocrx_word' id='word_1_57' title='bbox 161 527 840 591; x_wconf 70' lang='lat' dir='ltr'><strong>Scotos‚lPi&amp;os‚Brittonesque</strong></span> <span class='ocrx_word' id='word_1_58' title='bbox 854 526 1021 573; x_wconf 63' lang='lat' dir='ltr'><strong>fanum</strong></span> <span class='ocrx_word' id='word_1_59' title='bbox 1036 526 1188 573; x_wconf 89' lang='lat' dir='ltr'><strong>denuo</strong></span> <span class='ocrx_word' id='word_1_60' title='bbox 1203 527 1263 574; x_wconf 92' lang='lat' dir='ltr'><strong>est</strong></span> <span class='ocrx_word' id='word_1_61' title='bbox 1277 527 1596 586; x_wconf 75' lang='lat' dir='ltr'><strong>confirmatum</strong></span> <span class='ocrx_word' id='word_1_62' title='bbox 1616 546 1635 574; x_wconf 89' lang='lat'><strong>:-</strong></span> <span class='ocrx_word' id='word_1_63' title='bbox 1653 541 1868 592; x_wconf 87' lang='lat' dir='ltr'><strong>tantaque</strong></span> <span class='ocrx_word' id='word_1_64' title='bbox 1884 547 1942 576; x_wconf 83' lang='lat' dir='ltr'><strong>ex</strong></span> 
     </span>
     <span class='ocr_line' id='line_1_8' title="bbox 160 591 1942 661; baseline 0 -20"><span class='ocrx_word' id='word_1_65' title='bbox 160 611 217 661; x_wconf 85' lang='lat' dir='ltr'><strong>eo</strong></span> <span class='ocrx_word' id='word_1_66' title='bbox 240 594 390 642; x_wconf 86' lang='lat' dir='ltr'><strong>secuta</strong></span> <span class='ocrx_word' id='word_1_67' title='bbox 412 595 473 641; x_wconf 87' lang='lat' dir='ltr'><strong>est</strong></span> <span class='ocrx_word' id='word_1_68' title='bbox 505 592 808 646; x_wconf 75' lang='lat' dir='ltr'><strong>familiaritaS,</strong></span> <span class='ocrx_word' id='word_1_69' title='bbox 850 603 899 638; x_wconf 87' lang='lat' dir='ltr'><strong>ut</strong></span> <span class='ocrx_word' id='word_1_70' title='bbox 921 591 1097 638; x_wconf 81' lang='lat' dir='ltr'><strong>Lothus</strong></span> <span class='ocrx_word' id='word_1_71' title='bbox 1122 591 1375 639; x_wconf 86' lang='lat' dir='ltr'><strong>Galvinum</strong></span> <span class='ocrx_word' id='word_1_72' title='bbox 1401 593 1426 639; x_wconf 79' lang='grc' dir='ltr'>ὲ</span> <span class='ocrx_word' id='word_1_73' title='bbox 1457 592 1638 639; x_wconf 91' lang='lat' dir='ltr'><strong>duobus</strong></span> <span class='ocrx_word' id='word_1_74' title='bbox 1661 592 1773 640; x_wconf 83' lang='lat' dir='ltr'><strong>filiis</strong></span> <span class='ocrx_word' id='word_1_75' title='bbox 1790 595 1942 641; x_wconf 87' lang='lat' dir='ltr'><strong>mino-</strong></span> 
     </span>
     <span class='ocr_line' id='line_1_9' title="bbox 160 655 1942 721; baseline -0.002 -13"><span class='ocrx_word' id='word_1_76' title='bbox 160 677 275 715; x_wconf 88' lang='lat' dir='ltr'><strong>rem,</strong></span> <span class='ocrx_word' id='word_1_77' title='bbox 301 659 381 707; x_wconf 88' lang='lat' dir='ltr'><strong>ubi</strong></span> <span class='ocrx_word' id='word_1_78' title='bbox 415 657 617 721; x_wconf 88' lang='lat' dir='ltr'><strong>primum</strong></span> <span class='ocrx_word' id='word_1_79' title='bbox 641 675 722 720; x_wconf 87' lang='lat' dir='ltr'><strong>per</strong></span> <span class='ocrx_word' id='word_1_80' title='bbox 744 668 924 703; x_wconf 79' lang='lat' dir='ltr'><strong>aetatem</strong></span> <span class='ocrx_word' id='word_1_81' title='bbox 945 655 1124 703; x_wconf 87' lang='lat' dir='ltr'><strong>labores</strong></span> <span class='ocrx_word' id='word_1_82' title='bbox 1147 655 1263 704; x_wconf 87' lang='lat' dir='ltr'><strong>ferre</strong></span> <span class='ocrx_word' id='word_1_83' title='bbox 1283 668 1481 720; x_wconf 90' lang='lat' dir='ltr'><strong>poterat,</strong></span> <span class='ocrx_word' id='word_1_84' title='bbox 1521 656 1569 703; x_wconf 90' lang='lat' dir='ltr'><strong>in</strong></span> <span class='ocrx_word' id='word_1_85' title='bbox 1592 658 1744 705; x_wconf 87' lang='lat' dir='ltr'><strong>aulam</strong></span> <span class='ocrx_word' id='word_1_86' title='bbox 1770 659 1942 706; x_wconf 90' lang='lat' dir='ltr'><strong>Britto-</strong></span> 
     </span>
     <span class='ocr_line' id='line_1_10' title="bbox 161 721 940 785; baseline -0.005 -13"><span class='ocrx_word' id='word_1_87' title='bbox 161 741 272 772; x_wconf 87' lang='lat' dir='ltr'><strong>num</strong></span> <span class='ocrx_word' id='word_1_88' title='bbox 295 724 337 771; x_wconf 88' lang='lat' dir='ltr'><strong>se</strong></span> <span class='ocrx_word' id='word_1_89' title='bbox 359 724 591 771; x_wconf 78' lang='lat' dir='ltr'><strong>missurum</strong></span> <span class='ocrx_word' id='word_1_90' title='bbox 616 723 668 769; x_wconf 85' lang='lat' dir='ltr'><strong>fit</strong></span> <span class='ocrx_word' id='word_1_91' title='bbox 689 721 940 785; x_wconf 85' lang='lat' dir='ltr'><strong>pollicitus.</strong></span> 
     </span>
    </p>

    <p class='ocr_par' dir='ltr' id='par_1_3' title="bbox 162 785 1949 2328">
     <span class='ocr_line' id='line_1_11' title="bbox 227 785 1941 850; baseline -0.001 -13"><span class='ocrx_word' id='word_1_92' title='bbox 227 790 406 837; x_wconf 90' lang='lat' dir='ltr'><strong>XXIV.</strong></span> <span class='ocrx_word' id='word_1_93' title='bbox 441 787 554 835; x_wconf 91' lang='lat' dir='ltr'><strong>Iniit</strong></span> <span class='ocrx_word' id='word_1_94' title='bbox 576 804 767 850; x_wconf 89' lang='lat' dir='ltr'><strong>regnum</strong></span> <span class='ocrx_word' id='word_1_95' title='bbox 794 787 1014 832; x_wconf 70' lang='lat' dir='ltr'><strong>Arcturus</strong></span> <span class='ocrx_word' id='word_1_96' title='bbox 1035 785 1217 834; x_wconf 87' lang='lat' dir='ltr'><strong>decimo</strong></span> <span class='ocrx_word' id='word_1_97' title='bbox 1240 788 1400 834; x_wconf 64' lang='lat' dir='ltr'><strong>octavo</strong></span> <span class='ocrx_word' id='word_1_98' title='bbox 1421 785 1566 833; x_wconf 84' lang='lat' dir='ltr'><strong>aetatis</strong></span> <span class='ocrx_word' id='word_1_99' title='bbox 1590 804 1710 835; x_wconf 87' lang='lat' dir='ltr'><strong>anno</strong></span> <span class='ocrx_word' id='word_1_100' title='bbox 1733 789 1941 836; x_wconf 86' lang='lat' dir='ltr'><strong>nondum</strong></span> 
     </span>
     <span class='ocr_line' id='line_1_12' title="bbox 162 850 1942 917; baseline -0.002 -15"><span class='ocrx_word' id='word_1_101' title='bbox 162 855 364 917; x_wconf 86' lang='lat' dir='ltr'><strong>expleto.</strong></span> <span class='ocrx_word' id='word_1_102' title='bbox 434 853 523 900; x_wconf 91' lang='lat' dir='ltr'><strong>Sed</strong></span> <span class='ocrx_word' id='word_1_103' title='bbox 549 865 597 898; x_wconf 90' lang='lat' dir='ltr'><strong>ut</strong></span> <span class='ocrx_word' id='word_1_104' title='bbox 615 852 656 899; x_wconf 91' lang='lat' dir='ltr'><strong>ei</strong></span> <span class='ocrx_word' id='word_1_105' title='bbox 681 851 857 898; x_wconf 90' lang='lat' dir='ltr'><strong>animus</strong></span> <span class='ocrx_word' id='word_1_106' title='bbox 880 850 1011 913; x_wconf 91' lang='lat' dir='ltr'><strong>supra</strong></span> <span class='ocrx_word' id='word_1_107' title='bbox 1030 862 1209 898; x_wconf 85' lang='lat' dir='ltr'><strong>aetatem</strong></span> <span class='ocrx_word' id='word_1_108' title='bbox 1233 863 1345 906; x_wconf 85' lang='lat' dir='ltr'><strong>erat,</strong></span> <span class='ocrx_word' id='word_1_109' title='bbox 1369 851 1434 897; x_wconf 87' lang='lat' dir='ltr'><strong>ita</strong></span> <span class='ocrx_word' id='word_1_110' title='bbox 1452 852 1606 898; x_wconf 88' lang='lat' dir='ltr'><strong>animo</strong></span> <span class='ocrx_word' id='word_1_111' title='bbox 1629 853 1805 899; x_wconf 84' lang='lat' dir='ltr'><strong>excelso</strong></span> <span class='ocrx_word' id='word_1_112' title='bbox 1824 871 1942 900; x_wconf 88' lang='lat' dir='ltr'><strong>nun-</strong></span> 
     </span>
     <span class='ocr_line' id='line_1_13' title="bbox 162 915 1945 983; baseline -0.001 -17"><span class='ocrx_word' id='word_1_113' title='bbox 162 936 304 983; x_wconf 88' lang='lat' dir='ltr'><strong>quam</strong></span> <span class='ocrx_word' id='word_1_114' title='bbox 326 918 539 965; x_wconf 72' lang='lat' dir='ltr'><strong>successus</strong></span> <span class='ocrx_word' id='word_1_115' title='bbox 563 915 726 962; x_wconf 86' lang='lat' dir='ltr'><strong>defuit.</strong></span> <span class='ocrx_word' id='word_1_116' title='bbox 797 916 917 962; x_wconf 88' lang='lat' dir='ltr'><strong>Cum</strong></span> <span class='ocrx_word' id='word_1_117' title='bbox 942 926 1070 976; x_wconf 89' lang='lat' dir='ltr'><strong>pater</strong></span> <span class='ocrx_word' id='word_1_118' title='bbox 1097 915 1194 974; x_wconf 87' lang='lat' dir='ltr'><strong>ejus</strong></span> <span class='ocrx_word' id='word_1_119' title='bbox 1225 931 1418 978; x_wconf 88' lang='lat' dir='ltr'><strong>regnum</strong></span> <span class='ocrx_word' id='word_1_120' title='bbox 1455 916 1589 961; x_wconf 88' lang='lat' dir='ltr'><strong>certis</strong></span> <span class='ocrx_word' id='word_1_121' title='bbox 1631 916 1799 962; x_wconf 86' lang='lat' dir='ltr'><strong>finibus</strong></span> <span class='ocrx_word' id='word_1_122' title='bbox 1837 934 1945 965; x_wconf 89' lang='lat' dir='ltr'><strong>cum</strong></span> 
     </span>
     <span class='ocr_line' id='line_1_14' title="bbox 166 977 1944 1043; baseline -0.003 -11"><span class='ocrx_word' id='word_1_123' title='bbox 166 982 423 1032; x_wconf 85' lang='lat' dir='ltr'><strong>Saxonibus</strong></span> <span class='ocrx_word' id='word_1_124' title='bbox 443 980 668 1033; x_wconf 83' lang='lat' dir='ltr'><strong>divififfet,</strong></span> <span class='ocrx_word' id='word_1_125' title='bbox 691 995 944 1042; x_wconf 85' lang='lat' dir='ltr'><strong>pacemque</strong></span> <span class='ocrx_word' id='word_1_126' title='bbox 967 978 1100 1024; x_wconf 89' lang='lat' dir='ltr'><strong>certis</strong></span> <span class='ocrx_word' id='word_1_127' title='bbox 1124 978 1303 1041; x_wconf 89' lang='lat' dir='ltr'><strong>legibus</strong></span> <span class='ocrx_word' id='word_1_128' title='bbox 1324 977 1601 1033; x_wconf 82' lang='lat' dir='ltr'><strong>confecifl&#39;ct,</strong></span> <span class='ocrx_word' id='word_1_129' title='bbox 1627 980 1729 1042; x_wconf 87' lang='lat' dir='ltr'><strong>plus</strong></span> <span class='ocrx_word' id='word_1_130' title='bbox 1754 982 1876 1043; x_wconf 88' lang='lat' dir='ltr'><strong>apud</strong></span> <span class='ocrx_word' id='word_1_131' title='bbox 1897 998 1944 1027; x_wconf 88' lang='lat' dir='ltr'><strong>e·-</strong></span> 
     </span>
     <span class='ocr_line' id='line_1_15' title="bbox 163 1042 1945 1107; baseline -0.005 -11"><span class='ocrx_word' id='word_1_132' title='bbox 163 1058 215 1097; x_wconf 75' lang='lat' dir='ltr'><strong>o²s</strong></span> <span class='ocrx_word' id='word_1_133' title='bbox 232 1047 377 1094; x_wconf 82' lang='lat' dir='ltr'><strong>valuit</strong></span> <span class='ocrx_word' id='word_1_134' title='bbox 397 1045 643 1093; x_wconf 73' lang='lat' dir='ltr'><strong>occasionis</strong></span> <span class='ocrx_word' id='word_1_135' title='bbox 666 1061 720 1090; x_wconf 88' lang='lat' dir='ltr'><strong>ex</strong></span> <span class='ocrx_word' id='word_1_136' title='bbox 744 1042 1046 1090; x_wconf 79' lang='lat' dir='ltr'><strong>adolescentia</strong></span> <span class='ocrx_word' id='word_1_137' title='bbox 1068 1043 1208 1106; x_wconf 88' lang='lat' dir='ltr'><strong>Regis</strong></span> <span class='ocrx_word' id='word_1_138' title='bbox 1232 1042 1617 1099; x_wconf 80' lang='lat' dir='ltr'><strong>blandimentum,</strong></span> <span class='ocrx_word' id='word_1_139' title='bbox 1641 1061 1779 1107; x_wconf 89' lang='lat' dir='ltr'><strong>quam</strong></span> <span class='ocrx_word' id='word_1_140' title='bbox 1798 1044 1945 1092; x_wconf 86' lang='lat' dir='ltr'><strong>foede-</strong></span> 
     </span>
     <span class='ocr_line' id='line_1_16' title="bbox 163 1106 1944 1173; baseline -0.003 -11"><span class='ocrx_word' id='word_1_141' title='bbox 163 1130 265 1162; x_wconf 87' lang='lat' dir='ltr'><strong>rum</strong></span> <span class='ocrx_word' id='word_1_142' title='bbox 289 1109 510 1158; x_wconf 59' lang='lat' dir='ltr'><strong>sanititas.</strong></span> <span class='ocrx_word' id='word_1_143' title='bbox 581 1111 801 1156; x_wconf 69' lang='lat' dir='ltr'><strong>Arcturus</strong></span> <span class='ocrx_word' id='word_1_144' title='bbox 837 1120 886 1154; x_wconf 87' lang='lat' dir='ltr'><strong>ut</strong></span> <span class='ocrx_word' id='word_1_145' title='bbox 919 1107 1187 1154; x_wconf 81' lang='lat' dir='ltr'><strong>incendium</strong></span> <span class='ocrx_word' id='word_1_146' title='bbox 1209 1108 1256 1153; x_wconf 89' lang='lat' dir='ltr'><strong>in</strong></span> <span class='ocrx_word' id='word_1_147' title='bbox 1282 1121 1385 1154; x_wconf 89' lang='lat' dir='ltr'><strong>ortu</strong></span> <span class='ocrx_word' id='word_1_148' title='bbox 1407 1106 1505 1168; x_wconf 87' lang='lat' dir='ltr'><strong>ipso</strong></span> <span class='ocrx_word' id='word_1_149' title='bbox 1529 1107 1674 1155; x_wconf 84' lang='lat' dir='ltr'><strong>statim</strong></span> <span class='ocrx_word' id='word_1_150' title='bbox 1698 1108 1944 1173; x_wconf 82' lang='lat' dir='ltr'><strong>extingue·-</strong></span> 
     </span>
     <span class='ocr_line' id='line_1_17' title="bbox 163 1171 1944 1234; baseline -0.002 -9"><span class='ocrx_word' id='word_1_151' title='bbox 163 1191 233 1225; x_wconf 88' lang='lat' dir='ltr'><strong>ret</strong></span> <span class='ocrx_word' id='word_1_152' title='bbox 256 1176 448 1225; x_wconf 73' lang='grc' dir='ltr'><strong>εοῖὶεξὶο</strong></span> <span class='ocrx_word' id='word_1_153' title='bbox 469 1173 602 1223; x_wconf 87' lang='lat' dir='ltr'><strong>citius</strong></span> <span class='ocrx_word' id='word_1_154' title='bbox 625 1173 835 1221; x_wconf 85' lang='lat' dir='ltr'><strong>omnium</strong></span> <span class='ocrx_word' id='word_1_155' title='bbox 857 1172 1076 1234; x_wconf 89' lang='lat' dir='ltr'><strong>opinione</strong></span> <span class='ocrx_word' id='word_1_156' title='bbox 1107 1171 1324 1226; x_wconf 85' lang='lat' dir='ltr'><strong>exercitu,</strong></span> <span class='ocrx_word' id='word_1_157' title='bbox 1360 1172 1611 1234; x_wconf 68' lang='lat' dir='ltr'><strong>accitisque</strong></span> <span class='ocrx_word' id='word_1_158' title='bbox 1626 1174 1876 1229; x_wconf 66' lang='lat' dir='ltr'><strong>Pictorum,</strong></span> <span class='ocrx_word' id='word_1_159' title='bbox 1903 1181 1944 1222; x_wconf 70' lang='grc' dir='ltr'><strong>δε</strong></span> 
     </span>
     <span class='ocr_line' id='line_1_18' title="bbox 166 1236 1941 1300; baseline -0.008 -10"><span class='ocrx_word' id='word_1_160' title='bbox 166 1246 407 1290; x_wconf 83' lang='lat' dir='ltr'><strong>Scotorum</strong></span> <span class='ocrx_word' id='word_1_161' title='bbox 430 1239 610 1287; x_wconf 85' lang='lat' dir='ltr'><strong>auxiliis</strong></span> <span class='ocrx_word' id='word_1_162' title='bbox 634 1239 813 1287; x_wconf 90' lang='lat' dir='ltr'><strong>duobus</strong></span> <span class='ocrx_word' id='word_1_163' title='bbox 837 1236 1016 1300; x_wconf 88' lang='lat' dir='ltr'><strong>magnis</strong></span> <span class='ocrx_word' id='word_1_164' title='bbox 1051 1237 1222 1300; x_wconf 83' lang='lat' dir='ltr'><strong>praeliis</strong></span> <span class='ocrx_word' id='word_1_165' title='bbox 1253 1238 1425 1282; x_wconf 87' lang='lat' dir='ltr'><strong>hostem</strong></span> <span class='ocrx_word' id='word_1_166' title='bbox 1447 1236 1560 1282; x_wconf 88' lang='lat' dir='ltr'><strong>vicit</strong></span> <span class='ocrx_word' id='word_1_167' title='bbox 1588 1255 1599 1283; x_wconf 91' lang='lat'>:</span> <span class='ocrx_word' id='word_1_168' title='bbox 1644 1241 1693 1287; x_wconf 66' lang='grc' dir='ltr'><strong>ὃς</strong></span> <span class='ocrx_word' id='word_1_169' title='bbox 1715 1239 1772 1284; x_wconf 89' lang='lat' dir='ltr'><strong>ad</strong></span> <span class='ocrx_word' id='word_1_170' title='bbox 1796 1238 1941 1286; x_wconf 89' lang='lat' dir='ltr'><strong>tribu-</strong></span> 
     </span>
     <span class='ocr_line' id='line_1_19' title="bbox 165 1301 1944 1369; baseline -0.003 -14"><span class='ocrx_word' id='word_1_171' title='bbox 165 1323 263 1356; x_wconf 82' lang='lat' dir='ltr'><strong>tum</strong></span> <span class='ocrx_word' id='word_1_172' title='bbox 287 1305 598 1369; x_wconf 84' lang='lat' dir='ltr'><strong>pendendum,</strong></span> <span class='ocrx_word' id='word_1_173' title='bbox 625 1304 837 1368; x_wconf 86' lang='lat' dir='ltr'><strong>legesque</strong></span> <span class='ocrx_word' id='word_1_174' title='bbox 859 1301 1150 1366; x_wconf 84' lang='lat' dir='ltr'><strong>accipiendas</strong></span> <span class='ocrx_word' id='word_1_175' title='bbox 1173 1301 1418 1363; x_wconf 79' lang='lat' dir='ltr'><strong>compulit.</strong></span> <span class='ocrx_word' id='word_1_176' title='bbox 1467 1302 1644 1348; x_wconf 88' lang='lat' dir='ltr'><strong>Eodem</strong></span> <span class='ocrx_word' id='word_1_177' title='bbox 1666 1301 1846 1365; x_wconf 88' lang='lat' dir='ltr'><strong>impetu</strong></span> <span class='ocrx_word' id='word_1_178' title='bbox 1869 1319 1944 1350; x_wconf 88' lang='lat' dir='ltr'><strong>ca—</strong></span> 
     </span>
     <span class='ocr_line' id='line_1_20' title="bbox 164 1365 1946 1437; baseline -0.003 -17"><span class='ocrx_word' id='word_1_179' title='bbox 164 1385 249 1437; x_wconf 82' lang='lat' dir='ltr'><strong>put</strong></span> <span class='ocrx_word' id='word_1_180' title='bbox 271 1369 401 1435; x_wconf 87' lang='lat' dir='ltr'><strong>regni</strong></span> <span class='ocrx_word' id='word_1_181' title='bbox 426 1368 642 1417; x_wconf 88' lang='lat' dir='ltr'><strong>Saxonici</strong></span> <span class='ocrx_word' id='word_1_182' title='bbox 664 1367 930 1416; x_wconf 87' lang='lat' dir='ltr'><strong>Londinum</strong></span> <span class='ocrx_word' id='word_1_183' title='bbox 953 1367 1094 1430; x_wconf 86' lang='lat' dir='ltr'><strong>capit,</strong></span> <span class='ocrx_word' id='word_1_184' title='bbox 1132 1373 1172 1412; x_wconf 72' lang='lat' dir='ltr'><strong>Sc</strong></span> <span class='ocrx_word' id='word_1_185' title='bbox 1195 1366 1328 1412; x_wconf 90' lang='lat' dir='ltr'><strong>rebus</strong></span> <span class='ocrx_word' id='word_1_186' title='bbox 1363 1365 1432 1412; x_wconf 89' lang='lat' dir='ltr'><strong>ibi</strong></span> <span class='ocrx_word' id='word_1_187' title='bbox 1455 1366 1717 1429; x_wconf 80' lang='lat' dir='ltr'><strong>compositis</strong></span> <span class='ocrx_word' id='word_1_188' title='bbox 1740 1369 1946 1414; x_wconf 22' lang='lat' dir='ltr'><strong>metalli·</strong></span> 
     </span>
     <span class='ocr_line' id='line_1_21' title="bbox 165 1430 1945 1487; baseline -0.002 -3"><span class='ocrx_word' id='word_1_189' title='bbox 165 1440 382 1486; x_wconf 77' lang='lat' dir='ltr'><strong>box-acum</strong></span> <span class='ocrx_word' id='word_1_190' title='bbox 407 1435 552 1482; x_wconf 89' lang='lat' dir='ltr'><strong>ducit.</strong></span> <span class='ocrx_word' id='word_1_191' title='bbox 623 1435 712 1482; x_wconf 90' lang='lat' dir='ltr'><strong>Sed</strong></span> <span class='ocrx_word' id='word_1_192' title='bbox 735 1450 805 1479; x_wconf 82' lang='lat' dir='ltr'><strong>au·</strong></span> <span class='ocrx_word' id='word_1_193' title='bbox 826 1431 1011 1478; x_wconf 83' lang='lat' dir='ltr'><strong>iliorum</strong></span> <span class='ocrx_word' id='word_1_194' title='bbox 1030 1448 1054 1478; x_wconf 91' lang='lat' dir='ltr'><strong>e</strong></span> <span class='ocrx_word' id='word_1_195' title='bbox 1079 1431 1332 1478; x_wconf 85' lang='lat' dir='ltr'><strong>Germania</strong></span> <span class='ocrx_word' id='word_1_196' title='bbox 1354 1430 1700 1478; x_wconf 84' lang='lat' dir='ltr'><strong>advenientium</strong></span> <span class='ocrx_word' id='word_1_197' title='bbox 1724 1431 1865 1487; x_wconf 86' lang='lat' dir='ltr'><strong>fama,</strong></span> <span class='ocrx_word' id='word_1_198' title='bbox 1904 1438 1945 1480; x_wconf 74' lang='grc' dir='ltr'><strong>δε</strong></span> 
     </span>
     <span class='ocr_line' id='line_1_22' title="bbox 163 1494 1944 1568; baseline -0.003 -19"><span class='ocrx_word' id='word_1_199' title='bbox 163 1501 429 1568; x_wconf 82' lang='lat' dir='ltr'><strong>propinqua</strong></span> <span class='ocrx_word' id='word_1_200' title='bbox 449 1500 596 1549; x_wconf 86' lang='lat' dir='ltr'><strong>hiems</strong></span> <span class='ocrx_word' id='word_1_201' title='bbox 619 1497 902 1547; x_wconf 72' lang='lat' dir='ltr'><strong>obsidionem</strong></span> <span class='ocrx_word' id='word_1_202' title='bbox 925 1499 1094 1543; x_wconf 84' lang='lat' dir='ltr'><strong>solvere</strong></span> <span class='ocrx_word' id='word_1_203' title='bbox 1118 1495 1286 1559; x_wconf 82' lang='lat' dir='ltr'><strong>coegit.</strong></span> <span class='ocrx_word' id='word_1_204' title='bbox 1357 1494 1571 1542; x_wconf 87' lang='lat' dir='ltr'><strong>Proxima</strong></span> <span class='ocrx_word' id='word_1_205' title='bbox 1606 1497 1752 1542; x_wconf 83' lang='lat' dir='ltr'><strong>aestate</strong></span> <span class='ocrx_word' id='word_1_206' title='bbox 1778 1498 1944 1544; x_wconf 64' lang='lat' dir='ltr'><strong>Arcm&#39;-</strong></span> 
     </span>
     <span class='ocr_line' id='line_1_23' title="bbox 163 1560 1944 1629; baseline -0.004 -14"><span class='ocrx_word' id='word_1_207' title='bbox 163 1584 242 1615; x_wconf 81' lang='lat' dir='ltr'><strong>rus</strong></span> <span class='ocrx_word' id='word_1_208' title='bbox 284 1578 410 1614; x_wconf 89' lang='lat' dir='ltr'><strong>metu</strong></span> <span class='ocrx_word' id='word_1_209' title='bbox 432 1564 613 1629; x_wconf 86' lang='lat' dir='ltr'><strong>ingenti</strong></span> <span class='ocrx_word' id='word_1_210' title='bbox 649 1581 707 1612; x_wconf 85' lang='lat' dir='ltr'><strong>ex</strong></span> <span class='ocrx_word' id='word_1_211' title='bbox 745 1562 851 1609; x_wconf 87' lang='lat' dir='ltr'><strong>anni</strong></span> <span class='ocrx_word' id='word_1_212' title='bbox 883 1561 1123 1625; x_wconf 87' lang='lat' dir='ltr'><strong>superioris</strong></span> <span class='ocrx_word' id='word_1_213' title='bbox 1147 1560 1387 1624; x_wconf 86' lang='lat' dir='ltr'><strong>repentino</strong></span> <span class='ocrx_word' id='word_1_214' title='bbox 1427 1560 1616 1607; x_wconf 75' lang='lat' dir='ltr'><strong>success&#39;u</strong></span> <span class='ocrx_word' id='word_1_215' title='bbox 1639 1560 1824 1622; x_wconf 67' lang='lat' dir='ltr'><strong>injecto,</strong></span> <span class='ocrx_word' id='word_1_216' title='bbox 1863 1561 1944 1608; x_wconf 91' lang='lat' dir='ltr'><strong>ubi</strong></span> 
     </span>
     <span class='ocr_line' id='line_1_24' title="bbox 163 1625 1949 1696; baseline -0.006 -17"><span class='ocrx_word' id='word_1_217' title='bbox 163 1632 365 1696; x_wconf 86' lang='lat' dir='ltr'><strong>primum</strong></span> <span class='ocrx_word' id='word_1_218' title='bbox 390 1630 650 1677; x_wconf 87' lang='lat' dir='ltr'><strong>Eboracum</strong></span> <span class='ocrx_word' id='word_1_219' title='bbox 668 1626 871 1680; x_wconf 88' lang='lat' dir='ltr'><strong>advenit,</strong></span> <span class='ocrx_word' id='word_1_220' title='bbox 895 1626 1128 1690; x_wconf 84' lang='lat' dir='ltr'><strong>oppidum</strong></span> <span class='ocrx_word' id='word_1_221' title='bbox 1137 1643 1218 1689; x_wconf 90' lang='lat' dir='ltr'><strong>per</strong></span> <span class='ocrx_word' id='word_1_222' title='bbox 1235 1625 1519 1672; x_wconf 78' lang='lat' dir='ltr'><strong>deditionem</strong></span> <span class='ocrx_word' id='word_1_223' title='bbox 1538 1625 1728 1688; x_wconf 87' lang='lat' dir='ltr'><strong>recepit.</strong></span> <span class='ocrx_word' id='word_1_224' title='bbox 1771 1627 1840 1673; x_wconf 90' lang='grc' dir='ltr'><strong>Εὸ</strong></span> <span class='ocrx_word' id='word_1_225' title='bbox 1861 1644 1949 1673; x_wconf 81' lang='lat' dir='ltr'><strong>un.</strong></span> 
     </span>
     <span class='ocr_line' id='line_1_25' title="bbox 165 1689 1943 1761; baseline -0.003 -17"><span class='ocrx_word' id='word_1_226' title='bbox 165 1697 308 1761; x_wconf 87' lang='lat' dir='ltr'><strong>dique</strong></span> <span class='ocrx_word' id='word_1_227' title='bbox 328 1693 604 1750; x_wconf 88' lang='lat' dir='ltr'><strong>vicinorum,</strong></span> <span class='ocrx_word' id='word_1_228' title='bbox 647 1700 686 1742; x_wconf 70' lang='grc' dir='ltr'><strong>δε</strong></span> <span class='ocrx_word' id='word_1_229' title='bbox 709 1693 878 1741; x_wconf 87' lang='lat' dir='ltr'><strong>civium</strong></span> <span class='ocrx_word' id='word_1_230' title='bbox 911 1691 1152 1738; x_wconf 90' lang='lat' dir='ltr'><strong>nobilitate</strong></span> <span class='ocrx_word' id='word_1_231' title='bbox 1174 1690 1447 1737; x_wconf 88' lang='lat' dir='ltr'><strong>adveniente</strong></span> <span class='ocrx_word' id='word_1_232' title='bbox 1469 1706 1574 1737; x_wconf 90' lang='lat' dir='ltr'><strong>cum</strong></span> <span class='ocrx_word' id='word_1_233' title='bbox 1608 1689 1679 1736; x_wconf 84' lang='lat' dir='ltr'><strong>ibi</strong></span> <span class='ocrx_word' id='word_1_234' title='bbox 1701 1690 1943 1747; x_wconf 81' lang='lat' dir='ltr'><strong>hiemaret,</strong></span> 
     </span>
     <span class='ocr_line' id='line_1_26' title="bbox 167 1753 1949 1819; baseline -0.004 -10"><span class='ocrx_word' id='word_1_235' title='bbox 167 1776 374 1809; x_wconf 82' lang='lat' dir='ltr'><strong>extremo</strong></span> <span class='ocrx_word' id='word_1_236' title='bbox 398 1758 648 1808; x_wconf 85' lang='lat' dir='ltr'><strong>Decembri</strong></span> <span class='ocrx_word' id='word_1_237' title='bbox 671 1757 883 1806; x_wconf 88' lang='lat' dir='ltr'><strong>omnibus</strong></span> <span class='ocrx_word' id='word_1_238' title='bbox 904 1755 1038 1811; x_wconf 82' lang='lat' dir='ltr'><strong>laetis,</strong></span> <span class='ocrx_word' id='word_1_239' title='bbox 1077 1762 1116 1802; x_wconf 67' lang='grc' dir='ltr'><strong>δε</strong></span> <span class='ocrx_word' id='word_1_240' title='bbox 1140 1753 1384 1819; x_wconf 78' lang='lat' dir='ltr'><strong>potationi,</strong></span> <span class='ocrx_word' id='word_1_241' title='bbox 1410 1753 1673 1817; x_wconf 83' lang='lat' dir='ltr'><strong>caeterisque</strong></span> <span class='ocrx_word' id='word_1_242' title='bbox 1696 1772 1799 1817; x_wconf 84' lang='lat' dir='ltr'><strong>quae</strong></span> <span class='ocrx_word' id='word_1_243' title='bbox 1820 1772 1876 1802; x_wconf 81' lang='lat' dir='ltr'><strong>ex</strong></span> <span class='ocrx_word' id='word_1_244' title='bbox 1895 1772 1949 1802; x_wconf 92' lang='lat' dir='ltr'><strong>ea</strong></span> 
     </span>
     <span class='ocr_line' id='line_1_27' title="bbox 166 1818 1948 1883; baseline -0.006 -8"><span class='ocrx_word' id='word_1_245' title='bbox 166 1827 409 1875; x_wconf 87' lang='lat' dir='ltr'><strong>nascuntur</strong></span> <span class='ocrx_word' id='word_1_246' title='bbox 423 1824 547 1873; x_wconf 90' lang='lat' dir='ltr'><strong>vitiis</strong></span> <span class='ocrx_word' id='word_1_247' title='bbox 561 1823 727 1872; x_wconf 87' lang='lat' dir='ltr'><strong>deditis</strong></span> <span class='ocrx_word' id='word_1_248' title='bbox 748 1833 902 1869; x_wconf 87' lang='lat' dir='ltr'><strong>renata</strong></span> <span class='ocrx_word' id='word_1_249' title='bbox 915 1822 975 1868; x_wconf 91' lang='lat' dir='ltr'><strong>est</strong></span> <span class='ocrx_word' id='word_1_250' title='bbox 992 1823 1062 1882; x_wconf 86' lang='grc' dir='ltr'><strong>(ι)</strong></span> <span class='ocrx_word' id='word_1_251' title='bbox 1080 1835 1284 1868; x_wconf 84' lang='lat' dir='ltr'><strong>veterum</strong></span> <span class='ocrx_word' id='word_1_252' title='bbox 1306 1818 1666 1874; x_wconf 73' lang='lat' dir='ltr'><strong>saturnaliorum</strong></span> <span class='ocrx_word' id='word_1_253' title='bbox 1679 1818 1853 1883; x_wconf 76' lang='lat' dir='ltr'><strong>imago,</strong></span> <span class='ocrx_word' id='word_1_254' title='bbox 1870 1820 1948 1866; x_wconf 89' lang='lat' dir='ltr'><strong>sed</strong></span> 
     </span>
     <span class='ocr_line' id='line_1_28' title="bbox 167 1883 1947 1952; baseline -0.006 -11"><span class='ocrx_word' id='word_1_255' title='bbox 167 1906 360 1942; x_wconf 88' lang='lat' dir='ltr'><strong>numero</strong></span> <span class='ocrx_word' id='word_1_256' title='bbox 381 1888 560 1938; x_wconf 87' lang='lat' dir='ltr'><strong>dierum</strong></span> <span class='ocrx_word' id='word_1_257' title='bbox 579 1887 833 1952; x_wconf 87' lang='lat' dir='ltr'><strong>duplicato,</strong></span> <span class='ocrx_word' id='word_1_258' title='bbox 860 1891 900 1933; x_wconf 88' lang='lat'>&amp;</span> <span class='ocrx_word' id='word_1_259' title='bbox 923 1885 1045 1949; x_wconf 91' lang='lat' dir='ltr'><strong>apud</strong></span> <span class='ocrx_word' id='word_1_260' title='bbox 1069 1883 1351 1948; x_wconf 90' lang='lat' dir='ltr'><strong>potentiores</strong></span> <span class='ocrx_word' id='word_1_261' title='bbox 1375 1883 1605 1946; x_wconf 82' lang='lat' dir='ltr'><strong>triplicato</strong></span> <span class='ocrx_word' id='word_1_262' title='bbox 1627 1901 1638 1929; x_wconf 75' lang='grc' dir='ltr'><strong><em>ε</em></strong></span> <span class='ocrx_word' id='word_1_263' title='bbox 1683 1885 1851 1945; x_wconf 79' lang='lat' dir='ltr'><strong>quibus</strong></span> <span class='ocrx_word' id='word_1_264' title='bbox 1875 1884 1947 1931; x_wconf 87' lang='lat' dir='ltr'><strong>di-</strong></span> 
     </span>
     <span class='ocr_line' id='line_1_29' title="bbox 167 1947 1945 2021; baseline -0.006 -16"><span class='ocrx_word' id='word_1_265' title='bbox 167 1958 279 2005; x_wconf 78' lang='lat' dir='ltr'><strong>ebus</strong></span> <span class='ocrx_word' id='word_1_266' title='bbox 302 1955 593 2021; x_wconf 79' lang='lat' dir='ltr'><strong>propenefas</strong></span> <span class='ocrx_word' id='word_1_267' title='bbox 617 1953 810 2001; x_wconf 91' lang='lat' dir='ltr'><strong>habetur</strong></span> <span class='ocrx_word' id='word_1_268' title='bbox 829 1951 1006 2014; x_wconf 83' lang='lat' dir='ltr'><strong>aliquid</strong></span> <span class='ocrx_word' id='word_1_269' title='bbox 1029 1950 1150 1996; x_wconf 81' lang='lat' dir='ltr'><strong>seriae</strong></span> <span class='ocrx_word' id='word_1_270' title='bbox 1171 1949 1239 1997; x_wconf 92' lang='lat' dir='ltr'><strong>rei</strong></span> <span class='ocrx_word' id='word_1_271' title='bbox 1257 1965 1406 2013; x_wconf 90' lang='lat' dir='ltr'><strong>agere.</strong></span> <span class='ocrx_word' id='word_1_272' title='bbox 1462 1949 1659 1995; x_wconf 88' lang='lat' dir='ltr'><strong>Munera</strong></span> <span class='ocrx_word' id='word_1_273' title='bbox 1681 1947 1945 1995; x_wconf 87' lang='lat' dir='ltr'><strong>mittuntur.</strong></span> 
     </span>
     <span class='ocr_line' id='line_1_30' title="bbox 167 2011 1948 2083; baseline -0.006 -13"><span class='ocrx_word' id='word_1_274' title='bbox 167 2022 244 2070; x_wconf 88' lang='lat' dir='ltr'><strong>Fit</strong></span> <span class='ocrx_word' id='word_1_275' title='bbox 266 2035 442 2075; x_wconf 82' lang='lat' dir='ltr'><strong>mutua,</strong></span> <span class='ocrx_word' id='word_1_276' title='bbox 470 2025 510 2068; x_wconf 77' lang='grc' dir='ltr'><strong>δι</strong></span> <span class='ocrx_word' id='word_1_277' title='bbox 534 2019 711 2083; x_wconf 84' lang='lat' dir='ltr'><strong>prolixa</strong></span> <span class='ocrx_word' id='word_1_278' title='bbox 733 2018 853 2064; x_wconf 89' lang='lat' dir='ltr'><strong>inter</strong></span> <span class='ocrx_word' id='word_1_279' title='bbox 875 2015 1042 2062; x_wconf 60' lang='lat' dir='ltr'><strong>amicos</strong></span> <span class='ocrx_word' id='word_1_280' title='bbox 1068 2014 1296 2064; x_wconf 87' lang='lat' dir='ltr'><strong>invitatio.</strong></span> <span class='ocrx_word' id='word_1_281' title='bbox 1325 2015 1365 2061; x_wconf 88' lang='lat' dir='ltr'>A</span> <span class='ocrx_word' id='word_1_282' title='bbox 1390 2011 1696 2060; x_wconf 84' lang='lat' dir='ltr'><strong>ministrorum</strong></span> <span class='ocrx_word' id='word_1_283' title='bbox 1719 2012 1948 2077; x_wconf 82' lang='lat' dir='ltr'><strong>castigati-</strong></span> 
     </span>
     <span class='ocr_line' id='line_1_31' title="bbox 170 2075 1947 2145; baseline -0.006 -11"><span class='ocrx_word' id='word_1_284' title='bbox 170 2104 267 2135; x_wconf 89' lang='lat' dir='ltr'><strong>one·</strong></span> <span class='ocrx_word' id='word_1_285' title='bbox 282 2086 546 2133; x_wconf 83' lang='lat' dir='ltr'><strong>abstinetur.</strong></span> <span class='ocrx_word' id='word_1_286' title='bbox 567 2082 730 2131; x_wconf 79' lang='lat' dir='ltr'><strong>Nostri·</strong></span> <span class='ocrx_word' id='word_1_287' title='bbox 745 2083 814 2143; x_wconf 83' lang='lat'><strong>(2)</strong></span> <span class='ocrx_word' id='word_1_288' title='bbox 838 2079 960 2145; x_wconf 71' lang='lat' dir='ltr'><strong>J,u.lia</strong></span> <span class='ocrx_word' id='word_1_289' title='bbox 983 2080 1031 2128; x_wconf 83' lang='lat' dir='ltr'><strong>id</strong></span> <span class='ocrx_word' id='word_1_290' title='bbox 1047 2080 1206 2127; x_wconf 86' lang='lat' dir='ltr'><strong>festum</strong></span> <span class='ocrx_word' id='word_1_291' title='bbox 1223 2089 1404 2133; x_wconf 91' lang='lat' dir='ltr'><strong>vocant,</strong></span> <span class='ocrx_word' id='word_1_292' title='bbox 1426 2076 1613 2126; x_wconf 71' lang='lat' dir='ltr'><strong>Cae-saris</strong></span> <span class='ocrx_word' id='word_1_293' title='bbox 1631 2075 1849 2124; x_wconf 81' lang='lat' dir='ltr'><strong>videlicet</strong></span> <span class='ocrx_word' id='word_1_294' title='bbox 1863 2094 1947 2124; x_wconf 87' lang='lat' dir='ltr'><strong>no-</strong></span> 
     </span>
     <span class='ocr_line' id='line_1_32' title="bbox 168 2141 1948 2215; baseline -0.006 -16"><span class='ocrx_word' id='word_1_295' title='bbox 168 2150 293 2199; x_wconf 86' lang='lat' dir='ltr'><strong>mine</strong></span> <span class='ocrx_word' id='word_1_296' title='bbox 313 2167 396 2215; x_wconf 88' lang='lat' dir='ltr'><strong>pro</strong></span> <span class='ocrx_word' id='word_1_297' title='bbox 420 2152 613 2201; x_wconf 73' lang='lat' dir='ltr'><strong>Saturno</strong></span> <span class='ocrx_word' id='word_1_298' title='bbox 631 2147 883 2195; x_wconf 84' lang='lat' dir='ltr'><strong>substituto.</strong></span> <span class='ocrx_word' id='word_1_299' title='bbox 940 2146 1100 2208; x_wconf 83' lang='lat' dir='ltr'><strong>Vulgo</strong></span> <span class='ocrx_word' id='word_1_300' title='bbox 1120 2143 1375 2208; x_wconf 84' lang='lat' dir='ltr'><strong>persuasum</strong></span> <span class='ocrx_word' id='word_1_301' title='bbox 1398 2143 1459 2189; x_wconf 90' lang='lat' dir='ltr'><strong>est</strong></span> <span class='ocrx_word' id='word_1_302' title='bbox 1481 2141 1678 2188; x_wconf 80' lang='lat' dir='ltr'><strong>natalem</strong></span> <span class='ocrx_word' id='word_1_303' title='bbox 1701 2141 1869 2191; x_wconf 77' lang='lat' dir='ltr'><strong>Christi</strong></span> <span class='ocrx_word' id='word_1_304' title='bbox 1889 2141 1948 2189; x_wconf 74' lang='lat' dir='ltr'><strong>iis</strong></span> 
     </span>
     <span class='ocr_line' id='line_1_33' title="bbox 171 2205 1949 2276; baseline -0.005 -13"><span class='ocrx_word' id='word_1_305' title='bbox 171 2214 444 2265; x_wconf 82' lang='lat' dir='ltr'><strong>ceremoniis</strong></span> <span class='ocrx_word' id='word_1_306' title='bbox 467 2212 593 2261; x_wconf 85' lang='lat' dir='ltr'><strong>coli:</strong></span> <span class='ocrx_word' id='word_1_307' title='bbox 628 2212 782 2276; x_wconf 90' lang='lat' dir='ltr'><strong>quain</strong></span> <span class='ocrx_word' id='word_1_308' title='bbox 808 2229 855 2258; x_wconf 89' lang='lat' dir='ltr'><strong>re</strong></span> <span class='ocrx_word' id='word_1_309' title='bbox 889 2209 1038 2256; x_wconf 88' lang='lat' dir='ltr'><strong>verius</strong></span> <span class='ocrx_word' id='word_1_310' title='bbox 1075 2207 1483 2258; x_wconf 85' lang='lat' dir='ltr'><strong>Bacchanaliorum</strong></span> <span class='ocrx_word' id='word_1_311' title='bbox 1515 2205 1760 2261; x_wconf 85' lang='lat' dir='ltr'><strong>lasciviam,</strong></span> <span class='ocrx_word' id='word_1_312' title='bbox 1807 2221 1949 2270; x_wconf 83' lang='lat' dir='ltr'><strong>quam</strong></span> 
     </span>
     <span class='ocr_line' id='line_1_34' title="bbox 171 2273 1551 2328; baseline -0.008 0"><span class='ocrx_word' id='word_1_313' title='bbox 171 2279 340 2328; x_wconf 73' lang='lat' dir='ltr'><strong>Christi</strong></span> <span class='ocrx_word' id='word_1_314' title='bbox 363 2293 462 2327; x_wconf 90' lang='lat' dir='ltr'><strong>tum</strong></span> <span class='ocrx_word' id='word_1_315' title='bbox 485 2278 580 2326; x_wconf 87' lang='lat' dir='ltr'><strong>nati</strong></span> <span class='ocrx_word' id='word_1_316' title='bbox 601 2277 870 2325; x_wconf 86' lang='lat' dir='ltr'><strong>memoriam</strong></span> <span class='ocrx_word' id='word_1_317' title='bbox 891 2274 1055 2322; x_wconf 87' lang='lat' dir='ltr'><strong>referri-</strong></span> <span class='ocrx_word' id='word_1_318' title='bbox 1071 2273 1174 2320; x_wconf 87' lang='lat' dir='ltr'><strong>satis</strong></span> <span class='ocrx_word' id='word_1_319' title='bbox 1196 2273 1381 2323; x_wconf 83' lang='lat' dir='ltr'><strong>constat.</strong></span> <span class='ocrx_word' id='word_1_320' title='bbox 1533 2315 1551 2321; x_wconf 77' lang='grc'><strong>,,</strong></span> 
     </span>
    </p>

    <p class='ocr_par' dir='ltr' id='par_1_4' title="bbox 159 2334 1987 3247">
     <span class='ocr_line' id='line_1_35' title="bbox 236 2334 1948 2405; baseline -0.007 -13"><span class='ocrx_word' id='word_1_321' title='bbox 236 2346 390 2405; x_wconf 78' lang='lat' dir='ltr'>XXV.</span> <span class='ocrx_word' id='word_1_322' title='bbox 423 2346 602 2391; x_wconf 85' lang='lat' dir='ltr'><strong>Interea</strong></span> <span class='ocrx_word' id='word_1_323' title='bbox 623 2359 729 2389; x_wconf 88' lang='lat' dir='ltr'><strong>cum</strong></span> <span class='ocrx_word' id='word_1_324' title='bbox 756 2343 954 2388; x_wconf 84' lang='lat' dir='ltr'><strong>Saxones</strong></span> <span class='ocrx_word' id='word_1_325' title='bbox 977 2339 1032 2387; x_wconf 87' lang='lat' dir='ltr'><strong>ad</strong></span> <span class='ocrx_word' id='word_1_326' title='bbox 1059 2339 1292 2386; x_wconf 89' lang='lat' dir='ltr'><strong>Umbrum</strong></span> <span class='ocrx_word' id='word_1_327' title='bbox 1320 2336 1579 2384; x_wconf 83' lang='lat' dir='ltr'><strong>dicerentur</strong></span> <span class='ocrx_word' id='word_1_328' title='bbox 1600 2334 1768 2381; x_wconf 87' lang='lat' dir='ltr'><strong>habere</strong></span> <span class='ocrx_word' id='word_1_329' title='bbox 1793 2335 1948 2391; x_wconf 85' lang='lat' dir='ltr'><strong>castra,</strong></span> 
     </span>
     <span class='ocr_line' id='line_1_36' title="bbox 169 2398 1952 2468; baseline -0.01 -10"><span class='ocrx_word' id='word_1_330' title='bbox 169 2405 391 2459; x_wconf 55' lang='lat' dir='ltr'><strong>Arcturus</strong></span> <span class='ocrx_word' id='word_1_331' title='bbox 411 2410 468 2456; x_wconf 90' lang='lat' dir='ltr'><strong>ad</strong></span> <span class='ocrx_word' id='word_1_332' title='bbox 490 2407 632 2455; x_wconf 90' lang='lat' dir='ltr'><strong>dubia</strong></span> <span class='ocrx_word' id='word_1_333' title='bbox 659 2407 809 2454; x_wconf 88' lang='lat' dir='ltr'><strong>adhuc</strong></span> <span class='ocrx_word' id='word_1_334' title='bbox 831 2406 957 2468; x_wconf 75' lang='lat' dir='ltr'><strong>signa</strong></span> <span class='ocrx_word' id='word_1_335' title='bbox 977 2402 1095 2450; x_wconf 82' lang='lat' dir='ltr'><strong>veris</strong></span> <span class='ocrx_word' id='word_1_336' title='bbox 1123 2403 1180 2449; x_wconf 93' lang='lat' dir='ltr'><strong>ad</strong></span> <span class='ocrx_word' id='word_1_337' title='bbox 1207 2418 1285 2448; x_wconf 91' lang='lat' dir='ltr'><strong>eos</strong></span> <span class='ocrx_word' id='word_1_338' title='bbox 1308 2401 1451 2448; x_wconf 85' lang='lat' dir='ltr'><strong>ducit.</strong></span> <span class='ocrx_word' id='word_1_339' title='bbox 1522 2401 1592 2462; x_wconf 87' lang='lat'><strong>(3)</strong></span> <span class='ocrx_word' id='word_1_340' title='bbox 1619 2398 1771 2446; x_wconf 72' lang='lat' dir='ltr'><strong>Fraffi·</strong></span> <span class='ocrx_word' id='word_1_341' title='bbox 1785 2401 1952 2462; x_wconf 82' lang='lat' dir='ltr'><strong>volup.</strong></span> 
     </span>
     <span class='ocr_line' id='line_1_37' title="bbox 159 2463 1953 2533; baseline -0.006 -10"><span class='ocrx_word' id='word_1_342' title='bbox 159 2474 340 2526; x_wconf 67' lang='lat' dir='ltr'><strong>⁴tatibus</strong></span> <span class='ocrx_word' id='word_1_343' title='bbox 360 2473 712 2522; x_wconf 73' lang='lat' dir='ltr'><strong>Brittones·cum</strong></span> <span class='ocrx_word' id='word_1_344' title='bbox 729 2469 908 2533; x_wconf 88' lang='lat' dir='ltr'><strong>segnius</strong></span> <span class='ocrx_word' id='word_1_345' title='bbox 932 2467 1109 2515; x_wconf 82' lang='lat' dir='ltr'><strong>militiae</strong></span> <span class='ocrx_word' id='word_1_346' title='bbox 1129 2483 1317 2513; x_wconf 88' lang='lat' dir='ltr'><strong>munera</strong></span> <span class='ocrx_word' id='word_1_347' title='bbox 1334 2465 1533 2519; x_wconf 88' lang='lat' dir='ltr'><strong>obirent,</strong></span> <span class='ocrx_word' id='word_1_348' title='bbox 1554 2480 1638 2511; x_wconf 90' lang='lat' dir='ltr'><strong>nec</strong></span> <span class='ocrx_word' id='word_1_349' title='bbox 1659 2463 1802 2510; x_wconf 87' lang='lat' dir='ltr'><strong>iidem</strong></span> <span class='ocrx_word' id='word_1_350' title='bbox 1821 2463 1953 2512; x_wconf 89' lang='lat' dir='ltr'><strong>vide·</strong></span> 
     </span>
     <span class='ocr_line' id='line_1_38' title="bbox 169 2528 1952 2603; baseline -0.006 -17"><span class='ocrx_word' id='word_1_351' title='bbox 169 2552 345 2594; x_wconf 84' lang='lat' dir='ltr'><strong>rentur,</strong></span> <span class='ocrx_word' id='word_1_352' title='bbox 365 2539 447 2603; x_wconf 88' lang='lat' dir='ltr'><strong>qui</strong></span> <span class='ocrx_word' id='word_1_353' title='bbox 466 2550 539 2586; x_wconf 83' lang='lat' dir='ltr'><strong>tot</strong></span> <span class='ocrx_word' id='word_1_354' title='bbox 556 2536 724 2600; x_wconf 79' lang='lat' dir='ltr'><strong>praeliis</strong></span> <span class='ocrx_word' id='word_1_355' title='bbox 750 2536 953 2582; x_wconf 67' lang='lat' dir='ltr'><strong>Sax0nes=</strong></span> <span class='ocrx_word' id='word_1_356' title='bbox 977 2532 1206 2586; x_wconf 86' lang='lat' dir='ltr'><strong>fuderant,</strong></span> <span class='ocrx_word' id='word_1_357' title='bbox 1233 2543 1503 2592; x_wconf 89' lang='lat' dir='ltr'><strong>tantumque</strong></span> <span class='ocrx_word' id='word_1_358' title='bbox 1525 2545 1608 2591; x_wconf 87' lang='lat' dir='ltr'><strong>per</strong></span> <span class='ocrx_word' id='word_1_359' title='bbox 1631 2528 1785 2575; x_wconf 90' lang='lat' dir='ltr'><strong>ocium</strong></span> <span class='ocrx_word' id='word_1_360' title='bbox 1814 2529 1952 2576; x_wconf 84' lang='lat' dir='ltr'><strong>luxu·-</strong></span> 
     </span>
     <span class='ocr_line' id='line_1_39' title="bbox 169 2593 1951 2659; baseline -0.007 -7"><span class='ocrx_word' id='word_1_361' title='bbox 169 2604 340 2652; x_wconf 87' lang='lat' dir='ltr'><strong>riosum</strong></span> <span class='ocrx_word' id='word_1_362' title='bbox 359 2604 622 2651; x_wconf 87' lang='lat' dir='ltr'><strong>viderentur</strong></span> <span class='ocrx_word' id='word_1_363' title='bbox 639 2602 696 2647; x_wconf 88' lang='lat' dir='ltr'><strong>ad</strong></span> <span class='ocrx_word' id='word_1_364' title='bbox 715 2599 1017 2647; x_wconf 85' lang='lat' dir='ltr'><strong>temeritatem</strong></span> <span class='ocrx_word' id='word_1_365' title='bbox 1037 2596 1273 2658; x_wconf 68' lang='lat' dir='ltr'><strong>adjecisse„</strong></span> <span class='ocrx_word' id='word_1_366' title='bbox 1288 2608 1512 2659; x_wconf 87' lang='lat' dir='ltr'><strong>quantum</strong></span> <span class='ocrx_word' id='word_1_367' title='bbox 1532 2593 1590 2639; x_wconf 91' lang='lat' dir='ltr'><strong>de</strong></span> <span class='ocrx_word' id='word_1_368' title='bbox 1608 2593 1843 2640; x_wconf 70' lang='lat' dir='ltr'><strong>severitate</strong></span> <span class='ocrx_word' id='word_1_369' title='bbox 1856 2593 1951 2640; x_wconf 78' lang='lat' dir='ltr'><strong>dis.</strong></span> 
     </span>
     <span class='ocr_line' id='line_1_40' title="bbox 172 2658 1952 2732; baseline -0.006 -18"><span class='ocrx_word' id='word_1_370' title='bbox 172 2668 357 2732; x_wconf 86' lang='lat' dir='ltr'><strong>ciplinae</strong></span> <span class='ocrx_word' id='word_1_371' title='bbox 375 2666 683 2721; x_wconf 72' lang='lat' dir='ltr'><strong>detraxissent,</strong></span> <span class='ocrx_word' id='word_1_372' title='bbox 708 2682 733 2711; x_wconf 91' lang='lat' dir='ltr'><strong>a</strong></span> <span class='ocrx_word' id='word_1_373' title='bbox 751 2663 998 2711; x_wconf 88' lang='lat' dir='ltr'><strong>senioribus</strong></span> <span class='ocrx_word' id='word_1_374' title='bbox 1022 2674 1122 2708; x_wconf 75' lang='lat' dir='ltr'><strong>orta</strong></span> <span class='ocrx_word' id='word_1_375' title='bbox 1140 2659 1315 2707; x_wconf 85' lang='lat' dir='ltr'><strong>mentio</strong></span> <span class='ocrx_word' id='word_1_376' title='bbox 1339 2661 1398 2706; x_wconf 90' lang='lat' dir='ltr'><strong>est</strong></span> <span class='ocrx_word' id='word_1_377' title='bbox 1421 2660 1479 2705; x_wconf 85' lang='lat' dir='ltr'><strong>de</strong></span> <span class='ocrx_word' id='word_1_378' title='bbox 1503 2658 1765 2712; x_wconf 82' lang='lat' dir='ltr'><strong>Scotorum,</strong></span> <span class='ocrx_word' id='word_1_379' title='bbox 1789 2662 1828 2704; x_wconf 89' lang='lat'>&amp;</span> <span class='ocrx_word' id='word_1_380' title='bbox 1848 2658 1952 2704; x_wconf 75' lang='lat' dir='ltr'><strong>Pic-</strong></span> 
     </span>
     <span class='ocr_line' id='line_1_41' title="bbox 175 2721 1952 2788; baseline -0.007 -8"><span class='ocrx_word' id='word_1_381' title='bbox 175 2747 324 2783; x_wconf 87' lang='lat' dir='ltr'><strong>torum</strong></span> <span class='ocrx_word' id='word_1_382' title='bbox 347 2732 529 2781; x_wconf 81' lang='lat' dir='ltr'><strong>auxiliis</strong></span> <span class='ocrx_word' id='word_1_383' title='bbox 552 2728 843 2778; x_wconf 86' lang='lat' dir='ltr'><strong>accersendis.</strong></span> <span class='ocrx_word' id='word_1_384' title='bbox 879 2729 933 2774; x_wconf 93' lang='lat' dir='ltr'><strong>Id</strong></span> <span class='ocrx_word' id='word_1_385' title='bbox 956 2726 1089 2773; x_wconf 86' lang='lat' dir='ltr'><strong>facile</strong></span> <span class='ocrx_word' id='word_1_386' title='bbox 1112 2743 1194 2788; x_wconf 88' lang='lat' dir='ltr'><strong>per</strong></span> <span class='ocrx_word' id='word_1_387' title='bbox 1213 2724 1388 2788; x_wconf 88' lang='lat' dir='ltr'><strong>legatos</strong></span> <span class='ocrx_word' id='word_1_388' title='bbox 1412 2721 1706 2785; x_wconf 88' lang='lat' dir='ltr'><strong>impetratum</strong></span> <span class='ocrx_word' id='word_1_389' title='bbox 1728 2741 1739 2769; x_wconf 90' lang='lat'>:</span> <span class='ocrx_word' id='word_1_390' title='bbox 1776 2726 1816 2768; x_wconf 87' lang='lat'>&amp;</span> <span class='ocrx_word' id='word_1_391' title='bbox 1835 2737 1952 2784; x_wconf 83' lang='lat' dir='ltr'><strong>quos</strong></span> 
     </span>
     <span class='ocr_line' id='line_1_42' title="bbox 173 2785 1954 2860; baseline -0.007 -14"><span class='ocrx_word' id='word_1_392' title='bbox 173 2797 368 2849; x_wconf 80' lang='lat' dir='ltr'><strong>ambitio</strong></span> <span class='ocrx_word' id='word_1_393' title='bbox 392 2814 506 2860; x_wconf 87' lang='lat' dir='ltr'><strong>pene</strong></span> <span class='ocrx_word' id='word_1_394' title='bbox 528 2796 790 2849; x_wconf 81' lang='lat' dir='ltr'><strong>diremerat,</strong></span> <span class='ocrx_word' id='word_1_395' title='bbox 815 2793 881 2840; x_wconf 89' lang='lat' dir='ltr'><strong>ita</strong></span> <span class='ocrx_word' id='word_1_396' title='bbox 901 2790 1172 2839; x_wconf 89' lang='lat' dir='ltr'><strong>conciliavit</strong></span> <span class='ocrx_word' id='word_1_397' title='bbox 1188 2789 1384 2836; x_wconf 87' lang='lat' dir='ltr'><strong>studium</strong></span> <span class='ocrx_word' id='word_1_398' title='bbox 1403 2786 1659 2850; x_wconf 77' lang='lat' dir='ltr'><strong>religioniS,</strong></span> <span class='ocrx_word' id='word_1_399' title='bbox 1681 2792 1720 2833; x_wconf 87' lang='lat'>&amp;</span> <span class='ocrx_word' id='word_1_400' title='bbox 1743 2785 1954 2833; x_wconf 87' lang='lat' dir='ltr'><strong>accendit</strong></span> 
     </span>
     <span class='ocr_line' id='line_1_43' title="bbox 175 2851 1987 2924; baseline -0.006 -17"><span class='ocrx_word' id='word_1_401' title='bbox 175 2862 425 2917; x_wconf 82' lang='lat' dir='ltr'><strong>aemulatiO,</strong></span> <span class='ocrx_word' id='word_1_402' title='bbox 468 2874 517 2909; x_wconf 90' lang='lat' dir='ltr'><strong>ut</strong></span> <span class='ocrx_word' id='word_1_403' title='bbox 539 2859 758 2924; x_wconf 86' lang='lat' dir='ltr'><strong>opinione</strong></span> <span class='ocrx_word' id='word_1_404' title='bbox 787 2857 921 2904; x_wconf 83' lang='lat' dir='ltr'><strong>citius</strong></span> <span class='ocrx_word' id='word_1_405' title='bbox 945 2857 1003 2903; x_wconf 87' lang='lat' dir='ltr'><strong>ab</strong></span> <span class='ocrx_word' id='word_1_406' title='bbox 1027 2869 1222 2918; x_wconf 86' lang='lat' dir='ltr'><strong>utroque</strong></span> <span class='ocrx_word' id='word_1_407' title='bbox 1246 2855 1377 2917; x_wconf 85' lang='lat' dir='ltr'><strong>Rege</strong></span> <span class='ocrx_word' id='word_1_408' title='bbox 1399 2853 1546 2914; x_wconf 87' lang='lat' dir='ltr'><strong>copiae</strong></span> <span class='ocrx_word' id='word_1_409' title='bbox 1576 2851 1789 2897; x_wconf 70' lang='lat' dir='ltr'><strong>adessent.</strong></span> <span class='ocrx_word' id='word_1_410' title='bbox 1859 2851 1952 2898; x_wconf 90' lang='lat' dir='ltr'><strong>Lo·</strong></span> <span class='ocrx_word' id='word_1_411' title='bbox 1984 2863 1987 2869; x_wconf 88' lang='lat'>&#39;</span> 
     </span>
     <span class='ocr_line' id='line_1_44' title="bbox 175 2914 1952 2981; baseline -0.006 -9"><span class='ocrx_word' id='word_1_412' title='bbox 175 2926 439 2981; x_wconf 74' lang='lat' dir='ltr'><strong>thusetiam</strong></span> <span class='ocrx_word' id='word_1_413' title='bbox 463 2938 513 2972; x_wconf 88' lang='lat' dir='ltr'><strong>ut</strong></span> <span class='ocrx_word' id='word_1_414' title='bbox 550 2923 692 2972; x_wconf 87' lang='lat' dir='ltr'><strong>animi</strong></span> <span class='ocrx_word' id='word_1_415' title='bbox 722 2920 1006 2970; x_wconf 85' lang='lat' dir='ltr'><strong>reconciliati</strong></span> <span class='ocrx_word' id='word_1_416' title='bbox 1040 2919 1169 2967; x_wconf 85' lang='lat' dir='ltr'><strong>daret</strong></span> <span class='ocrx_word' id='word_1_417' title='bbox 1204 2918 1402 2980; x_wconf 86' lang='lat' dir='ltr'><strong>apertius</strong></span> <span class='ocrx_word' id='word_1_418' title='bbox 1426 2914 1735 2966; x_wconf 76' lang='lat' dir='ltr'><strong>testimonium</strong></span> <span class='ocrx_word' id='word_1_419' title='bbox 1760 2915 1952 2962; x_wconf 80' lang='lat' dir='ltr'><strong>Modre-</strong></span> 
     </span>
     <span class='ocr_line' id='line_1_45' title="bbox 176 2978 1955 3045; baseline -0.004 -10"><span class='ocrx_word' id='word_1_420' title='bbox 176 2990 312 3045; x_wconf 58' lang='lat' dir='ltr'><strong>dum,</strong></span> <span class='ocrx_word' id='word_1_421' title='bbox 327 2996 368 3037; x_wconf 76' lang='lat' dir='ltr'><strong>Sc</strong></span> <span class='ocrx_word' id='word_1_422' title='bbox 388 2989 636 3036; x_wconf 84' lang='lat' dir='ltr'><strong>Galviuurn</strong></span> <span class='ocrx_word' id='word_1_423' title='bbox 657 2989 772 3035; x_wconf 82' lang='lat' dir='ltr'><strong>filios</strong></span> <span class='ocrx_word' id='word_1_424' title='bbox 785 2987 832 3034; x_wconf 90' lang='lat' dir='ltr'><strong>in</strong></span> <span class='ocrx_word' id='word_1_425' title='bbox 850 2986 990 3033; x_wconf 86' lang='lat' dir='ltr'><strong>castra</strong></span> <span class='ocrx_word' id='word_1_426' title='bbox 1004 2983 1154 3032; x_wconf 89' lang='lat' dir='ltr'><strong>secum</strong></span> <span class='ocrx_word' id='word_1_427' title='bbox 1169 2981 1379 3029; x_wconf 83' lang='lat' dir='ltr'><strong>adduxit.</strong></span> <span class='ocrx_word' id='word_1_428' title='bbox 1405 2979 1662 3026; x_wconf 77' lang='lat' dir='ltr'><strong>Galvinum</strong></span> <span class='ocrx_word' id='word_1_429' title='bbox 1680 2978 1819 3025; x_wconf 86' lang='lat' dir='ltr'><strong>etiam</strong></span> <span class='ocrx_word' id='word_1_430' title='bbox 1838 2980 1955 3028; x_wconf 86' lang='lat' dir='ltr'><strong>Arc-</strong></span> 
     </span>
     <span class='ocr_line' id='line_1_46' title="bbox 175 3043 1954 3114; baseline -0.006 -14"><span class='ocrx_word' id='word_1_431' title='bbox 175 3067 278 3101; x_wconf 83' lang='lat' dir='ltr'><strong>turo</strong></span> <span class='ocrx_word' id='word_1_432' title='bbox 296 3053 515 3102; x_wconf 80' lang='lat' dir='ltr'><strong>comitem</strong></span> <span class='ocrx_word' id='word_1_433' title='bbox 538 3054 670 3102; x_wconf 71' lang='lat' dir='ltr'><strong>&#39;dedit</strong></span> <span class='ocrx_word' id='word_1_434' title='bbox 708 3071 719 3099; x_wconf 77' lang='grc' dir='ltr'>ε</span> <span class='ocrx_word' id='word_1_435' title='bbox 763 3069 903 3114; x_wconf 89' lang='lat' dir='ltr'><strong>quem</strong></span> <span class='ocrx_word' id='word_1_436' title='bbox 924 3049 1005 3095; x_wconf 80' lang='lat' dir='ltr'><strong>ille</strong></span> <span class='ocrx_word' id='word_1_437' title='bbox 1026 3059 1155 3096; x_wconf 79' lang='lat' dir='ltr'><strong>tanta</strong></span> <span class='ocrx_word' id='word_1_438' title='bbox 1175 3043 1460 3093; x_wconf 90' lang='lat' dir='ltr'><strong>humanitate</strong></span> <span class='ocrx_word' id='word_1_439' title='bbox 1486 3044 1754 3105; x_wconf 85' lang='lat' dir='ltr'><strong>complexus</strong></span> <span class='ocrx_word' id='word_1_440' title='bbox 1788 3044 1866 3097; x_wconf 89' lang='lat' dir='ltr'><strong>est,</strong></span> <span class='ocrx_word' id='word_1_441' title='bbox 1905 3053 1954 3089; x_wconf 83' lang='lat' dir='ltr'><strong>ut</strong></span> 
     </span>
     <span class='ocr_line' id='line_1_47' title="bbox 175 3107 1956 3182; baseline -0.007 -16"><span class='ocrx_word' id='word_1_442' title='bbox 175 3121 272 3181; x_wconf 89' lang='lat' dir='ltr'><strong>post</strong></span> <span class='ocrx_word' id='word_1_443' title='bbox 293 3135 398 3182; x_wconf 84' lang='lat' dir='ltr'><strong>eum</strong></span> <span class='ocrx_word' id='word_1_444' title='bbox 421 3117 545 3167; x_wconf 88' lang='lat' dir='ltr'><strong>diem</strong></span> <span class='ocrx_word' id='word_1_445' title='bbox 576 3117 707 3165; x_wconf 88' lang='lat' dir='ltr'><strong>fimul</strong></span> <span class='ocrx_word' id='word_1_446' title='bbox 737 3116 937 3164; x_wconf 77' lang='lat' dir='ltr'><strong>&amp;vitam</strong></span> <span class='ocrx_word' id='word_1_447' title='bbox 963 3110 1277 3175; x_wconf 80' lang='lat' dir='ltr'><strong>transegerint,</strong></span> <span class='ocrx_word' id='word_1_448' title='bbox 1303 3114 1344 3156; x_wconf 75' lang='grc' dir='ltr'><strong>δε</strong></span> <span class='ocrx_word' id='word_1_449' title='bbox 1366 3120 1562 3156; x_wconf 88' lang='lat' dir='ltr'><strong>mortem</strong></span> <span class='ocrx_word' id='word_1_450' title='bbox 1585 3107 1800 3154; x_wconf 87' lang='lat' dir='ltr'><strong>obierint.</strong></span> <span class='ocrx_word' id='word_1_451' title='bbox 1868 3108 1956 3154; x_wconf 82' lang='lat' dir='ltr'><strong>Pa-</strong></span> 
     </span>
     <span class='ocr_line' id='line_1_48' title="bbox 174 3172 1953 3247; baseline -0.004 -18"><span class='ocrx_word' id='word_1_452' title='bbox 174 3182 319 3231; x_wconf 53' lang='lat' dir='ltr'><strong>rato&amp;</strong></span> <span class='ocrx_word' id='word_1_453' title='bbox 340 3181 494 3231; x_wconf 33' lang='lat' dir='ltr'><strong>tribus,</strong></span> <span class='ocrx_word' id='word_1_454' title='bbox 503 3183 711 3247; x_wconf 87' lang='lat' dir='ltr'><strong>Regibus</strong></span> <span class='ocrx_word' id='word_1_455' title='bbox 730 3180 951 3235; x_wconf 83' lang='lat' dir='ltr'><strong>exercitu,</strong></span> <span class='ocrx_word' id='word_1_456' title='bbox 967 3176 1204 3239; x_wconf 81' lang='lat' dir='ltr'><strong>castrisque</strong></span> <span class='ocrx_word' id='word_1_457' title='bbox 1222 3172 1549 3239; x_wconf 67' lang='lat' dir='ltr'><strong>conjunctisut</strong></span> <span class='ocrx_word' id='word_1_458' title='bbox 1560 3172 1953 3236; x_wconf 83' lang='lat' dir='ltr'><strong>quemadmodum.</strong></span> 
     </span>
    </p>
   </div>
   <div class='ocr_carea' id='block_1_3' title="bbox 224 3287 2074 3372">
    <p class='ocr_par' dir='ltr' id='par_1_5' title="bbox 224 3287 2074 3372">
     <span class='ocr_line' id='line_1_49' title="bbox 224 3287 2074 3372; baseline -0.008 -13"><span class='ocrx_word' id='word_1_459' title='bbox 224 3295 291 3372; x_wconf 65' lang='lat'><strong>(⁴1)</strong></span> <span class='ocrx_word' id='word_1_460' title='bbox 320 3320 407 3363; x_wconf 83' lang='lat' dir='ltr'><strong>The</strong></span> <span class='ocrx_word' id='word_1_461' title='bbox 425 3323 487 3360; x_wconf 85' lang='lat' dir='ltr'><strong>old</strong></span> <span class='ocrx_word' id='word_1_462' title='bbox 505 3323 690 3366; x_wconf 84' lang='lat' dir='ltr'><strong>Romans,</strong></span> <span class='ocrx_word' id='word_1_463' title='bbox 721 3321 760 3357; x_wconf 85' lang='lat' dir='ltr'><strong>in</strong></span> <span class='ocrx_word' id='word_1_464' title='bbox 795 3319 861 3357; x_wconf 91' lang='lat' dir='ltr'><strong>the</strong></span> <span class='ocrx_word' id='word_1_465' title='bbox 890 3320 967 3356; x_wconf 84' lang='lat' dir='ltr'><strong>end-</strong></span> <span class='ocrx_word' id='word_1_466' title='bbox 989 3318 1035 3356; x_wconf 93' lang='lat' dir='ltr'><strong>of</strong></span> <span class='ocrx_word' id='word_1_467' title='bbox 1139 3315 1200 3367; x_wconf 88' lang='lat'><strong>(2)</strong></span> <span class='ocrx_word' id='word_1_468' title='bbox 1228 3313 1347 3359; x_wconf 66' lang='lat' dir='ltr'><strong>Yuxe„</strong></span> <span class='ocrx_word' id='word_1_469' title='bbox 1367 3311 1640 3365; x_wconf 75' lang='lat' dir='ltr'><strong>fmm-Julius3</strong></span> <span class='ocrx_word' id='word_1_470' title='bbox 1681 3309 1740 3348; x_wconf 85' lang='lat' dir='ltr'><strong>for.</strong></span> <span class='ocrx_word' id='word_1_471' title='bbox 1755 3307 1822 3346; x_wconf 73' lang='lat' dir='ltr'><strong>th‘e</strong></span> <span class='ocrx_word' id='word_1_472' title='bbox 1850 3308 1957 3346; x_wconf 78' lang='lat' dir='ltr'><strong>anci·</strong></span> <span class='ocrx_word' id='word_1_473' title='bbox 2014 3287 2021 3298; x_wconf 27' lang='lat' dir='ltr'><em>s</em></span> <span class='ocrx_word' id='word_1_474' title='bbox 2056 3288 2074 3312; x_wconf 50' lang='lat'><strong>&#39;¹</strong></span> 
     </span>
    </p>
   </div>
   <div class='ocr_carea' id='block_1_4' title="bbox 159 3361 1955 3574">
    <p class='ocr_par' dir='ltr' id='par_1_6' title="bbox 170 3361 1955 3531">
     <span class='ocr_line' id='line_1_50' title="bbox 173 3361 1955 3423; baseline -0.008 -10"><span class='ocrx_word' id='word_1_475' title='bbox 173 3375 392 3423; x_wconf 63' lang='lat' dir='ltr'><strong>December,</strong></span> <span class='ocrx_word' id='word_1_476' title='bbox 427 3376 633 3416; x_wconf 85' lang='lat' dir='ltr'><strong>celebrated</strong></span> <span class='ocrx_word' id='word_1_477' title='bbox 652 3375 786 3421; x_wconf 81' lang='lat' dir='ltr'><strong>always</strong></span> <span class='ocrx_word' id='word_1_478' title='bbox 803 3385 823 3408; x_wconf 91' lang='lat' dir='ltr'><strong>a</strong></span> <span class='ocrx_word' id='word_1_479' title='bbox 842 3382 942 3419; x_wconf 80' lang='lat' dir='ltr'><strong>great</strong></span> <span class='ocrx_word' id='word_1_480' title='bbox 961 3371 1032 3409; x_wconf 88' lang='lat' dir='ltr'><strong>fes·</strong></span> <span class='ocrx_word' id='word_1_481' title='bbox 1088 3378 1170 3408; x_wconf 88' lang='lat' dir='ltr'><strong>ents</strong></span> <span class='ocrx_word' id='word_1_482' title='bbox 1187 3367 1421 3419; x_wconf 85' lang='lat' dir='ltr'><strong>pronounced</strong></span> <span class='ocrx_word' id='word_1_483' title='bbox 1439 3367 1464 3418; x_wconf 91' lang='lat' dir='ltr'>J</span> <span class='ocrx_word' id='word_1_484' title='bbox 1483 3365 1687 3403; x_wconf 86' lang='lat' dir='ltr'><strong>consonant</strong></span> <span class='ocrx_word' id='word_1_485' title='bbox 1719 3364 1775 3414; x_wconf 83' lang='lat' dir='ltr'><strong>(as</strong></span> <span class='ocrx_word' id='word_1_486' title='bbox 1793 3361 1832 3399; x_wconf 90' lang='lat' dir='ltr'><strong>in</strong></span> <span class='ocrx_word' id='word_1_487' title='bbox 1850 3361 1955 3414; x_wconf 78' lang='lat' dir='ltr'><strong>juli·</strong></span> 
     </span>
     <span class='ocr_line' id='line_1_51' title="bbox 170 3414 1953 3478; baseline -0.007 -14"><span class='ocrx_word' id='word_1_488' title='bbox 170 3429 278 3478; x_wconf 82' lang='lat' dir='ltr'><strong>tivity</strong></span> <span class='ocrx_word' id='word_1_489' title='bbox 297 3429 438 3474; x_wconf 49' lang='lat' dir='ltr'><strong>serien</strong></span> <span class='ocrx_word' id='word_1_490' title='bbox 467 3431 565 3478; x_wconf 85' lang='lat' dir='ltr'><strong>days,</strong></span> <span class='ocrx_word' id='word_1_491' title='bbox 602 3428 642 3464; x_wconf 89' lang='lat' dir='ltr'><strong>in</strong></span> <span class='ocrx_word' id='word_1_492' title='bbox 661 3426 809 3463; x_wconf 86' lang='lat' dir='ltr'><strong>honour</strong></span> <span class='ocrx_word' id='word_1_493' title='bbox 825 3426 869 3462; x_wconf 86' lang='lat' dir='ltr'><strong>of</strong></span> <span class='ocrx_word' id='word_1_494' title='bbox 880 3427 1032 3470; x_wconf 83' lang='lat' dir='ltr'><strong>Saturn,</strong></span> <span class='ocrx_word' id='word_1_495' title='bbox 1086 3423 1150 3474; x_wconf 89' lang='lat' dir='ltr'><strong>us)</strong></span> <span class='ocrx_word' id='word_1_496' title='bbox 1171 3435 1209 3460; x_wconf 87' lang='lat' dir='ltr'><strong>as</strong></span> <span class='ocrx_word' id='word_1_497' title='bbox 1226 3435 1282 3459; x_wconf 88' lang='lat' dir='ltr'><strong>we</strong></span> <span class='ocrx_word' id='word_1_498' title='bbox 1297 3419 1577 3470; x_wconf 66' lang='lat' dir='ltr'><strong>pronounceX,</strong></span> <span class='ocrx_word' id='word_1_499' title='bbox 1596 3417 1723 3470; x_wconf 83' lang='lat' dir='ltr'><strong>Julius</strong></span> <span class='ocrx_word' id='word_1_500' title='bbox 1739 3428 1777 3454; x_wconf 85' lang='lat' dir='ltr'><strong>as</strong></span> <span class='ocrx_word' id='word_1_501' title='bbox 1795 3414 1953 3458; x_wconf 68' lang='lat' dir='ltr'><strong>YuLius.</strong></span> 
     </span>
     <span class='ocr_line' id='line_1_52' title="bbox 173 3469 1646 3531; baseline -0.005 -13"><span class='ocrx_word' id='word_1_502' title='bbox 173 3473 267 3519; x_wconf 74' lang='lat' dir='ltr'><strong>with</strong></span> <span class='ocrx_word' id='word_1_503' title='bbox 284 3474 353 3518; x_wconf 73' lang='lat' dir='ltr'><strong>‘&#39;the&#39;</strong></span> <span class='ocrx_word' id='word_1_504' title='bbox 372 3480 453 3519; x_wconf 80' lang='lat' dir='ltr'><strong>lik&#39;e</strong></span> <span class='ocrx_word' id='word_1_505' title='bbox 486 3480 684 3530; x_wconf 85' lang='lat' dir='ltr'><strong>solemnity</strong></span> <span class='ocrx_word' id='word_1_506' title='bbox 715 3479 778 3517; x_wconf 88' lang='lat' dir='ltr'><strong>the</strong></span> <span class='ocrx_word' id='word_1_507' title='bbox 797 3477 928 3531; x_wconf 71' lang='lat' dir='ltr'><strong>papists</strong></span> <span class='ocrx_word' id='word_1_508' title='bbox 947 3490 1033 3516; x_wconf 87' lang='lat' dir='ltr'><strong>now</strong></span> <span class='ocrx_word' id='word_1_509' title='bbox 1145 3474 1207 3528; x_wconf 85' lang='lat'><strong>(3)</strong></span> <span class='ocrx_word' id='word_1_510' title='bbox 1236 3474 1325 3514; x_wconf 79' lang='lat' dir='ltr'><strong>MS.</strong></span> <span class='ocrx_word' id='word_1_511' title='bbox 1342 3472 1467 3512; x_wconf 63' lang='lat' dir='ltr'><strong>Fratri</strong></span> <span class='ocrx_word' id='word_1_512' title='bbox 1485 3469 1646 3511; x_wconf 79' lang='lat' dir='ltr'><strong>deliciis.</strong></span> 
     </span>
    </p>

    <p class='ocr_par' dir='ltr' id='par_1_7' title="bbox 159 3534 521 3574">
     <span class='ocr_line' id='line_1_53' title="bbox 159 3534 521 3574; baseline 0.006 -3"><span class='ocrx_word' id='word_1_513' title='bbox 159 3534 232 3572; x_wconf 78' lang='lat' dir='ltr'><strong>‘use</strong></span> <span class='ocrx_word' id='word_1_514' title='bbox 252 3542 288 3572; x_wconf 82' lang='lat' dir='ltr'><strong>at</strong></span> <span class='ocrx_word' id='word_1_515' title='bbox 302 3535 521 3574; x_wconf 81' lang='lat' dir='ltr'><strong>ChrissmaS.</strong></span> 
     </span>
    </p>
   </div>
   <div class='ocr_carea' id='block_1_5' title="bbox 1861 3610 2088 3681">
    <p class='ocr_par' dir='ltr' id='par_1_8' title="bbox 1861 3610 2088 3681">
     <span class='ocr_line' id='line_1_54' title="bbox 1861 3610 2088 3681; baseline 0.004 -10"><span class='ocrx_word' id='word_1_516' title='bbox 1861 3633 1970 3673; x_wconf 65' lang='lat' dir='ltr'><strong>erat:</strong></span> <span class='ocrx_word' id='word_1_517' title='bbox 2007 3647 2012 3654; x_wconf 89' lang='lat'>&#39;</span> <span class='ocrx_word' id='word_1_518' title='bbox 2049 3610 2088 3681; x_wconf 17' lang='grc' dir='ltr'><strong>’,τὶς</strong></span> 
     </span>
    </p>
   </div>
   <div class='ocr_carea' id='block_1_6' title="bbox 2040 1601 2091 3796">
    <p class='ocr_par' dir='ltr' id='par_1_9' title="bbox 2040 1601 2091 3796">
     <span class='ocr_line' id='line_1_55' title="bbox 2040 1601 2091 3796; baseline 0 0"><span class='ocrx_word' id='word_1_519' title='bbox 2040 1601 2091 3796; x_wconf 95' lang='lat' dir='ltr'><strong> </strong></span> 
     </span>
    </p>
   </div>
  </div>
 </body>
</html>
