<?xml version="1.0" encoding="UTF-8"?>
<!DOCTYPE html PUBLIC "-//W3C//DTD XHTML 1.0 Transitional//EN"
    "http://www.w3.org/TR/xhtml1/DTD/xhtml1-transitional.dtd">
<html xmlns="http://www.w3.org/1999/xhtml" xml:lang="en" lang="en">
 <head>
  <title>
</title>
<meta http-equiv="Content-Type" content="text/html;charset=utf-8" />
  <meta name='ocr-system' content='tesseract 3.04.00' />
  <meta name='ocr-capabilities' content='ocr_page ocr_carea ocr_par ocr_line ocrx_word'/>
</head>
<body>
  <div class='ocr_page' id='page_1' title='image "./rerumscoticarumh01buch_0263.png"; bbox 0 0 2045 3857; ppageno 0'>
   <div class='ocr_carea' id='block_1_1' title="bbox 34 135 1919 3292">
    <p class='ocr_par' dir='ltr' id='par_1_1' title="bbox 127 135 1911 432">
     <span class='ocr_line' id='line_1_1' title="bbox 610 135 1893 227; baseline 0.001 -23"><span class='ocrx_word' id='word_1_1' title='bbox 610 137 942 206; x_wconf 65' lang='lat' dir='ltr'><strong>Lmen</strong></span> <span class='ocrx_word' id='word_1_2' title='bbox 1031 135 1452 204; x_wconf 67' lang='lat' dir='ltr'><strong>Nonus,v</strong></span> <span class='ocrx_word' id='word_1_3' title='bbox 1759 158 1893 227; x_wconf 81' lang='lat'><strong>245</strong></span> 
     </span>
     <span class='ocr_line' id='line_1_2' title="bbox 128 235 1908 301; baseline -0.006 0"><span class='ocrx_word' id='word_1_4' title='bbox 128 248 331 301; x_wconf 85' lang='lat' dir='ltr'><strong>nandum</strong></span> <span class='ocrx_word' id='word_1_5' title='bbox 350 244 400 293; x_wconf 86' lang='lat' dir='ltr'><strong>in</strong></span> <span class='ocrx_word' id='word_1_6' title='bbox 414 239 529 290; x_wconf 59' lang='lat' dir='ltr'><strong>*solva</strong></span> <span class='ocrx_word' id='word_1_7' title='bbox 549 235 712 286; x_wconf 85' lang='lat' dir='ltr'><strong>Atrica</strong></span> <span class='ocrx_word' id='word_1_8' title='bbox 731 239 781 286; x_wconf 87' lang='lat' dir='ltr'><strong>in</strong></span> <span class='ocrx_word' id='word_1_9' title='bbox 804 238 1027 286; x_wconf 88' lang='lat' dir='ltr'><strong>ultionem</strong></span> <span class='ocrx_word' id='word_1_10' title='bbox 1050 236 1190 284; x_wconf 81' lang='lat' dir='ltr'><strong>caedis</strong></span> <span class='ocrx_word' id='word_1_11' title='bbox 1229 236 1484 285; x_wconf 76' lang='lat' dir='ltr'>Alexandri</span> <span class='ocrx_word' id='word_1_12' title='bbox 1517 238 1736 289; x_wconf 85' lang='lat' dir='ltr'><strong>Ramisaei</strong></span> <span class='ocrx_word' id='word_1_13' title='bbox 1754 242 1815 291; x_wconf 89' lang='lat' dir='ltr'><strong>est</strong></span> <span class='ocrx_word' id='word_1_14' title='bbox 1837 242 1908 290; x_wconf 87' lang='lat' dir='ltr'><strong>in-</strong></span> 
     </span>
     <span class='ocr_line' id='line_1_3' title="bbox 129 301 1911 378; baseline -0.004 -14"><span class='ocrx_word' id='word_1_15' title='bbox 129 315 356 367; x_wconf 71' lang='lat' dir='ltr'><strong>terfeetus.</strong></span> <span class='ocrx_word' id='word_1_16' title='bbox 398 304 509 354; x_wconf 66' lang='lat' dir='ltr'><strong>&#39;Nec</strong></span> <span class='ocrx_word' id='word_1_17' title='bbox 523 302 1043 378; x_wconf 73' lang='lat' dir='ltr'><strong>priscorum-Scotorum</strong></span> <span class='ocrx_word' id='word_1_18' title='bbox 1064 301 1211 350; x_wconf 86' lang='lat' dir='ltr'><strong>tribus</strong></span> <span class='ocrx_word' id='word_1_19' title='bbox 1229 301 1441 362; x_wconf 81' lang='lat' dir='ltr'><strong>homines</strong></span> <span class='ocrx_word' id='word_1_20' title='bbox 1467 304 1640 367; x_wconf 82' lang='lat' dir='ltr'><strong>quietis</strong></span> <span class='ocrx_word' id='word_1_21' title='bbox 1663 307 1911 370; x_wconf 85' lang='lat' dir='ltr'><strong>impatien-</strong></span> 
     </span>
     <span class='ocr_line' id='line_1_4' title="bbox 127 367 1216 432; baseline -0.012 -4"><span class='ocrx_word' id='word_1_22' title='bbox 127 387 193 428; x_wconf 76' lang='lat' dir='ltr'><strong>tes</strong></span> <span class='ocrx_word' id='word_1_23' title='bbox 217 379 243 424; x_wconf 72' lang='lat' dir='ltr'><strong>a</strong></span> <span class='ocrx_word' id='word_1_24' title='bbox 265 369 434 422; x_wconf 70' lang='lat' dir='ltr'><strong>mutuis</strong></span> <span class='ocrx_word' id='word_1_25' title='bbox 455 367 635 432; x_wconf 79' lang='lat' dir='ltr'><strong>injuriis</strong></span> <span class='ocrx_word' id='word_1_26' title='bbox 656 380 987 432; x_wconf 80' lang='lat' dir='ltr'><strong>temperarunt.</strong></span> <span class='ocrx_word' id='word_1_27' title='bbox 1188 375 1191 378; x_wconf 76' lang='grc'>’</span> <span class='ocrx_word' id='word_1_28' title='bbox 1214 429 1216 431; x_wconf 64' lang='lat'>‚</span> 
     </span>
    </p>

    <p class='ocr_par' dir='ltr' id='par_1_2' title="bbox 119 430 1914 889">
     <span class='ocr_line' id='line_1_5' title="bbox 188 430 1909 499; baseline -0.001 -14"><span class='ocrx_word' id='word_1_29' title='bbox 188 437 386 490; x_wconf 87' lang='lat' dir='ltr'>XXXV.</span> <span class='ocrx_word' id='word_1_30' title='bbox 424 436 548 495; x_wconf 83' lang='lat' dir='ltr'>Inter</span> <span class='ocrx_word' id='word_1_31' title='bbox 565 434 665 481; x_wconf 86' lang='lat' dir='ltr'><strong>haec</strong></span> <span class='ocrx_word' id='word_1_32' title='bbox 687 435 808 481; x_wconf 86' lang='lat' dir='ltr'><strong>mala</strong></span> <span class='ocrx_word' id='word_1_33' title='bbox 829 433 1035 496; x_wconf 85' lang='lat' dir='ltr'><strong>undique</strong></span> <span class='ocrx_word' id='word_1_34' title='bbox 1055 430 1310 497; x_wconf 83' lang='lat' dir='ltr'>prementia</span> <span class='ocrx_word' id='word_1_35' title='bbox 1358 431 1626 480; x_wconf 87' lang='lat' dir='ltr'><strong>Gulielmus</strong></span> <span class='ocrx_word' id='word_1_36' title='bbox 1648 433 1909 499; x_wconf 84' lang='lat' dir='ltr'><strong>Duglaflius</strong></span> 
     </span>
     <span class='ocr_line' id='line_1_6' title="bbox 125 495 1909 564; baseline -0.003 -12"><span class='ocrx_word' id='word_1_37' title='bbox 125 502 313 556; x_wconf 64' lang='lat' dir='ltr'><strong>collecta</strong></span> <span class='ocrx_word' id='word_1_38' title='bbox 331 495 719 564; x_wconf 72' lang='lat' dir='ltr'><strong>prspinquorum,</strong></span> <span class='ocrx_word' id='word_1_39' title='bbox 742 503 791 549; x_wconf 68' lang='grc' dir='ltr'><strong>ὃς</strong></span> <span class='ocrx_word' id='word_1_40' title='bbox 811 499 1053 545; x_wconf 85' lang='lat' dir='ltr'><strong>clientium</strong></span> <span class='ocrx_word' id='word_1_41' title='bbox 1074 509 1214 546; x_wconf 79' lang='lat' dir='ltr'><strong>manu</strong></span> <span class='ocrx_word' id='word_1_42' title='bbox 1233 498 1435 561; x_wconf 83' lang='lat' dir='ltr'><strong>primurn</strong></span> <span class='ocrx_word' id='word_1_43' title='bbox 1459 498 1741 561; x_wconf 82' lang='lat' dir='ltr'><strong>Duglaffiam</strong></span> <span class='ocrx_word' id='word_1_44' title='bbox 1763 501 1909 561; x_wconf 82' lang='lat' dir='ltr'><strong>majo-</strong></span> 
     </span>
     <span class='ocr_line' id='line_1_7' title="bbox 123 562 1910 628; baseline -0.002 -11"><span class='ocrx_word' id='word_1_45' title='bbox 123 581 225 619; x_wconf 79' lang='lat' dir='ltr'><strong>rum</strong></span> <span class='ocrx_word' id='word_1_46' title='bbox 247 567 430 614; x_wconf 90' lang='lat' dir='ltr'><strong>suorum</strong></span> <span class='ocrx_word' id='word_1_47' title='bbox 451 562 782 628; x_wconf 74' lang='lat' dir='ltr'><strong>patrimonium</strong></span> <span class='ocrx_word' id='word_1_48' title='bbox 805 563 959 624; x_wconf 64' lang='lat' dir='ltr'><strong>ejec&#39;tis</strong></span> <span class='ocrx_word' id='word_1_49' title='bbox 982 563 1150 627; x_wconf 87' lang='lat' dir='ltr'><strong>Anglis</strong></span> <span class='ocrx_word' id='word_1_50' title='bbox 1172 564 1463 626; x_wconf 88' lang='lat' dir='ltr'><strong>recuperavit</strong></span> <span class='ocrx_word' id='word_1_51' title='bbox 1483 583 1493 610; x_wconf 90' lang='lat'>:</span> <span class='ocrx_word' id='word_1_52' title='bbox 1532 562 1701 610; x_wconf 87' lang='lat' dir='ltr'><strong>deinde</strong></span> <span class='ocrx_word' id='word_1_53' title='bbox 1722 565 1746 610; x_wconf 78' lang='lat' dir='ltr'><strong>e</strong></span> <span class='ocrx_word' id='word_1_54' title='bbox 1768 581 1910 626; x_wconf 79' lang='lat' dir='ltr'><strong>parvo</strong></span> 
     </span>
     <span class='ocr_line' id='line_1_8' title="bbox 119 627 1910 691; baseline -0.002 -10"><span class='ocrx_word' id='word_1_55' title='bbox 119 632 318 682; x_wconf 70' lang='lat' dir='ltr'><strong>successu</strong></span> <span class='ocrx_word' id='word_1_56' title='bbox 339 629 564 678; x_wconf 83' lang='lat' dir='ltr'><strong>crescente</strong></span> <span class='ocrx_word' id='word_1_57' title='bbox 588 627 761 674; x_wconf 88' lang='lat' dir='ltr'><strong>civium</strong></span> <span class='ocrx_word' id='word_1_58' title='bbox 784 643 895 691; x_wconf 88' lang='lat' dir='ltr'><strong>erga</strong></span> <span class='ocrx_word' id='word_1_59' title='bbox 914 643 1020 674; x_wconf 89' lang='lat' dir='ltr'><strong>eum</strong></span> <span class='ocrx_word' id='word_1_60' title='bbox 1043 627 1198 675; x_wconf 87' lang='lat' dir='ltr'><strong>favore</strong></span> <span class='ocrx_word' id='word_1_61' title='bbox 1219 644 1434 691; x_wconf 87' lang='lat' dir='ltr'><strong>magnam</strong></span> <span class='ocrx_word' id='word_1_62' title='bbox 1463 627 1708 676; x_wconf 72' lang='lat' dir='ltr'><strong>Teviotiae&#39;</strong></span> <span class='ocrx_word' id='word_1_63' title='bbox 1735 641 1910 690; x_wconf 88' lang='lat' dir='ltr'><strong>partem</strong></span> 
     </span>
     <span class='ocr_line' id='line_1_9' title="bbox 120 692 1912 762; baseline -0.004 -16"><span class='ocrx_word' id='word_1_64' title='bbox 120 695 314 762; x_wconf 78' lang='lat' dir='ltr'><strong>recepit.</strong></span> <span class='ocrx_word' id='word_1_65' title='bbox 360 697 542 743; x_wconf 82' lang='lat' dir='ltr'><strong>Interea</strong></span> <span class='ocrx_word' id='word_1_66' title='bbox 564 694 758 740; x_wconf 88' lang='lat' dir='ltr'><strong>Ioannes</strong></span> <span class='ocrx_word' id='word_1_67' title='bbox 780 693 1057 739; x_wconf 79' lang='lat' dir='ltr'>Francorum</span> <span class='ocrx_word' id='word_1_68' title='bbox 1080 692 1198 747; x_wconf 81' lang='lat' dir='ltr'><strong>Rex,</strong></span> <span class='ocrx_word' id='word_1_69' title='bbox 1225 692 1308 754; x_wconf 88' lang='lat' dir='ltr'><strong>qui</strong></span> <span class='ocrx_word' id='word_1_70' title='bbox 1330 693 1449 754; x_wconf 83' lang='lat' dir='ltr'><strong>patri</strong></span> <span class='ocrx_word' id='word_1_71' title='bbox 1472 693 1712 756; x_wconf 75' lang='lat' dir='ltr'><strong>Phiiippo,</strong></span> <span class='ocrx_word' id='word_1_72' title='bbox 1736 698 1782 741; x_wconf 63' lang='grc' dir='ltr'><strong>ὅ(</strong></span> <span class='ocrx_word' id='word_1_73' title='bbox 1810 710 1912 757; x_wconf 85' lang='lat' dir='ltr'><strong>reg-</strong></span> 
     </span>
     <span class='ocr_line' id='line_1_10' title="bbox 119 756 1913 820; baseline -0.003 -10"><span class='ocrx_word' id='word_1_74' title='bbox 119 763 188 818; x_wconf 77' lang='lat' dir='ltr'><strong>ni,</strong></span> <span class='ocrx_word' id='word_1_75' title='bbox 223 767 270 812; x_wconf 87' lang='lat'>&amp;</span> <span class='ocrx_word' id='word_1_76' title='bbox 296 760 407 807; x_wconf 87' lang='lat' dir='ltr'><strong>belli</strong></span> <span class='ocrx_word' id='word_1_77' title='bbox 431 757 522 806; x_wconf 88' lang='lat' dir='ltr'><strong>fuit</strong></span> <span class='ocrx_word' id='word_1_78' title='bbox 554 756 718 813; x_wconf 83' lang='lat' dir='ltr'><strong>haeres,</strong></span> <span class='ocrx_word' id='word_1_79' title='bbox 753 757 924 804; x_wconf 86' lang='lat' dir='ltr'><strong>veritus</strong></span> <span class='ocrx_word' id='word_1_80' title='bbox 948 773 1006 804; x_wconf 91' lang='lat' dir='ltr'><strong>ne</strong></span> <span class='ocrx_word' id='word_1_81' title='bbox 1030 757 1157 804; x_wconf 86' lang='lat' dir='ltr'><strong>Scoti</strong></span> <span class='ocrx_word' id='word_1_82' title='bbox 1194 769 1263 804; x_wconf 77' lang='lat' dir='ltr'><strong>tot</strong></span> <span class='ocrx_word' id='word_1_83' title='bbox 1295 756 1427 803; x_wconf 86' lang='lat' dir='ltr'><strong>malis</strong></span> <span class='ocrx_word' id='word_1_84' title='bbox 1459 757 1590 804; x_wconf 55' lang='lat' dir='ltr'><strong>fracti</strong></span> <span class='ocrx_word' id='word_1_85' title='bbox 1618 770 1710 804; x_wconf 86' lang='lat' dir='ltr'><strong>tam</strong></span> <span class='ocrx_word' id='word_1_86' title='bbox 1733 759 1913 820; x_wconf 87' lang='lat' dir='ltr'><strong>potenti</strong></span> 
     </span>
     <span class='ocr_line' id='line_1_11' title="bbox 119 819 1914 889; baseline -0.003 -14"><span class='ocrx_word' id='word_1_87' title='bbox 119 819 237 876; x_wconf 73' lang='lat' dir='ltr'><strong>nosti</strong></span> <span class='ocrx_word' id='word_1_88' title='bbox 256 823 622 878; x_wconf 80' lang='lat' dir='ltr'><strong>succumberent,</strong></span> <span class='ocrx_word' id='word_1_89' title='bbox 647 819 767 870; x_wconf 83' lang='lat' dir='ltr'><strong>mifit</strong></span> <span class='ocrx_word' id='word_1_90' title='bbox 787 822 846 870; x_wconf 85' lang='lat' dir='ltr'><strong>ad</strong></span> <span class='ocrx_word' id='word_1_91' title='bbox 867 835 944 868; x_wconf 87' lang='lat' dir='ltr'><strong>eos</strong></span> <span class='ocrx_word' id='word_1_92' title='bbox 964 820 1231 887; x_wconf 85' lang='lat' dir='ltr'><strong>Eugenium</strong></span> <span class='ocrx_word' id='word_1_93' title='bbox 1254 821 1582 870; x_wconf 77' lang='lat' dir='ltr'><strong>Garenterium</strong></span> <span class='ocrx_word' id='word_1_94' title='bbox 1604 822 1914 889; x_wconf 85' lang='lat' dir='ltr'><strong>quadraginta</strong></span> 
     </span>
    </p>

    <p class='ocr_par' dir='ltr' id='par_1_3' title="bbox 62 887 1915 1798">
     <span class='ocr_line' id='line_1_12' title="bbox 62 887 1914 952; baseline -0.002 -12"><span class='ocrx_word' id='word_1_95' title='bbox 62 891 71 899; x_wconf 50' lang='lat'>⁸</span> <span class='ocrx_word' id='word_1_96' title='bbox 117 893 230 940; x_wconf 62' lang='lat' dir='ltr'><strong>viris</strong></span> <span class='ocrx_word' id='word_1_97' title='bbox 258 888 455 938; x_wconf 85' lang='lat' dir='ltr'><strong>fortibus</strong></span> <span class='ocrx_word' id='word_1_98' title='bbox 482 888 752 948; x_wconf 80' lang='lat' dir='ltr'><strong>comitatum</strong></span> <span class='ocrx_word' id='word_1_99' title='bbox 777 887 973 952; x_wconf 89' lang='lat' dir='ltr'><strong>petitum</strong></span> <span class='ocrx_word' id='word_1_100' title='bbox 1005 887 1063 935; x_wconf 93' lang='lat' dir='ltr'><strong>ab</strong></span> <span class='ocrx_word' id='word_1_101' title='bbox 1093 887 1160 935; x_wconf 90' lang='lat' dir='ltr'><strong>eis</strong></span> <span class='ocrx_word' id='word_1_102' title='bbox 1190 903 1247 934; x_wconf 88' lang='lat' dir='ltr'><strong>ne</strong></span> <span class='ocrx_word' id='word_1_103' title='bbox 1269 887 1410 935; x_wconf 87' lang='lat' dir='ltr'><strong>ullam</strong></span> <span class='ocrx_word' id='word_1_104' title='bbox 1441 904 1546 935; x_wconf 89' lang='lat' dir='ltr'><strong>cum</strong></span> <span class='ocrx_word' id='word_1_105' title='bbox 1575 888 1731 952; x_wconf 82' lang='lat' dir='ltr'><strong>Anglo</strong></span> <span class='ocrx_word' id='word_1_106' title='bbox 1753 903 1914 950; x_wconf 85' lang='lat' dir='ltr'><strong>pacem</strong></span> 
     </span>
     <span class='ocr_line' id='line_1_13' title="bbox 120 950 1912 1016; baseline -0.003 -10"><span class='ocrx_word' id='word_1_107' title='bbox 120 955 166 1006; x_wconf 81' lang='lat' dir='ltr'><strong>se</strong></span> <span class='ocrx_word' id='word_1_108' title='bbox 186 955 447 1004; x_wconf 86' lang='lat' dir='ltr'><strong>inconsulto</strong></span> <span class='ocrx_word' id='word_1_109' title='bbox 468 953 687 1002; x_wconf 87' lang='lat' dir='ltr'><strong>facerent.</strong></span> <span class='ocrx_word' id='word_1_110' title='bbox 759 954 802 1000; x_wconf 92' lang='lat' dir='ltr'><strong>Is</strong></span> <span class='ocrx_word' id='word_1_111' title='bbox 827 952 1134 1016; x_wconf 87' lang='lat' dir='ltr'><strong>quadraginta</strong></span> <span class='ocrx_word' id='word_1_112' title='bbox 1159 951 1436 1000; x_wconf 86' lang='lat' dir='ltr'><strong>scutatorum</strong></span> <span class='ocrx_word' id='word_1_113' title='bbox 1460 951 1608 1000; x_wconf 86' lang='lat' dir='ltr'><strong>millia</strong></span> <span class='ocrx_word' id='word_1_114' title='bbox 1630 953 1687 998; x_wconf 88' lang='lat' dir='ltr'><strong>ad</strong></span> <span class='ocrx_word' id='word_1_115' title='bbox 1712 950 1912 1001; x_wconf 86' lang='lat' dir='ltr'><strong>militem</strong></span> 
     </span>
     <span class='ocr_line' id='line_1_14' title="bbox 121 1016 1915 1082; baseline -0.004 -11"><span class='ocrx_word' id='word_1_116' title='bbox 121 1020 477 1071; x_wconf 89' lang='lat' dir='ltr'><strong>conducendum</strong></span> <span class='ocrx_word' id='word_1_117' title='bbox 511 1017 685 1067; x_wconf 83' lang='lat' dir='ltr'><strong>attulit.</strong></span> <span class='ocrx_word' id='word_1_118' title='bbox 754 1018 977 1066; x_wconf 89' lang='lat' dir='ltr'><strong>Praeterea</strong></span> <span class='ocrx_word' id='word_1_119' title='bbox 1009 1016 1267 1082; x_wconf 85' lang='lat' dir='ltr'><strong>magnificis</strong></span> <span class='ocrx_word' id='word_1_120' title='bbox 1296 1017 1517 1080; x_wconf 86' lang='lat' dir='ltr'><strong>promiffis</strong></span> <span class='ocrx_word' id='word_1_121' title='bbox 1540 1016 1834 1065; x_wconf 78' lang='lat' dir='ltr'><strong>nobilitatem</strong></span> <span class='ocrx_word' id='word_1_122' title='bbox 1864 1018 1915 1065; x_wconf 87' lang='lat' dir='ltr'><strong>iu</strong></span> 
     </span>
     <span class='ocr_line' id='line_1_15' title="bbox 123 1080 1915 1146; baseline -0.002 -12"><span class='ocrx_word' id='word_1_123' title='bbox 123 1084 249 1134; x_wconf 88' lang='lat' dir='ltr'><strong>suam</strong></span> <span class='ocrx_word' id='word_1_124' title='bbox 281 1083 551 1133; x_wconf 87' lang='lat' dir='ltr'><strong>sententiam</strong></span> <span class='ocrx_word' id='word_1_125' title='bbox 592 1083 810 1131; x_wconf 82' lang='lat' dir='ltr'><strong>traduxit.</strong></span> <span class='ocrx_word' id='word_1_126' title='bbox 879 1080 956 1130; x_wconf 86' lang='lat' dir='ltr'><strong>Illi</strong></span> <span class='ocrx_word' id='word_1_127' title='bbox 979 1095 1228 1146; x_wconf 84' lang='lat' dir='ltr'><strong>accaeptam</strong></span> <span class='ocrx_word' id='word_1_128' title='bbox 1257 1081 1501 1145; x_wconf 89' lang='lat' dir='ltr'><strong>pecuniam</strong></span> <span class='ocrx_word' id='word_1_129' title='bbox 1533 1082 1654 1130; x_wconf 85' lang='lat' dir='ltr'><strong>inter</strong></span> <span class='ocrx_word' id='word_1_130' title='bbox 1687 1081 1730 1130; x_wconf 90' lang='lat' dir='ltr'><strong>se</strong></span> <span class='ocrx_word' id='word_1_131' title='bbox 1790 1081 1915 1131; x_wconf 85' lang='lat' dir='ltr'><strong>artiti</strong></span> 
     </span>
     <span class='ocr_line' id='line_1_16' title="bbox 121 1100 1915 1212; baseline -0.001 -14"><span class='ocrx_word' id='word_1_132' title='bbox 121 1151 254 1199; x_wconf 84' lang='lat' dir='ltr'><strong>nullo</strong></span> <span class='ocrx_word' id='word_1_133' title='bbox 275 1148 423 1207; x_wconf 79' lang='lat' dir='ltr'><strong>milite</strong></span> <span class='ocrx_word' id='word_1_134' title='bbox 445 1148 675 1195; x_wconf 53' lang='lat' dir='ltr'><strong>conducto</strong></span> <span class='ocrx_word' id='word_1_135' title='bbox 693 1146 868 1194; x_wconf 90' lang='lat' dir='ltr'><strong>bellum</strong></span> <span class='ocrx_word' id='word_1_136' title='bbox 892 1164 973 1210; x_wconf 86' lang='lat' dir='ltr'><strong>per</strong></span> <span class='ocrx_word' id='word_1_137' title='bbox 991 1148 1276 1194; x_wconf 79' lang='lat' dir='ltr'><strong>excursiones</strong></span> <span class='ocrx_word' id='word_1_138' title='bbox 1300 1145 1558 1212; x_wconf 86' lang='lat' dir='ltr'><strong>frequentes</strong></span> <span class='ocrx_word' id='word_1_139' title='bbox 1579 1163 1708 1194; x_wconf 89' lang='lat' dir='ltr'><strong>more</strong></span> <span class='ocrx_word' id='word_1_140' title='bbox 1731 1100 1809 1195; x_wconf 58' lang='lat' dir='ltr'><strong>silio</strong></span> <span class='ocrx_word' id='word_1_141' title='bbox 1832 1148 1915 1196; x_wconf 89' lang='lat' dir='ltr'><strong>ad·</strong></span> 
     </span>
     <span class='ocr_line' id='line_1_17' title="bbox 119 1211 1915 1276; baseline -0.002 -12"><span class='ocrx_word' id='word_1_142' title='bbox 119 1215 449 1276; x_wconf 75' lang='lat' dir='ltr'><strong>ministrarunt.</strong></span> <span class='ocrx_word' id='word_1_143' title='bbox 518 1213 571 1260; x_wconf 88' lang='lat' dir='ltr'><strong>Id</strong></span> <span class='ocrx_word' id='word_1_144' title='bbox 599 1212 678 1260; x_wconf 86' lang='lat' dir='ltr'><strong>ubi</strong></span> <span class='ocrx_word' id='word_1_145' title='bbox 700 1212 758 1259; x_wconf 89' lang='lat' dir='ltr'><strong>ad</strong></span> <span class='ocrx_word' id='word_1_146' title='bbox 781 1212 991 1275; x_wconf 88' lang='lat' dir='ltr'><strong>Anglum</strong></span> <span class='ocrx_word' id='word_1_147' title='bbox 1014 1211 1075 1258; x_wconf 90' lang='lat' dir='ltr'><strong>est</strong></span> <span class='ocrx_word' id='word_1_148' title='bbox 1096 1212 1326 1275; x_wconf 84' lang='lat' dir='ltr'><strong>perlatum</strong></span> <span class='ocrx_word' id='word_1_149' title='bbox 1348 1212 1628 1260; x_wconf 84' lang='lat' dir='ltr'><strong>Lothianam</strong></span> <span class='ocrx_word' id='word_1_150' title='bbox 1660 1212 1760 1273; x_wconf 86' lang='lat' dir='ltr'><strong>jam</strong></span> <span class='ocrx_word' id='word_1_151' title='bbox 1780 1226 1915 1261; x_wconf 81' lang='lat' dir='ltr'><strong>antea.</strong></span> 
     </span>
     <span class='ocr_line' id='line_1_18' title="bbox 121 1274 1912 1342; baseline -0.002 -14"><span class='ocrx_word' id='word_1_152' title='bbox 121 1280 243 1329; x_wconf 78' lang='lat' dir='ltr'><strong>male</strong></span> <span class='ocrx_word' id='word_1_153' title='bbox 265 1279 471 1327; x_wconf 80' lang='lat' dir='ltr'><strong>habitam</strong></span> <span class='ocrx_word' id='word_1_154' title='bbox 493 1294 638 1342; x_wconf 86' lang='lat' dir='ltr'><strong>prope</strong></span> <span class='ocrx_word' id='word_1_155' title='bbox 661 1277 718 1324; x_wconf 88' lang='lat' dir='ltr'><strong>ad</strong></span> <span class='ocrx_word' id='word_1_156' title='bbox 735 1275 988 1329; x_wconf 86' lang='lat' dir='ltr'><strong>vastitatem</strong></span> <span class='ocrx_word' id='word_1_157' title='bbox 1005 1276 1201 1340; x_wconf 83' lang='lat' dir='ltr'><strong>redegit.</strong></span> <span class='ocrx_word' id='word_1_158' title='bbox 1251 1277 1370 1324; x_wconf 86' lang='lat' dir='ltr'><strong>Haec</strong></span> <span class='ocrx_word' id='word_1_159' title='bbox 1390 1289 1438 1324; x_wconf 90' lang='lat' dir='ltr'><strong>ut</strong></span> <span class='ocrx_word' id='word_1_160' title='bbox 1461 1274 1799 1333; x_wconf 74' lang='lat' dir='ltr'><strong>ulciscerentur,</strong></span> <span class='ocrx_word' id='word_1_161' title='bbox 1827 1278 1912 1326; x_wconf 86' lang='lat' dir='ltr'><strong>Pa-</strong></span> 
     </span>
     <span class='ocr_line' id='line_1_19' title="bbox 121 1339 1915 1407; baseline -0.002 -13"><span class='ocrx_word' id='word_1_162' title='bbox 121 1344 281 1394; x_wconf 88' lang='lat' dir='ltr'><strong>tricius</strong></span> <span class='ocrx_word' id='word_1_163' title='bbox 305 1343 608 1398; x_wconf 83' lang='lat' dir='ltr'><strong>Dumbarius‚</strong></span> <span class='ocrx_word' id='word_1_164' title='bbox 643 1347 683 1395; x_wconf 84' lang='lat'>&amp;</span> <span class='ocrx_word' id='word_1_165' title='bbox 708 1339 974 1389; x_wconf 90' lang='lat' dir='ltr'><strong>Gulielmus</strong></span> <span class='ocrx_word' id='word_1_166' title='bbox 998 1339 1261 1404; x_wconf 66' lang='lat' dir='ltr'><strong>D‘uglassius</strong></span> <span class='ocrx_word' id='word_1_167' title='bbox 1285 1343 1477 1390; x_wconf 62' lang='lat' dir='ltr'><strong>collecta</strong></span> <span class='ocrx_word' id='word_1_168' title='bbox 1499 1342 1639 1407; x_wconf 71' lang='lat' dir='ltr'><strong>quam</strong></span> <span class='ocrx_word' id='word_1_169' title='bbox 1663 1355 1915 1407; x_wconf 85' lang='lat' dir='ltr'><strong>potuerunt</strong></span> 
     </span>
     <span class='ocr_line' id='line_1_20' title="bbox 122 1405 1913 1473; baseline -0.002 -15"><span class='ocrx_word' id='word_1_170' title='bbox 122 1409 419 1458; x_wconf 87' lang='lat' dir='ltr'><strong>occultiflime</strong></span> <span class='ocrx_word' id='word_1_171' title='bbox 442 1405 1066 1473; x_wconf 73' lang='lat' dir='ltr'><strong>magna&#39;manuGulielmum</strong></span> <span class='ocrx_word' id='word_1_172' title='bbox 1077 1405 1356 1454; x_wconf 81' lang='lat' dir='ltr'><strong>Ramisaeum</strong></span> <span class='ocrx_word' id='word_1_173' title='bbox 1366 1408 1627 1456; x_wconf 85' lang='lat' dir='ltr'><strong>Dallufium</strong></span> <span class='ocrx_word' id='word_1_174' title='bbox 1648 1407 1801 1455; x_wconf 89' lang='lat' dir='ltr'><strong>virum</strong></span> <span class='ocrx_word' id='word_1_175' title='bbox 1819 1408 1913 1456; x_wconf 82' lang='lat' dir='ltr'><strong>for-</strong></span> 
     </span>
     <span class='ocr_line' id='line_1_21' title="bbox 122 1471 1914 1538; baseline -0.001 -16"><span class='ocrx_word' id='word_1_176' title='bbox 122 1490 237 1530; x_wconf 83' lang='lat' dir='ltr'><strong>tem,</strong></span> <span class='ocrx_word' id='word_1_177' title='bbox 276 1481 316 1521; x_wconf 77' lang='grc' dir='ltr'><strong>δε</strong></span> <span class='ocrx_word' id='word_1_178' title='bbox 347 1484 468 1520; x_wconf 86' lang='lat' dir='ltr'><strong>notae</strong></span> <span class='ocrx_word' id='word_1_179' title='bbox 490 1473 538 1519; x_wconf 90' lang='lat' dir='ltr'><strong>in</strong></span> <span class='ocrx_word' id='word_1_180' title='bbox 563 1472 688 1520; x_wconf 81' lang='lat' dir='ltr'><strong>bello</strong></span> <span class='ocrx_word' id='word_1_181' title='bbox 711 1471 939 1519; x_wconf 73' lang='lat' dir='ltr'><strong>industriae</strong></span> <span class='ocrx_word' id='word_1_182' title='bbox 971 1471 1028 1518; x_wconf 90' lang='lat' dir='ltr'><strong>ad</strong></span> <span class='ocrx_word' id='word_1_183' title='bbox 1051 1472 1307 1519; x_wconf 86' lang='lat' dir='ltr'><strong>Noramam</strong></span> <span class='ocrx_word' id='word_1_184' title='bbox 1330 1490 1503 1538; x_wconf 88' lang='lat' dir='ltr'><strong>pagum</strong></span> <span class='ocrx_word' id='word_1_185' title='bbox 1534 1473 1582 1520; x_wconf 89' lang='lat' dir='ltr'><strong>in</strong></span> <span class='ocrx_word' id='word_1_186' title='bbox 1610 1474 1711 1535; x_wconf 79' lang='lat' dir='ltr'><strong>ripa</strong></span> <span class='ocrx_word' id='word_1_187' title='bbox 1732 1474 1914 1522; x_wconf 85' lang='lat' dir='ltr'><strong>Tuedae</strong></span> 
     </span>
     <span class='ocr_line' id='line_1_22' title="bbox 121 1537 1912 1603; baseline -0.001 -16"><span class='ocrx_word' id='word_1_188' title='bbox 121 1540 411 1603; x_wconf 83' lang='lat' dir='ltr'><strong>frequentem</strong></span> <span class='ocrx_word' id='word_1_189' title='bbox 425 1537 768 1585; x_wconf 82' lang='lat' dir='ltr'><strong>incendendum</strong></span> <span class='ocrx_word' id='word_1_190' title='bbox 788 1553 894 1584; x_wconf 87' lang='lat' dir='ltr'><strong>cum</strong></span> <span class='ocrx_word' id='word_1_191' title='bbox 910 1549 1039 1600; x_wconf 80' lang='lat' dir='ltr'><strong>parte</strong></span> <span class='ocrx_word' id='word_1_192' title='bbox 1056 1537 1285 1584; x_wconf 83' lang='lat' dir='ltr'><strong>exercitus</strong></span> <span class='ocrx_word' id='word_1_193' title='bbox 1309 1537 1517 1585; x_wconf 87' lang='lat' dir='ltr'><strong>mittunt.</strong></span> <span class='ocrx_word' id='word_1_194' title='bbox 1551 1538 1640 1601; x_wconf 81' lang='lat' dir='ltr'><strong>lpfi</strong></span> <span class='ocrx_word' id='word_1_195' title='bbox 1663 1538 1712 1585; x_wconf 89' lang='lat' dir='ltr'><strong>in</strong></span> <span class='ocrx_word' id='word_1_196' title='bbox 1734 1537 1912 1586; x_wconf 75' lang='lat' dir='ltr'><strong>insidiis</strong></span> 
     </span>
     <span class='ocr_line' id='line_1_23' title="bbox 122 1601 1914 1667; baseline -0.001 -15"><span class='ocrx_word' id='word_1_197' title='bbox 122 1605 384 1653; x_wconf 75' lang='lat' dir='ltr'><strong>consistunt.</strong></span> <span class='ocrx_word' id='word_1_198' title='bbox 418 1604 539 1650; x_wconf 90' lang='lat' dir='ltr'><strong>Cum</strong></span> <span class='ocrx_word' id='word_1_199' title='bbox 555 1619 587 1664; x_wconf 85' lang='lat' dir='ltr'><strong>q</strong></span> <span class='ocrx_word' id='word_1_200' title='bbox 592 1603 682 1650; x_wconf 86' lang='lat' dir='ltr'><strong>uod</strong></span> <span class='ocrx_word' id='word_1_201' title='bbox 697 1602 938 1666; x_wconf 79' lang='lat' dir='ltr'><strong>quaesitum</strong></span> <span class='ocrx_word' id='word_1_202' title='bbox 951 1615 1049 1649; x_wconf 87' lang='lat' dir='ltr'><strong>erat</strong></span> <span class='ocrx_word' id='word_1_203' title='bbox 1060 1601 1310 1649; x_wconf 86' lang='lat' dir='ltr'><strong>Ramisaeus</strong></span> <span class='ocrx_word' id='word_1_204' title='bbox 1330 1601 1448 1650; x_wconf 86' lang='lat' dir='ltr'><strong>foret</strong></span> <span class='ocrx_word' id='word_1_205' title='bbox 1470 1604 1696 1650; x_wconf 76' lang='lat' dir='ltr'><strong>assecutus</strong></span> <span class='ocrx_word' id='word_1_206' title='bbox 1715 1604 1914 1667; x_wconf 79' lang='lat' dir='ltr'><strong>perduc-</strong></span> 
     </span>
     <span class='ocr_line' id='line_1_24' title="bbox 122 1667 1914 1723; baseline -0.001 -6"><span class='ocrx_word' id='word_1_207' title='bbox 122 1669 161 1718; x_wconf 87' lang='lat' dir='ltr'><strong>ti</strong></span> <span class='ocrx_word' id='word_1_208' title='bbox 182 1669 240 1716; x_wconf 88' lang='lat' dir='ltr'><strong>ad</strong></span> <span class='ocrx_word' id='word_1_209' title='bbox 261 1667 445 1716; x_wconf 85' lang='lat' dir='ltr'><strong>infidias</strong></span> <span class='ocrx_word' id='word_1_210' title='bbox 468 1668 632 1723; x_wconf 83' lang='lat' dir='ltr'><strong>hostes,</strong></span> <span class='ocrx_word' id='word_1_211' title='bbox 658 1683 711 1714; x_wconf 89' lang='lat' dir='ltr'><strong>ac</strong></span> <span class='ocrx_word' id='word_1_212' title='bbox 733 1667 1037 1715; x_wconf 88' lang='lat' dir='ltr'><strong>circumventi</strong></span> <span class='ocrx_word' id='word_1_213' title='bbox 1058 1667 1314 1715; x_wconf 80' lang='lat' dir='ltr'><strong>caeduntur.</strong></span> <span class='ocrx_word' id='word_1_214' title='bbox 1383 1668 1601 1715; x_wconf 87' lang='lat' dir='ltr'><strong>Tandem</strong></span> <span class='ocrx_word' id='word_1_215' title='bbox 1621 1667 1914 1717; x_wconf 83' lang='lat' dir='ltr'><strong>multitudini</strong></span> 
     </span>
     <span class='ocr_line' id='line_1_25' title="bbox 123 1731 1395 1798; baseline -0.002 -15"><span class='ocrx_word' id='word_1_216' title='bbox 123 1733 323 1798; x_wconf 84' lang='lat' dir='ltr'><strong>impares</strong></span> <span class='ocrx_word' id='word_1_217' title='bbox 344 1732 628 1781; x_wconf 84' lang='lat' dir='ltr'><strong>deditionem</strong></span> <span class='ocrx_word' id='word_1_218' title='bbox 653 1731 831 1779; x_wconf 86' lang='lat' dir='ltr'><strong>faciunt</strong></span> <span class='ocrx_word' id='word_1_219' title='bbox 861 1751 871 1780; x_wconf 90' lang='lat'>:</span> <span class='ocrx_word' id='word_1_220' title='bbox 905 1750 1008 1796; x_wconf 87' lang='lat' dir='ltr'><strong>pars</strong></span> <span class='ocrx_word' id='word_1_221' title='bbox 1034 1732 1179 1793; x_wconf 89' lang='lat' dir='ltr'><strong>major</strong></span> <span class='ocrx_word' id='word_1_222' title='bbox 1201 1733 1395 1795; x_wconf 86' lang='lat' dir='ltr'><strong>capitur.</strong></span> 
     </span>
    </p>

    <p class='ocr_par' dir='ltr' id='par_1_4' title="bbox 34 1797 1916 1991">
     <span class='ocr_line' id='line_1_26' title="bbox 130 1797 1913 1860; baseline -0.001 -14"><span class='ocrx_word' id='word_1_223' title='bbox 130 1807 133 1809; x_wconf 72' lang='grc'><strong><em>’</em></strong></span> <span class='ocrx_word' id='word_1_224' title='bbox 190 1799 417 1847; x_wconf 73' lang='lat' dir='ltr'><strong>XXXVI.</strong></span> <span class='ocrx_word' id='word_1_225' title='bbox 453 1800 563 1846; x_wconf 90' lang='lat' dir='ltr'><strong>Hoc</strong></span> <span class='ocrx_word' id='word_1_226' title='bbox 586 1797 778 1845; x_wconf 75' lang='lat' dir='ltr'><strong>successu</strong></span> <span class='ocrx_word' id='word_1_227' title='bbox 801 1814 983 1846; x_wconf 86' lang='lat' dir='ltr'><strong>crevere</strong></span> <span class='ocrx_word' id='word_1_228' title='bbox 1011 1798 1159 1845; x_wconf 83' lang='lat' dir='ltr'><strong>Scotis</strong></span> <span class='ocrx_word' id='word_1_229' title='bbox 1184 1797 1326 1844; x_wconf 84' lang='lat' dir='ltr'><strong>animi</strong></span> <span class='ocrx_word' id='word_1_230' title='bbox 1361 1817 1372 1845; x_wconf 74' lang='lat' dir='ltr'>z</span> <span class='ocrx_word' id='word_1_231' title='bbox 1405 1797 1563 1860; x_wconf 84' lang='lat' dir='ltr'><strong>itaque</strong></span> <span class='ocrx_word' id='word_1_232' title='bbox 1597 1797 1759 1845; x_wconf 87' lang='lat' dir='ltr'><strong>iisdem</strong></span> <span class='ocrx_word' id='word_1_233' title='bbox 1781 1797 1913 1845; x_wconf 89' lang='lat' dir='ltr'><strong>duci-</strong></span> 
     </span>
     <span class='ocr_line' id='line_1_27' title="bbox 39 1858 1915 1926; baseline -0.001 -14"><span class='ocrx_word' id='word_1_234' title='bbox 39 1858 48 1869; x_wconf 38' lang='lat'><em>*</em></span> <span class='ocrx_word' id='word_1_235' title='bbox 122 1863 210 1914; x_wconf 86' lang='lat' dir='ltr'><strong>bus</strong></span> <span class='ocrx_word' id='word_1_236' title='bbox 233 1862 488 1924; x_wconf 61' lang='lat' dir='ltr'><strong>conjunctis</strong></span> <span class='ocrx_word' id='word_1_237' title='bbox 514 1864 584 1925; x_wconf 81' lang='grc' dir='ltr'><strong>(ι)</strong></span> <span class='ocrx_word' id='word_1_238' title='bbox 603 1863 812 1910; x_wconf 84' lang='lat' dir='ltr'><strong>Thomas</strong></span> <span class='ocrx_word' id='word_1_239' title='bbox 837 1864 1043 1911; x_wconf 82' lang='lat' dir='ltr'><strong>Stuartus</strong></span> <span class='ocrx_word' id='word_1_240' title='bbox 1067 1863 1284 1926; x_wconf 75' lang='lat' dir='ltr'><strong>Angufiae</strong></span> <span class='ocrx_word' id='word_1_241' title='bbox 1308 1865 1478 1910; x_wconf 86' lang='lat' dir='ltr'><strong>Comes</strong></span> <span class='ocrx_word' id='word_1_242' title='bbox 1501 1863 1746 1910; x_wconf 85' lang='lat' dir='ltr'><strong>Bervicum</strong></span> <span class='ocrx_word' id='word_1_243' title='bbox 1761 1875 1915 1911; x_wconf 88' lang='lat' dir='ltr'><strong>tenta-</strong></span> 
     </span>
     <span class='ocr_line' id='line_1_28' title="bbox 34 1927 1916 1991; baseline -0.001 -14"><span class='ocrx_word' id='word_1_244' title='bbox 34 1945 50 1956; x_wconf 61' lang='lat'>*</span> <span class='ocrx_word' id='word_1_245' title='bbox 125 1947 174 1977; x_wconf 78' lang='lat' dir='ltr'><strong>re</strong></span> <span class='ocrx_word' id='word_1_246' title='bbox 193 1929 361 1977; x_wconf 85' lang='lat' dir='ltr'><strong>statuit.</strong></span> <span class='ocrx_word' id='word_1_247' title='bbox 430 1929 486 1975; x_wconf 89' lang='lat' dir='ltr'><strong>Id</strong></span> <span class='ocrx_word' id='word_1_248' title='bbox 507 1928 705 1984; x_wconf 82' lang='lat' dir='ltr'><strong>occulte,</strong></span> <span class='ocrx_word' id='word_1_249' title='bbox 733 1938 783 1974; x_wconf 85' lang='lat' dir='ltr'><strong>ut</strong></span> <span class='ocrx_word' id='word_1_250' title='bbox 804 1929 1119 1984; x_wconf 81' lang='lat' dir='ltr'><strong>conficeretur,</strong></span> <span class='ocrx_word' id='word_1_251' title='bbox 1145 1927 1384 1975; x_wconf 65' lang='lat' dir='ltr'><strong>conductis</strong></span> <span class='ocrx_word' id='word_1_252' title='bbox 1405 1928 1712 1990; x_wconf 88' lang='lat' dir='ltr'><strong>undecunque</strong></span> <span class='ocrx_word' id='word_1_253' title='bbox 1733 1939 1916 1991; x_wconf 85' lang='lat' dir='ltr'><strong>poterat</strong></span> 
     </span>
    </p>

    <p class='ocr_par' dir='ltr' id='par_1_5' title="bbox 124 1992 1913 2057">
     <span class='ocr_line' id='line_1_29' title="bbox 124 1992 1913 2057; baseline 0 -16"><span class='ocrx_word' id='word_1_254' title='bbox 124 1994 338 2056; x_wconf 61' lang='lat' dir='ltr'><strong>nauibus,</strong></span> <span class='ocrx_word' id='word_1_255' title='bbox 370 1992 604 2056; x_wconf 85' lang='lat' dir='ltr'><strong>scalisque,</strong></span> <span class='ocrx_word' id='word_1_256' title='bbox 649 1999 691 2040; x_wconf 70' lang='grc' dir='ltr'><strong>δε</strong></span> <span class='ocrx_word' id='word_1_257' title='bbox 712 1992 894 2057; x_wconf 84' lang='lat' dir='ltr'><strong>reliquo</strong></span> <span class='ocrx_word' id='word_1_258' title='bbox 924 1993 1341 2057; x_wconf 80' lang='lat' dir='ltr'><strong>oppugnandarum</strong></span> <span class='ocrx_word' id='word_1_259' title='bbox 1365 1992 1552 2039; x_wconf 86' lang='lat' dir='ltr'><strong>urbium</strong></span> <span class='ocrx_word' id='word_1_260' title='bbox 1573 2007 1795 2056; x_wconf 84' lang='lat' dir='ltr'><strong>apparatu</strong></span> <span class='ocrx_word' id='word_1_261' title='bbox 1820 1993 1913 2041; x_wconf 77' lang='lat' dir='ltr'><strong>im-</strong></span> 
     </span>
    </p>

    <p class='ocr_par' dir='ltr' id='par_1_6' title="bbox 124 2058 1914 2122">
     <span class='ocr_line' id='line_1_30' title="bbox 124 2058 1914 2122; baseline 0 -17"><span class='ocrx_word' id='word_1_262' title='bbox 124 2059 272 2122; x_wconf 73' lang='lat' dir='ltr'><strong>posito</strong></span> <span class='ocrx_word' id='word_1_263' title='bbox 296 2058 545 2105; x_wconf 84' lang='lat' dir='ltr'><strong>Patricium</strong></span> <span class='ocrx_word' id='word_1_264' title='bbox 565 2059 623 2104; x_wconf 89' lang='lat' dir='ltr'><strong>de</strong></span> <span class='ocrx_word' id='word_1_265' title='bbox 645 2058 725 2106; x_wconf 87' lang='lat' dir='ltr'><strong>suo</strong></span> <span class='ocrx_word' id='word_1_266' title='bbox 746 2059 946 2106; x_wconf 86' lang='lat' dir='ltr'><strong>adventu</strong></span> <span class='ocrx_word' id='word_1_267' title='bbox 968 2058 1080 2105; x_wconf 82' lang='lat' dir='ltr'><strong>facit</strong></span> <span class='ocrx_word' id='word_1_268' title='bbox 1099 2058 1359 2106; x_wconf 88' lang='lat' dir='ltr'><strong>certiorem.</strong></span> <span class='ocrx_word' id='word_1_269' title='bbox 1401 2059 1521 2105; x_wconf 89' lang='lat' dir='ltr'><strong>Cum</strong></span> <span class='ocrx_word' id='word_1_270' title='bbox 1546 2060 1605 2105; x_wconf 89' lang='lat' dir='ltr'><strong>ad</strong></span> <span class='ocrx_word' id='word_1_271' title='bbox 1619 2059 1780 2105; x_wconf 85' lang='lat' dir='ltr'><strong>horam</strong></span> <span class='ocrx_word' id='word_1_272' title='bbox 1802 2075 1914 2105; x_wconf 88' lang='lat' dir='ltr'><strong>con·</strong></span> 
     </span>
    </p>

    <p class='ocr_par' dir='ltr' id='par_1_7' title="bbox 107 2120 1919 2901">
     <span class='ocr_line' id='line_1_31' title="bbox 126 2120 1911 2187; baseline -0.002 -16"><span class='ocrx_word' id='word_1_273' title='bbox 126 2124 327 2171; x_wconf 81' lang='lat' dir='ltr'><strong>stitutam</strong></span> <span class='ocrx_word' id='word_1_274' title='bbox 350 2121 490 2185; x_wconf 66' lang='lat' dir='ltr'><strong>quam</strong></span> <span class='ocrx_word' id='word_1_275' title='bbox 515 2120 716 2169; x_wconf 68' lang='lat' dir='ltr'><strong>minimo‘</strong></span> <span class='ocrx_word' id='word_1_276' title='bbox 731 2135 943 2186; x_wconf 89' lang='lat' dir='ltr'><strong>poterant</strong></span> <span class='ocrx_word' id='word_1_277' title='bbox 960 2125 1161 2170; x_wconf 86' lang='lat' dir='ltr'><strong>tumultu</strong></span> <span class='ocrx_word' id='word_1_278' title='bbox 1181 2124 1239 2169; x_wconf 88' lang='lat' dir='ltr'><strong>ad</strong></span> <span class='ocrx_word' id='word_1_279' title='bbox 1262 2140 1415 2170; x_wconf 87' lang='lat' dir='ltr'><strong>muros</strong></span> <span class='ocrx_word' id='word_1_280' title='bbox 1435 2123 1719 2178; x_wconf 85' lang='lat' dir='ltr'><strong>accederent,</strong></span> <span class='ocrx_word' id='word_1_281' title='bbox 1745 2121 1911 2187; x_wconf 85' lang='lat' dir='ltr'><strong>vigiles</strong></span> 
     </span>
     <span class='ocr_line' id='line_1_32' title="bbox 127 2186 1916 2252; baseline -0.001 -16"><span class='ocrx_word' id='word_1_282' title='bbox 127 2201 282 2236; x_wconf 86' lang='lat' dir='ltr'><strong>tamen</strong></span> <span class='ocrx_word' id='word_1_283' title='bbox 305 2203 398 2235; x_wconf 89' lang='lat' dir='ltr'><strong>non</strong></span> <span class='ocrx_word' id='word_1_284' title='bbox 421 2186 686 2234; x_wconf 86' lang='lat' dir='ltr'><strong>fefellerunt</strong></span> <span class='ocrx_word' id='word_1_285' title='bbox 706 2205 717 2234; x_wconf 95' lang='lat'><strong>:</strong></span> <span class='ocrx_word' id='word_1_286' title='bbox 753 2188 921 2251; x_wconf 81' lang='lat' dir='ltr'><strong>quibus</strong></span> <span class='ocrx_word' id='word_1_287' title='bbox 940 2189 1037 2251; x_wconf 90' lang='lat' dir='ltr'><strong>post</strong></span> <span class='ocrx_word' id='word_1_288' title='bbox 1055 2203 1208 2235; x_wconf 88' lang='lat' dir='ltr'><strong>acrem</strong></span> <span class='ocrx_word' id='word_1_289' title='bbox 1229 2204 1435 2252; x_wconf 87' lang='lat' dir='ltr'><strong>pugnam</strong></span> <span class='ocrx_word' id='word_1_290' title='bbox 1457 2189 1643 2250; x_wconf 73' lang='lat' dir='ltr'><strong>repulsis</strong></span> <span class='ocrx_word' id='word_1_291' title='bbox 1663 2187 1788 2234; x_wconf 86' lang='lat' dir='ltr'><strong>Scoti</strong></span> <span class='ocrx_word' id='word_1_292' title='bbox 1811 2200 1890 2235; x_wconf 87' lang='lat' dir='ltr'><strong>tan</strong></span> <span class='ocrx_word' id='word_1_293' title='bbox 1904 2217 1916 2226; x_wconf 90' lang='lat'><em>-</em></span> 
     </span>
     <span class='ocr_line' id='line_1_33' title="bbox 126 2251 1913 2315; baseline -0.001 -14"><span class='ocrx_word' id='word_1_294' title='bbox 126 2254 235 2301; x_wconf 89' lang='lat' dir='ltr'><strong>dem</strong></span> <span class='ocrx_word' id='word_1_295' title='bbox 260 2252 371 2300; x_wconf 88' lang='lat' dir='ltr'><strong>urbe</strong></span> <span class='ocrx_word' id='word_1_296' title='bbox 394 2268 486 2299; x_wconf 89' lang='lat' dir='ltr'><strong>non</strong></span> <span class='ocrx_word' id='word_1_297' title='bbox 509 2252 600 2299; x_wconf 86' lang='lat' dir='ltr'><strong>fine</strong></span> <span class='ocrx_word' id='word_1_298' title='bbox 623 2252 792 2299; x_wconf 90' lang='lat' dir='ltr'><strong>damno</strong></span> <span class='ocrx_word' id='word_1_299' title='bbox 827 2252 1008 2303; x_wconf 82' lang='lat' dir='ltr'><strong>suorum</strong></span> <span class='ocrx_word' id='word_1_300' title='bbox 1030 2252 1287 2315; x_wconf 87' lang='lat' dir='ltr'><strong>potiuntur.</strong></span> <span class='ocrx_word' id='word_1_301' title='bbox 1357 2255 1526 2300; x_wconf 87' lang='lat' dir='ltr'><strong>Arcem</strong></span> <span class='ocrx_word' id='word_1_302' title='bbox 1568 2253 1626 2299; x_wconf 93' lang='lat' dir='ltr'><strong>ab</strong></span> <span class='ocrx_word' id='word_1_303' title='bbox 1650 2251 1819 2315; x_wconf 81' lang='lat' dir='ltr'><strong>Anglis</strong></span> <span class='ocrx_word' id='word_1_304' title='bbox 1842 2269 1913 2299; x_wconf 69' lang='lat' dir='ltr'><strong>re-</strong></span> 
     </span>
     <span class='ocr_line' id='line_1_34' title="bbox 123 2316 1910 2381; baseline -0.001 -15"><span class='ocrx_word' id='word_1_305' title='bbox 123 2330 300 2366; x_wconf 86' lang='lat' dir='ltr'><strong>tentam</strong></span> <span class='ocrx_word' id='word_1_306' title='bbox 317 2333 485 2381; x_wconf 87' lang='lat' dir='ltr'><strong>magna</strong></span> <span class='ocrx_word' id='word_1_307' title='bbox 501 2316 566 2372; x_wconf 89' lang='lat' dir='ltr'><strong>vi,</strong></span> <span class='ocrx_word' id='word_1_308' title='bbox 592 2316 667 2364; x_wconf 88' lang='lat' dir='ltr'><strong>sed</strong></span> <span class='ocrx_word' id='word_1_309' title='bbox 690 2317 850 2364; x_wconf 85' lang='lat' dir='ltr'><strong>frustra</strong></span> <span class='ocrx_word' id='word_1_310' title='bbox 870 2317 1156 2365; x_wconf 63' lang='lat' dir='ltr'><strong>adoriuntur.</strong></span> <span class='ocrx_word' id='word_1_311' title='bbox 1239 2319 1421 2381; x_wconf 88' lang='lat' dir='ltr'><strong>Anglus</strong></span> <span class='ocrx_word' id='word_1_312' title='bbox 1443 2318 1602 2364; x_wconf 91' lang='lat' dir='ltr'><strong>audito</strong></span> <span class='ocrx_word' id='word_1_313' title='bbox 1623 2334 1775 2364; x_wconf 85' lang='lat' dir='ltr'><strong>rerum</strong></span> <span class='ocrx_word' id='word_1_314' title='bbox 1800 2319 1910 2365; x_wconf 56' lang='lat' dir='ltr'><strong>Sco*</strong></span> 
     </span>
     <span class='ocr_line' id='line_1_35' title="bbox 124 2381 1913 2447; baseline -0.001 -16"><span class='ocrx_word' id='word_1_315' title='bbox 124 2383 320 2442; x_wconf 83' lang='lat' dir='ltr'><strong>ticarum</strong></span> <span class='ocrx_word' id='word_1_316' title='bbox 344 2383 456 2429; x_wconf 87' lang='lat' dir='ltr'><strong>statu</strong></span> <span class='ocrx_word' id='word_1_317' title='bbox 475 2384 635 2429; x_wconf 67' lang='lat' dir='ltr'><strong>coacto</strong></span> <span class='ocrx_word' id='word_1_318' title='bbox 654 2381 860 2446; x_wconf 83' lang='lat' dir='ltr'><strong>exercitu</strong></span> <span class='ocrx_word' id='word_1_319' title='bbox 882 2382 1067 2445; x_wconf 89' lang='lat' dir='ltr'><strong>copioso</strong></span> <span class='ocrx_word' id='word_1_320' title='bbox 1089 2382 1271 2447; x_wconf 83' lang='lat' dir='ltr'><strong>magnis</strong></span> <span class='ocrx_word' id='word_1_321' title='bbox 1301 2382 1543 2430; x_wconf 87' lang='lat' dir='ltr'><strong>itineribus</strong></span> <span class='ocrx_word' id='word_1_322' title='bbox 1572 2385 1629 2430; x_wconf 81' lang='grc' dir='ltr'><strong>εὸ</strong></span> <span class='ocrx_word' id='word_1_323' title='bbox 1655 2382 1913 2430; x_wconf 86' lang='lat' dir='ltr'><strong>contendit.</strong></span> 
     </span>
     <span class='ocr_line' id='line_1_36' title="bbox 107 2446 1914 2511; baseline -0.003 -14"><span class='ocrx_word' id='word_1_324' title='bbox 107 2448 254 2498; x_wconf 86' lang='lat' dir='ltr'><strong>..Scoti</strong></span> <span class='ocrx_word' id='word_1_325' title='bbox 272 2459 463 2511; x_wconf 89' lang='lat' dir='ltr'><strong>accepto</strong></span> <span class='ocrx_word' id='word_1_326' title='bbox 485 2447 580 2509; x_wconf 87' lang='lat' dir='ltr'><strong>ejus</strong></span> <span class='ocrx_word' id='word_1_327' title='bbox 604 2447 806 2495; x_wconf 87' lang='lat' dir='ltr'><strong>adventu</strong></span> <span class='ocrx_word' id='word_1_328' title='bbox 827 2447 955 2494; x_wconf 89' lang='lat' dir='ltr'><strong>nulla</strong></span> <span class='ocrx_word' id='word_1_329' title='bbox 975 2464 1023 2494; x_wconf 89' lang='lat' dir='ltr'><strong>re</strong></span> <span class='ocrx_word' id='word_1_330' title='bbox 1045 2447 1103 2494; x_wconf 87' lang='lat' dir='ltr'><strong>ad</strong></span> <span class='ocrx_word' id='word_1_331' title='bbox 1117 2449 1307 2511; x_wconf 88' lang='lat' dir='ltr'><strong>longam</strong></span> <span class='ocrx_word' id='word_1_332' title='bbox 1329 2447 1614 2495; x_wconf 75' lang='lat' dir='ltr'><strong>obsidionem</strong></span> <span class='ocrx_word' id='word_1_333' title='bbox 1630 2446 1732 2494; x_wconf 88' lang='lat' dir='ltr'><strong>satis</strong></span> <span class='ocrx_word' id='word_1_334' title='bbox 1754 2446 1914 2510; x_wconf 83' lang='lat' dir='ltr'><strong>provi-</strong></span> 
     </span>
     <span class='ocr_line' id='line_1_37' title="bbox 127 2511 1916 2576; baseline -0.002 -15"><span class='ocrx_word' id='word_1_335' title='bbox 127 2512 189 2570; x_wconf 88' lang='lat' dir='ltr'><strong>sa,</strong></span> <span class='ocrx_word' id='word_1_336' title='bbox 216 2513 328 2559; x_wconf 88' lang='lat' dir='ltr'><strong>urbe</strong></span> <span class='ocrx_word' id='word_1_337' title='bbox 350 2511 557 2575; x_wconf 88' lang='lat' dir='ltr'><strong>spoliata,</strong></span> <span class='ocrx_word' id='word_1_338' title='bbox 583 2515 630 2563; x_wconf 71' lang='lat' dir='ltr'><strong>St</strong></span> <span class='ocrx_word' id='word_1_339' title='bbox 651 2512 833 2560; x_wconf 85' lang='lat' dir='ltr'><strong>incensa</strong></span> <span class='ocrx_word' id='word_1_340' title='bbox 853 2512 913 2559; x_wconf 90' lang='lat' dir='ltr'><strong>ad</strong></span> <span class='ocrx_word' id='word_1_341' title='bbox 935 2512 1010 2559; x_wconf 89' lang='lat' dir='ltr'><strong>sua</strong></span> <span class='ocrx_word' id='word_1_342' title='bbox 1032 2512 1280 2560; x_wconf 84' lang='lat' dir='ltr'><strong>redierunt.</strong></span> <span class='ocrx_word' id='word_1_343' title='bbox 1336 2513 1578 2561; x_wconf 80' lang='lat' dir='ltr'><strong>Eduardus</strong></span> <span class='ocrx_word' id='word_1_344' title='bbox 1600 2512 1730 2559; x_wconf 88' lang='lat' dir='ltr'><strong>omni</strong></span> <span class='ocrx_word' id='word_1_345' title='bbox 1746 2529 1916 2576; x_wconf 80' lang='lat' dir='ltr'><strong>genere</strong></span> 
     </span>
     <span class='ocr_line' id='line_1_38' title="bbox 130 2571 1916 2641; baseline -0.002 -15"><span class='ocrx_word' id='word_1_346' title='bbox 130 2578 355 2626; x_wconf 84' lang='lat' dir='ltr'><strong>artificum</strong></span> <span class='ocrx_word' id='word_1_347' title='bbox 378 2576 588 2624; x_wconf 88' lang='lat' dir='ltr'><strong>adhibito</strong></span> <span class='ocrx_word' id='word_1_348' title='bbox 609 2589 824 2641; x_wconf 89' lang='lat' dir='ltr'><strong>corrupta</strong></span> <span class='ocrx_word' id='word_1_349' title='bbox 846 2571 1043 2625; x_wconf 83' lang='lat' dir='ltr'><strong>flammis</strong></span> <span class='ocrx_word' id='word_1_350' title='bbox 1063 2577 1281 2626; x_wconf 85' lang='lat' dir='ltr'><strong>instaurat</strong></span> <span class='ocrx_word' id='word_1_351' title='bbox 1306 2596 1317 2625; x_wconf 93' lang='lat'>:</span> <span class='ocrx_word' id='word_1_352' title='bbox 1366 2579 1540 2625; x_wconf 87' lang='lat' dir='ltr'><strong>interea</strong></span> <span class='ocrx_word' id='word_1_353' title='bbox 1571 2577 1665 2640; x_wconf 86' lang='lat' dir='ltr'><strong>ipse</strong></span> <span class='ocrx_word' id='word_1_354' title='bbox 1687 2577 1916 2641; x_wconf 81' lang='lat' dir='ltr'><strong>Rosburgi</strong></span> 
     </span>
     <span class='ocr_line' id='line_1_39' title="bbox 128 2641 1919 2706; baseline -0.001 -16"><span class='ocrx_word' id='word_1_355' title='bbox 128 2656 299 2691; x_wconf 83' lang='lat' dir='ltr'><strong>manet.</strong></span> <span class='ocrx_word' id='word_1_356' title='bbox 337 2644 407 2690; x_wconf 89' lang='grc' dir='ltr'><strong>Εὸ</strong></span> <span class='ocrx_word' id='word_1_357' title='bbox 427 2641 647 2689; x_wconf 84' lang='lat' dir='ltr'><strong>Balliolus</strong></span> <span class='ocrx_word' id='word_1_358' title='bbox 669 2643 815 2698; x_wconf 76' lang='lat' dir='ltr'><strong>venit,</strong></span> <span class='ocrx_word' id='word_1_359' title='bbox 840 2641 1008 2690; x_wconf 89' lang='lat' dir='ltr'><strong>Scotiae</strong></span> <span class='ocrx_word' id='word_1_360' title='bbox 1029 2659 1174 2706; x_wconf 82' lang='lat' dir='ltr'><strong>regno</strong></span> <span class='ocrx_word' id='word_1_361' title='bbox 1197 2644 1240 2691; x_wconf 89' lang='lat' dir='ltr'><strong>ei</strong></span> <span class='ocrx_word' id='word_1_362' title='bbox 1261 2644 1384 2691; x_wconf 89' lang='lat' dir='ltr'><strong>cedit</strong></span> <span class='ocrx_word' id='word_1_363' title='bbox 1405 2662 1414 2690; x_wconf 90' lang='lat'>:</span> <span class='ocrx_word' id='word_1_364' title='bbox 1452 2655 1645 2706; x_wconf 89' lang='lat' dir='ltr'><strong>oratque</strong></span> <span class='ocrx_word' id='word_1_365' title='bbox 1667 2643 1919 2689; x_wconf 51' lang='lat' dir='ltr'><strong>vehemen2</strong></span> 
     </span>
     <span class='ocr_line' id='line_1_40' title="bbox 123 2705 1916 2773; baseline -0.001 -18"><span class='ocrx_word' id='word_1_366' title='bbox 123 2720 211 2764; x_wconf 77' lang='lat' dir='ltr'><strong>ter,</strong></span> <span class='ocrx_word' id='word_1_367' title='bbox 235 2725 292 2754; x_wconf 89' lang='lat' dir='ltr'><strong>ne</strong></span> <span class='ocrx_word' id='word_1_368' title='bbox 307 2706 390 2755; x_wconf 81' lang='lat' dir='ltr'><strong>fibi</strong></span> <span class='ocrx_word' id='word_1_369' title='bbox 412 2705 439 2752; x_wconf 75' lang='grc' dir='ltr'><strong>Ξι</strong></span> <span class='ocrx_word' id='word_1_370' title='bbox 459 2707 606 2754; x_wconf 85' lang='lat' dir='ltr'><strong>Scotis</strong></span> <span class='ocrx_word' id='word_1_371' title='bbox 619 2707 768 2771; x_wconf 84' lang='lat' dir='ltr'><strong>illatas</strong></span> <span class='ocrx_word' id='word_1_372' title='bbox 791 2706 980 2768; x_wconf 88' lang='lat' dir='ltr'><strong>injurias</strong></span> <span class='ocrx_word' id='word_1_373' title='bbox 1002 2708 1228 2773; x_wconf 83' lang='lat' dir='ltr'><strong>negligat.</strong></span> <span class='ocrx_word' id='word_1_374' title='bbox 1277 2710 1458 2773; x_wconf 56' lang='lat' dir='ltr'><strong>Anglus</strong></span> <span class='ocrx_word' id='word_1_375' title='bbox 1481 2709 1608 2755; x_wconf 76' lang='lat' dir='ltr'><strong>velut</strong></span> <span class='ocrx_word' id='word_1_376' title='bbox 1629 2706 1673 2754; x_wconf 89' lang='lat' dir='ltr'><strong>ei</strong></span> <span class='ocrx_word' id='word_1_377' title='bbox 1691 2707 1916 2754; x_wconf 89' lang='lat' dir='ltr'><strong>obsecun-</strong></span> 
     </span>
     <span class='ocr_line' id='line_1_41' title="bbox 123 2771 1913 2837; baseline -0.001 -17"><span class='ocrx_word' id='word_1_378' title='bbox 123 2773 235 2820; x_wconf 89' lang='lat' dir='ltr'><strong>dans</strong></span> <span class='ocrx_word' id='word_1_379' title='bbox 260 2771 536 2819; x_wconf 85' lang='lat' dir='ltr'><strong>Lothianam</strong></span> <span class='ocrx_word' id='word_1_380' title='bbox 561 2785 698 2826; x_wconf 88' lang='lat' dir='ltr'><strong>terra,</strong></span> <span class='ocrx_word' id='word_1_381' title='bbox 723 2771 933 2835; x_wconf 84' lang='lat' dir='ltr'><strong>marique</strong></span> <span class='ocrx_word' id='word_1_382' title='bbox 949 2771 1128 2820; x_wconf 88' lang='lat' dir='ltr'><strong>invadit</strong></span> <span class='ocrx_word' id='word_1_383' title='bbox 1155 2793 1165 2820; x_wconf 73' lang='grc' dir='ltr'>ε</span> <span class='ocrx_word' id='word_1_384' title='bbox 1200 2780 1248 2823; x_wconf 70' lang='grc' dir='ltr'>δί</span> <span class='ocrx_word' id='word_1_385' title='bbox 1272 2772 1498 2837; x_wconf 87' lang='lat' dir='ltr'><strong>quicquid</strong></span> <span class='ocrx_word' id='word_1_386' title='bbox 1520 2773 1749 2837; x_wconf 80' lang='lat' dir='ltr'><strong>supererat</strong></span> <span class='ocrx_word' id='word_1_387' title='bbox 1778 2771 1913 2834; x_wconf 85' lang='lat' dir='ltr'><strong>supe·</strong></span> 
     </span>
     <span class='ocr_line' id='line_1_42' title="bbox 122 2835 1913 2901; baseline -0.001 -17"><span class='ocrx_word' id='word_1_388' title='bbox 122 2837 236 2884; x_wconf 88' lang='lat' dir='ltr'><strong>riori</strong></span> <span class='ocrx_word' id='word_1_389' title='bbox 257 2835 494 2884; x_wconf 78' lang='lat' dir='ltr'><strong>vastationi</strong></span> <span class='ocrx_word' id='word_1_390' title='bbox 516 2836 804 2900; x_wconf 41' lang='lat' dir='ltr'><strong>corrumpi&amp;</strong></span> <span class='ocrx_word' id='word_1_391' title='bbox 839 2838 1119 2885; x_wconf 87' lang='lat' dir='ltr'><strong>Decreverat</strong></span> <span class='ocrx_word' id='word_1_392' title='bbox 1139 2838 1221 2884; x_wconf 84' lang='lat' dir='ltr'><strong>illa</strong></span> <span class='ocrx_word' id='word_1_393' title='bbox 1239 2838 1535 2901; x_wconf 68' lang='lat' dir='ltr'><strong>expeditione</strong></span> <span class='ocrx_word' id='word_1_394' title='bbox 1560 2838 1741 2901; x_wconf 73' lang='lat' dir='ltr'><strong>Anglus</strong></span> <span class='ocrx_word' id='word_1_395' title='bbox 1766 2849 1913 2883; x_wconf 82' lang='lat' dir='ltr'><strong>totam</strong></span> 
     </span>
    </p>

    <p class='ocr_par' dir='ltr' id='par_1_8' title="bbox 127 2901 1914 2967">
     <span class='ocr_line' id='line_1_43' title="bbox 127 2901 1914 2967; baseline 0.001 -19"><span class='ocrx_word' id='word_1_396' title='bbox 127 2901 327 2948; x_wconf 87' lang='lat' dir='ltr'><strong>Scotiam</strong></span> <span class='ocrx_word' id='word_1_397' title='bbox 349 2902 408 2948; x_wconf 85' lang='lat' dir='ltr'><strong>fic</strong></span> <span class='ocrx_word' id='word_1_398' title='bbox 430 2901 648 2967; x_wconf 79' lang='lat' dir='ltr'><strong>affligere,</strong></span> <span class='ocrx_word' id='word_1_399' title='bbox 687 2915 736 2948; x_wconf 89' lang='lat' dir='ltr'><strong>ut</strong></span> <span class='ocrx_word' id='word_1_400' title='bbox 763 2902 913 2948; x_wconf 89' lang='lat' dir='ltr'><strong>nullas</strong></span> <span class='ocrx_word' id='word_1_401' title='bbox 935 2901 983 2949; x_wconf 90' lang='lat' dir='ltr'><strong>in</strong></span> <span class='ocrx_word' id='word_1_402' title='bbox 1017 2904 1245 2966; x_wconf 87' lang='lat' dir='ltr'><strong>posterum</strong></span> <span class='ocrx_word' id='word_1_403' title='bbox 1268 2905 1386 2950; x_wconf 89' lang='lat' dir='ltr'><strong>vires</strong></span> <span class='ocrx_word' id='word_1_404' title='bbox 1407 2903 1466 2949; x_wconf 86' lang='lat' dir='ltr'><strong>ad</strong></span> <span class='ocrx_word' id='word_1_405' title='bbox 1499 2903 1816 2949; x_wconf 85' lang='lat' dir='ltr'><strong>rebellandum</strong></span> <span class='ocrx_word' id='word_1_406' title='bbox 1841 2918 1914 2949; x_wconf 73' lang='lat' dir='ltr'><strong>re-</strong></span> 
     </span>
    </p>

    <p class='ocr_par' dir='ltr' id='par_1_9' title="bbox 123 2965 1913 3030">
     <span class='ocr_line' id='line_1_44' title="bbox 123 2965 1913 3030; baseline 0.001 -18"><span class='ocrx_word' id='word_1_407' title='bbox 123 2965 344 3029; x_wconf 72' lang='lat' dir='ltr'><strong>colligere</strong></span> <span class='ocrx_word' id='word_1_408' title='bbox 379 2965 537 3029; x_wconf 84' lang='lat' dir='ltr'><strong>poffet.</strong></span> <span class='ocrx_word' id='word_1_409' title='bbox 605 2968 781 3014; x_wconf 87' lang='lat' dir='ltr'><strong>Verum</strong></span> <span class='ocrx_word' id='word_1_410' title='bbox 810 2966 860 3013; x_wconf 91' lang='lat' dir='ltr'><strong>id</strong></span> <span class='ocrx_word' id='word_1_411' title='bbox 884 2967 1127 3014; x_wconf 86' lang='lat' dir='ltr'><strong>confilium</strong></span> <span class='ocrx_word' id='word_1_412' title='bbox 1150 2968 1345 3015; x_wconf 83' lang='lat' dir='ltr'><strong>discuflit</strong></span> <span class='ocrx_word' id='word_1_413' title='bbox 1366 2967 1492 3013; x_wconf 83' lang='lat' dir='ltr'><strong>foeda</strong></span> <span class='ocrx_word' id='word_1_414' title='bbox 1515 2968 1771 3029; x_wconf 82' lang='lat' dir='ltr'><strong>tempestas,</strong></span> <span class='ocrx_word' id='word_1_415' title='bbox 1808 2983 1913 3030; x_wconf 75' lang='lat' dir='ltr'><strong>quae</strong></span> 
     </span>
    </p>

    <p class='ocr_par' dir='ltr' id='par_1_10' title="bbox 122 3028 1915 3160">
     <span class='ocr_line' id='line_1_45' title="bbox 122 3028 1911 3095; baseline 0 -19"><span class='ocrx_word' id='word_1_416' title='bbox 122 3028 320 3085; x_wconf 71' lang='lat' dir='ltr'><strong>classem,</strong></span> <span class='ocrx_word' id='word_1_417' title='bbox 357 3030 404 3076; x_wconf 90' lang='lat' dir='ltr'><strong>in</strong></span> <span class='ocrx_word' id='word_1_418' title='bbox 437 3036 530 3093; x_wconf 77' lang='lat' dir='ltr'><strong>qua</strong></span> <span class='ocrx_word' id='word_1_419' title='bbox 565 3030 902 3078; x_wconf 84' lang='lat' dir='ltr'><strong>subvehebatur</strong></span> <span class='ocrx_word' id='word_1_420' title='bbox 923 3044 1207 3080; x_wconf 83' lang='lat' dir='ltr'><strong>commeatus</strong></span> <span class='ocrx_word' id='word_1_421' title='bbox 1229 3034 1294 3080; x_wconf 88' lang='lat' dir='ltr'><strong>ita</strong></span> <span class='ocrx_word' id='word_1_422' title='bbox 1321 3031 1566 3095; x_wconf 82' lang='lat' dir='ltr'><strong>diffipavit,</strong></span> <span class='ocrx_word' id='word_1_423' title='bbox 1593 3031 1831 3086; x_wconf 84' lang='lat' dir='ltr'><strong>laceravit,</strong></span> <span class='ocrx_word' id='word_1_424' title='bbox 1870 3038 1911 3077; x_wconf 70' lang='lat' dir='ltr'><strong>Sc</strong></span> 
     </span>
     <span class='ocr_line' id='line_1_46' title="bbox 122 3093 1915 3160; baseline 0.002 -21"><span class='ocrx_word' id='word_1_425' title='bbox 122 3093 300 3146; x_wconf 82' lang='lat' dir='ltr'><strong>afflixit,</strong></span> <span class='ocrx_word' id='word_1_426' title='bbox 325 3105 376 3140; x_wconf 90' lang='lat' dir='ltr'><strong>ut</strong></span> <span class='ocrx_word' id='word_1_427' title='bbox 397 3111 554 3156; x_wconf 86' lang='lat' dir='ltr'><strong>paucae</strong></span> <span class='ocrx_word' id='word_1_428' title='bbox 578 3112 713 3142; x_wconf 81' lang='lat' dir='ltr'><strong>naves</strong></span> <span class='ocrx_word' id='word_1_429' title='bbox 737 3095 902 3143; x_wconf 84' lang='lat' dir='ltr'><strong>iterum</strong></span> <span class='ocrx_word' id='word_1_430' title='bbox 923 3096 972 3142; x_wconf 89' lang='lat' dir='ltr'><strong>in</strong></span> <span class='ocrx_word' id='word_1_431' title='bbox 998 3107 1142 3144; x_wconf 88' lang='lat' dir='ltr'><strong>unum</strong></span> <span class='ocrx_word' id='word_1_432' title='bbox 1161 3111 1347 3160; x_wconf 88' lang='lat' dir='ltr'><strong>portum</strong></span> <span class='ocrx_word' id='word_1_433' title='bbox 1372 3096 1498 3143; x_wconf 89' lang='lat' dir='ltr'><strong>coire</strong></span> <span class='ocrx_word' id='word_1_434' title='bbox 1522 3096 1774 3160; x_wconf 78' lang='lat' dir='ltr'><strong>potuerint.</strong></span> <span class='ocrx_word' id='word_1_435' title='bbox 1845 3097 1915 3142; x_wconf 79' lang='lat' dir='ltr'><strong>Ita</strong></span> 
     </span>
    </p>

    <p class='ocr_par' dir='ltr' id='par_1_11' title="bbox 124 3157 1912 3225">
     <span class='ocr_line' id='line_1_47' title="bbox 124 3157 1912 3225; baseline 0.001 -20"><span class='ocrx_word' id='word_1_436' title='bbox 124 3157 365 3206; x_wconf 85' lang='lat' dir='ltr'><strong>Eduardus</strong></span> <span class='ocrx_word' id='word_1_437' title='bbox 400 3159 547 3205; x_wconf 88' lang='lat' dir='ltr'><strong>redire</strong></span> <span class='ocrx_word' id='word_1_438' title='bbox 569 3159 630 3205; x_wconf 91' lang='lat' dir='ltr'><strong>ob</strong></span> <span class='ocrx_word' id='word_1_439' title='bbox 653 3173 937 3207; x_wconf 85' lang='lat' dir='ltr'><strong>commeatus</strong></span> <span class='ocrx_word' id='word_1_440' title='bbox 960 3161 1167 3225; x_wconf 87' lang='lat' dir='ltr'><strong>inopiam</strong></span> <span class='ocrx_word' id='word_1_441' title='bbox 1190 3166 1371 3217; x_wconf 71' lang='lat' dir='ltr'><strong>coaCtus</strong></span> <span class='ocrx_word' id='word_1_442' title='bbox 1394 3161 1508 3208; x_wconf 83' lang='lat' dir='ltr'><strong>iram</strong></span> <span class='ocrx_word' id='word_1_443' title='bbox 1533 3161 1657 3209; x_wconf 84' lang='lat' dir='ltr'><strong>suam</strong></span> <span class='ocrx_word' id='word_1_444' title='bbox 1679 3161 1727 3206; x_wconf 83' lang='lat' dir='ltr'><strong>in</strong></span> <span class='ocrx_word' id='word_1_445' title='bbox 1753 3159 1912 3207; x_wconf 82' lang='lat' dir='ltr'><strong>Edim-</strong></span> 
     </span>
    </p>

    <p class='ocr_par' dir='ltr' id='par_1_12' title="bbox 123 3221 1913 3292">
     <span class='ocr_line' id='line_1_48' title="bbox 123 3221 1913 3292; baseline 0.001 -24"><span class='ocrx_word' id='word_1_446' title='bbox 123 3221 343 3287; x_wconf 85' lang='lat' dir='ltr'><strong>burgum,</strong></span> <span class='ocrx_word' id='word_1_447' title='bbox 362 3222 617 3285; x_wconf 80' lang='lat' dir='ltr'><strong>Hadinarn,</strong></span> <span class='ocrx_word' id='word_1_448' title='bbox 643 3225 911 3289; x_wconf 84' lang='lat' dir='ltr'><strong>reliquaque</strong></span> <span class='ocrx_word' id='word_1_449' title='bbox 933 3227 1177 3274; x_wconf 85' lang='lat' dir='ltr'><strong>Lothianae</strong></span> <span class='ocrx_word' id='word_1_450' title='bbox 1199 3228 1375 3292; x_wconf 86' lang='lat' dir='ltr'><strong>oppida</strong></span> <span class='ocrx_word' id='word_1_451' title='bbox 1392 3226 1556 3273; x_wconf 83' lang='lat' dir='ltr'><strong>effudit</strong></span> <span class='ocrx_word' id='word_1_452' title='bbox 1583 3245 1594 3273; x_wconf 88' lang='lat'><strong>:</strong></span> <span class='ocrx_word' id='word_1_453' title='bbox 1630 3243 1683 3274; x_wconf 79' lang='lat' dir='ltr'><strong>ee</strong></span> <span class='ocrx_word' id='word_1_454' title='bbox 1704 3225 1811 3272; x_wconf 79' lang='lat' dir='ltr'><strong>cum</strong></span> <span class='ocrx_word' id='word_1_455' title='bbox 1831 3240 1913 3271; x_wconf 66' lang='lat' dir='ltr'><strong>exn</strong></span> 
     </span>
    </p>
   </div>
   <div class='ocr_carea' id='block_1_2' title="bbox 0 701 18 1560">
    <p class='ocr_par' dir='ltr' id='par_1_13' title="bbox 0 701 18 1560">
     <span class='ocr_line' id='line_1_49' title="bbox 0 701 18 1560; baseline 0 0"><span class='ocrx_word' id='word_1_456' title='bbox 0 701 18 1560; x_wconf 95' lang='lat' dir='ltr'><strong> </strong></span> 
     </span>
    </p>
   </div>
   <div class='ocr_carea' id='block_1_3' title="bbox 123 3368 1911 3581">
    <p class='ocr_par' dir='ltr' id='par_1_14' title="bbox 123 3368 1911 3581">
     <span class='ocr_line' id='line_1_50' title="bbox 176 3368 1911 3423; baseline -0.002 -15"><span class='ocrx_word' id='word_1_457' title='bbox 176 3368 236 3419; x_wconf 90' lang='lat'><strong>(1)</strong></span> <span class='ocrx_word' id='word_1_458' title='bbox 265 3371 361 3407; x_wconf 82' lang='lat' dir='ltr'><strong>Lord</strong></span> <span class='ocrx_word' id='word_1_459' title='bbox 376 3369 579 3408; x_wconf 84' lang='lat' dir='ltr'><strong>ofBonkle</strong></span> <span class='ocrx_word' id='word_1_460' title='bbox 594 3373 664 3408; x_wconf 86' lang='lat' dir='ltr'><strong>and</strong></span> <span class='ocrx_word' id='word_1_461' title='bbox 681 3373 974 3423; x_wconf 78' lang='lat' dir='ltr'><strong>earlofAngus:</strong></span> <span class='ocrx_word' id='word_1_462' title='bbox 1035 3388 1145 3412; x_wconf 79' lang='lat' dir='ltr'><strong>name</strong></span> <span class='ocrx_word' id='word_1_463' title='bbox 1164 3375 1210 3414; x_wconf 87' lang='lat' dir='ltr'><strong>of</strong></span> <span class='ocrx_word' id='word_1_464' title='bbox 1224 3375 1396 3423; x_wconf 82' lang='lat' dir='ltr'><strong>Duglass,</strong></span> <span class='ocrx_word' id='word_1_465' title='bbox 1418 3374 1568 3422; x_wconf 73' lang='lat' dir='ltr'><strong>bearing</strong></span> <span class='ocrx_word' id='word_1_466' title='bbox 1594 3382 1632 3410; x_wconf 85' lang='lat' dir='ltr'><strong>to</strong></span> <span class='ocrx_word' id='word_1_467' title='bbox 1657 3371 1741 3409; x_wconf 77' lang='lat' dir='ltr'><strong>him</strong></span> <span class='ocrx_word' id='word_1_468' title='bbox 1763 3370 1911 3415; x_wconf 65' lang='lat' dir='ltr'><strong>Geor-gc</strong></span> 
     </span>
     <span class='ocr_line' id='line_1_51' title="bbox 123 3422 1911 3478; baseline -0.001 -19"><span class='ocrx_word' id='word_1_469' title='bbox 123 3422 183 3468; x_wconf 75' lang='lat' dir='ltr'><strong>his</strong></span> <span class='ocrx_word' id='word_1_470' title='bbox 219 3423 403 3471; x_wconf 83' lang='lat' dir='ltr'><strong>daughter</strong></span> <span class='ocrx_word' id='word_1_471' title='bbox 435 3424 642 3471; x_wconf 84' lang='lat' dir='ltr'><strong>Margaret,</strong></span> <span class='ocrx_word' id='word_1_472' title='bbox 685 3425 874 3476; x_wconf 86' lang='lat' dir='ltr'><strong>marrying</strong></span> <span class='ocrx_word' id='word_1_473' title='bbox 906 3428 985 3466; x_wconf 88' lang='lat' dir='ltr'><strong>this</strong></span> <span class='ocrx_word' id='word_1_474' title='bbox 1038 3429 1210 3478; x_wconf 74' lang='lat' dir='ltr'><strong>Duglass,</strong></span> <span class='ocrx_word' id='word_1_475' title='bbox 1234 3430 1311 3467; x_wconf 82' lang='lat' dir='ltr'><strong>first</strong></span> <span class='ocrx_word' id='word_1_476' title='bbox 1336 3430 1412 3467; x_wconf 75' lang='lat' dir='ltr'><strong>earl</strong></span> <span class='ocrx_word' id='word_1_477' title='bbox 1443 3429 1488 3466; x_wconf 74' lang='lat' dir='ltr'><strong>of</strong></span> <span class='ocrx_word' id='word_1_478' title='bbox 1514 3429 1645 3476; x_wconf 71' lang='lat' dir='ltr'><strong>Angus-</strong></span> <span class='ocrx_word' id='word_1_479' title='bbox 1672 3424 1717 3462; x_wconf 86' lang='lat' dir='ltr'><strong>of</strong></span> <span class='ocrx_word' id='word_1_480' title='bbox 1742 3423 1826 3459; x_wconf 81' lang='lat' dir='ltr'><strong>that</strong></span> <span class='ocrx_word' id='word_1_481' title='bbox 1845 3422 1911 3458; x_wconf 76' lang='lat' dir='ltr'><strong>fir-</strong></span> 
     </span>
     <span class='ocr_line' id='line_1_52' title="bbox 123 3473 1163 3528; baseline 0.013 -19"><span class='ocrx_word' id='word_1_482' title='bbox 123 3473 221 3513; x_wconf 82' lang='lat' dir='ltr'><strong>same</strong></span> <span class='ocrx_word' id='word_1_483' title='bbox 258 3477 454 3523; x_wconf 18' lang='lat' dir='ltr'><strong>*William,</strong></span> <span class='ocrx_word' id='word_1_484' title='bbox 493 3477 568 3514; x_wconf 84' lang='lat' dir='ltr'><strong>first</strong></span> <span class='ocrx_word' id='word_1_485' title='bbox 602 3479 677 3515; x_wconf 78' lang='lat' dir='ltr'><strong>carl</strong></span> <span class='ocrx_word' id='word_1_486' title='bbox 722 3479 767 3516; x_wconf 88' lang='lat' dir='ltr'><strong>of</strong></span> <span class='ocrx_word' id='word_1_487' title='bbox 811 3479 982 3528; x_wconf 83' lang='lat' dir='ltr'><strong>Duglass,</strong></span> <span class='ocrx_word' id='word_1_488' title='bbox 1039 3495 1163 3524; x_wconf 77' lang='lat' dir='ltr'><strong>name.</strong></span> 
     </span>
     <span class='ocr_line' id='line_1_53' title="bbox 125 3527 984 3581; baseline 0.009 -16"><span class='ocrx_word' id='word_1_489' title='bbox 125 3527 282 3579; x_wconf 74' lang='lat' dir='ltr'><strong>brought</strong></span> <span class='ocrx_word' id='word_1_490' title='bbox 300 3529 365 3570; x_wconf 85' lang='lat' dir='ltr'><strong>the</strong></span> <span class='ocrx_word' id='word_1_491' title='bbox 387 3531 550 3570; x_wconf 75' lang='lat' dir='ltr'><strong>carldom</strong></span> <span class='ocrx_word' id='word_1_492' title='bbox 570 3531 613 3571; x_wconf 79' lang='lat' dir='ltr'><strong>ef</strong></span> <span class='ocrx_word' id='word_1_493' title='bbox 628 3533 760 3581; x_wconf 76' lang='lat' dir='ltr'><strong>Angus</strong></span> <span class='ocrx_word' id='word_1_494' title='bbox 778 3539 817 3572; x_wconf 79' lang='lat' dir='ltr'><strong>to</strong></span> <span class='ocrx_word' id='word_1_495' title='bbox 836 3533 901 3573; x_wconf 82' lang='lat' dir='ltr'><strong>the</strong></span> <span class='ocrx_word' id='word_1_496' title='bbox 919 3534 984 3572; x_wconf 78' lang='lat' dir='ltr'><strong>sn·-</strong></span> 
     </span>
    </p>
   </div>
   <div class='ocr_carea' id='block_1_4' title="bbox 1764 3642 1912 3691">
    <p class='ocr_par' dir='ltr' id='par_1_15' title="bbox 1764 3642 1912 3691">
     <span class='ocr_line' id='line_1_54' title="bbox 1764 3642 1912 3691; baseline -0.014 0"><span class='ocrx_word' id='word_1_497' title='bbox 1764 3642 1912 3691; x_wconf 76' lang='lat' dir='ltr'><strong>ercitn</strong></span> 
     </span>
    </p>
   </div>
  </div>
 </body>
</html>
