2016 3801
106 163 184 232 16
417 146 598 228 DE
685 163 1059 252 JURE
1150 154 1645 248 REGNI

99 270 180 332 qui
204 284 357 314 eorum
382 266 722 330 imperiofiffimi
746 268 860 324 sunt,
887 269 968 314 fibi
991 268 1182 320 sumant.
1253 269 1346 317 Scis
1369 256 1492 316 {nim
1518 264 1767 327 adjudices
1792 283 1862 316 re-

92 335 179 395 jici
217 332 356 379 solere
379 333 466 379 hoc
499 349 647 397 genus
669 333 972 394 questionum,
1015 331 1116 392 cum
1141 333 1269 380 aliud
1303 336 1378 388 lex
1401 333 1570 387 dicere,
1605 331 1728 377 aliud
1747 333 1866 396 legis

101 410 234 443 autor
254 393 442 442 voluisse
466 406 645 443 videtur
668 415 685 443 ;,
715 397 905 457 perinde
929 412 1065 460 atque
1089 398 1188 444 illas
1208 415 1311 460 quae
1333 399 1390 444 de
1423 399 1645 461 ambiguo
1662 397 1762 456 jure
1787 412 1871 453 aut

101 463 256 525 legum
296 458 478 509 inter‘se
511 461 733 507 discordia
766 461 993 510 oriuntur.
1059 465 1221 524 Itaque
1244 461 1314 508 his
1352 463 1408 508 de
1429 463 1562 509 rebus
1600 460 1867 524 gravissimae
1907 471 1912 477 ’

102 526 203 573 sunt
228 539 520 589 patronorum
546 528 592 570 in
619 525 718 578 foro
737 526 1074 581 contentiones,
1100 534 1139 574 δι
1162 528 1393 573 rhetorum
1418 540 1647 589 praecepta
1668 526 1870 590 diligen„

104 590 263 637 tissime
289 591 468 645 tradita.
535 591 607 637 M.
640 589 743 634 Scio
767 589 845 635 ista
869 591 967 636 fieri
989 608 1093 653 quae
1115 592 1246 638 dicis.
1317 591 1405 637 Sed
1430 590 1544 636 mihi
1561 592 1611 637 in
1631 591 1719 636 'hac
1743 603 1871 654 parte

84 671 197 714 ,nori
221 654 372 715 minor
402 653 568 714 injuria
591 652 687 699 sieri
716 654 898 700 videtur
928 656 1105 718 legibus
1127 673 1265 719 quam
1287 654 1512 718 Regibus.
1581 655 1727 702 Satius
1746 657 1869 704 enim

103 733 221 783 puto
239 736 295 765 ex
320 719 450 764 unius
475 717 560 763 viri
583 717 692 764 boni
711 718 931 767 sententia
953 721 1101 767 statim
1122 722 1251 768 litem
1278 722 1349 782 (1)
1388 719 1525 774 finiri,
1566 736 1703 781 quam
1738 720 1871 785 inge-

105 785 239 830 niosis
263 781 527 829 hominibus
551 788 591 827 δι
614 781 848 830 interdum
874 785 1201 832 veteratoribus
1224 783 1494 831 obscurandi
1543 784 1695 845 potius
1721 802 1871 848 quam

107 846 440 909 interpretandi
459 846 583 909 leges
607 848 872 908 potestatem
909 849 1024 895 dari.
1096 851 1220 896 Nam
1245 850 1353 895 dum
1376 865 1467 894 non
1490 848 1632 894 solum
1654 850 1710 896 de
1731 852 1872 909 causis

104 912 405 976 litigantium,
431 909 504 957 sed
527 912 584 956 de
605 911 753 974 gloria
769 911 947 976 ingenii
969 912 1087 960 inter
1117 927 1332 976 patronos
1354 914 1663 966 contenditur,
1688 914 1873 964 interim

105 977 208 1035 lites
232 977 430 1027 aluntur,
457 975 548 1037 juS,
585 976 669 1030 fas,
705 992 904 1038 aequum,
941 977 1171 1041 iniquum,
1207 979 1254 1024 in
1275 976 1513 1023 discrimen
1547 990 1770 1024 vocatur:
1805 985 1874 1035 ὅτ,

106 1043 234 1103 quod
271 1041 382 1103 Regi
410 1056 644 1102 negamuS,
706 1042 970 1088 hominibus
1003 1042 1274 1091 inferiorum
1301 1043 1512 1088 ordinum
1550 1041 1879 1104 permittimus,

105 1106 381 1170 plerumque
406 1121 495 1152 non
529 1118 620 1151 tam
644 1105 736 1152 veri
762 1122 897 1168 quam
930 1105 1148 1173 litigandi
1168 1109 1385 1155 studiosis.
1455 1108 1511 1152 B.
1550 1104 1739 1161 Oblitus
1763 1107 1878 1160 mihi

107 1171 275 1216 videris
300 1168 520 1231 quidnam
542 1169 650 1216 intei
681 1187 762 1219 nis
783 1188 929 1233 nuper
949 1170 1181 1219 convenit.
1251 1179 1317 1222 M.
1357 1170 1741 1235 Qidnamidest
1766 1175 1783 1218 ?
1820 1179 1877 1221 B.

108 1236 231 1298 Regi
253 1233 433 1296 optimo
464 1237 645 1296 qualem
672 1236 806 1281 initio
830 1236 1160 1297 descripsimus,
1201 1238 1315 1284 adeo
1346 1236 1490 1283 libeia
1510 1235 1666 1282 omnia
1688 1236 1881 1298 permit-

109 1310 267 1354 tentia,
310 1311 357 1344 ut
380 1315 435 1344 ne
461 1299 640 1362 legibus
680 1300 867 1363 quidem
894 1301 994 1348 ullis
1030 1303 1289 1362 opuseffet.
1358 1305 1422 1349 At
1439 1316 1544 1346 cum
1571 1300 1647 1346 uni
1672 1317 1696 1348 e
1720 1301 1878 1357 mult-i-

111 1365 272 1411 tudine
295 1364 330 1409 is
351 1364 495 1408 honor
518 1365 729 1418 liabetur,
761 1364 841 1426 qui
867 1382 957 1414 non
980 1368 1125 1412 multo
1149 1367 1199 1412 sit
1221 1368 1321 1413 aliis
1344 1366 1658 1420 excellentior,
1691 1379 1769 1413 aut
1791 1365 1880 1413 eti,-

112 1425 188 1475 airi
211 1428 478 1491 quibusdam
504 1427 710 1482 inferior,
737 1429 1033 1489 periculo-sain
1058 1432 1141 1480 effe
1164 1431 1354 1483 liberam
1379 1432 1506 1486 issam
1530 1435 1570 1477 ὃ(
1601 1430 1792 1477 solutam
1815 1430 1884 1477 le-

111 1510 144 1556 g
169 1494 251 1539 bus
276 1493 526 1539 licentiam.
570 1494 639 1540 M.
674 1495 781 1545 Hoc
805 1511 910 1541 vero
933 1495 1124 1556 quidyad
1143 1496 1298 1559 legum
1321 1496 1746 1557 interpretationem
1771 1498 1789 1543 ?
1821 1497 1881 1547 B.

112 1557 388 1614 Plurimum.
456 1558 555 1604 Nisi
579 1559 696 1608 forte
732 1576 821 1605 non
848 1560 1171 1615 animadvertis
1209 1563 1333 1624 quod
1359 1562 1459 1607 aliis
1483 1560 1633 1606 verbis
1655 1560 1879 1613 infinitam

110 1621 240 1669 illam
266 1625 314 1671 δί
338 1622 684 1670 immoderatam
712 1625 991 1686 petre-statem,
1015 1637 1307 1688 quam'antea
1330 1626 1447 1688 Regi
1472 1641 1817 1688 negaveramus,
1840 1626 1886 1672 ei

113 1688 395 1733 restituamus
419 1706 427 1732 :
452 1704 634 1750 nempe,
659 1700 809 1751 utpro
830 1686 972 1735 animi
989 1691 1180 1737 libidine
1200 1691 1355 1736 omnia
1373 1690 1538 1737 sursum
1557 1691 1764 1737 deorsum
1785 1707 1883 1738 ver-

115 1751 194 1799 set.
266 1757 332 1800 Ar).
366 1753 489 1799 Istud
513 1769 600 1819 ego
620 1755 649 1799 si
674 1754 810 1809 facio,
837 1768 957 1801 certe
979 1756 1248 1818 imprudens
1270 1755 1405 1803 facio.
1600 1796 1603 1799 ,

181 1817 333 1863 XXX.
370 1818 426 1862 B.
464 1818 630 1864 Dicam
656 1835 767 1879 ergo
792 1819 1006 1880 apertius,
1043 1833 1090 1868 ut
1114 1821 1362 1883 intelligas.
1432 1821 1552 1866 Cum
1578 1819 1698 1884 Regi
1727 1820 1884 1882 legum

115 1881 540 1944 interpretationem
568 1883 797 1936 concedis,
835 1883 951 1929 hanc
977 1884 1137 1931 tribuis
1160 1885 1201 1931 ei
1223 1884 1456 1931 licentiam
1485 1898 1532 1931 ut
1554 1885 1629 1931 lex
1652 1901 1744 1930 non
1763 1886 1888 1932 dicat

117 1948 244 2007 quod
266 1948 382 1992 lator
415 1946 561 1999 sentit,
591 1958 670 1993 aut
702 1947 828 2010 quod
852 1949 897 1994 in
935 1965 1180 1996 commune
1203 1952 1254 1997 sit
1289 1966 1470 2012 aequum
1495 1953 1544 1998 ὅς
1570 1950 1739 1995 bonum
1763 1967 1779 2004 ;
1811 1949 1886 1996 sed

117 2012 244 2072 quod
267 2011 312 2056 in
336 2026 429 2056 rem
457 2015 508 2058 iit
527 2011 790 2073 interpretis
817 2031 827 2059 ε
854 2026 994 2076 utque
1017 2014 1053 2060 is
1077 2017 1133 2060 ad
1158 2031 1317 2062 omnes
1336 2031 1435 2061 eam
1460 2015 1657 2060 actiones
1678 2023 1895 2075 commo-¹

117 2076 165 2121 di
185 2075 248 2121 sui
270 2075 399 2121 caula
420 2077 546 2136 velut
569 2077 771 2124 Lesb⁷atn
798 2081 1003 2141 regulam
1025 2079 1238 2126 inflediat.
1274 2082 1364 2141 Ap.
1389 2080 1611 2126 Claudius
1628 2078 1674 2126 in
1686 2079 1894 2126 Detem-

115 2141 264 2186 viratu
288 2143 435 2204 legem
455 2142 944 2203 tulerataequiffimam,
973 2145 1032 2191 Ut
1052 2164 1098 2190 m
1120 2144 1292 2192 liberali
1312 2143 1436 2203 causa
1453 2145 1890 2203 vindz'cid‘secundu.m

118 2204 355 2252 libertatem
376 2208 592 2253 darentur.
663 2208 790 2268 Qid
814 2208 1011 2270 apertius
1051 2209 1142 2257 dici
1166 2223 1345 2272 poterat
1380 2213 1397 2256 ἓ
1439 2219 1504 2256 At
1545 2209 1891 2272 interpretando

117 2269 242 2316 idem
263 2272 419 2316 auftor
442 2271 590 2335 legem
616 2271 737 2318 suam
760 2273 870 2320 fecit
892 2273 1123 2321 inutilem.
1165 2276 1333 2331 Vides,
1350 2273 1532 2337 opinor,
1557 2289 1773 2337 quantam
1799 2289 1893 2323 uno

119 2335 247 2380 versu
271 2336 350 2381 des
373 2336 576 2399 Principi
599 2337 830 2384 licentiam
859 2357 870 2384 2
910 2355 1074 2401 nempe
1101 2351 1148 2386 ut
1170 2342 1297 2402 quod
1336 2341 1459 2386 volet
1491 2339 1587 2392 ille,
1632 2338 1754 2385 dicat
1776 2339 1890 2388 lex:

120 2401 247 2461 quod
272 2400 404 2454 nolit,
431 2416 520 2447 non
546 2401 684 2448 dicat.
772 2403 824 2449 ld
848 2403 877 2450 si
902 2403 1036 2450 semel
1062 2404 1353 2467 recipiamus,
1380 2404 1494 2451 nihil
1518 2403 1722 2466 proderit
1745 2403 1888 2449 bonas

120 2466 247 2528 leges
269 2467 484 2520 condere,
525 2483 628 2529 quae
652 2466 910 2533 Principem
938 2471 1107 2516 bonum
1131 2469 1195 2515 sui
1229 2469 1372 2516 officii.
1390 2469 1682 2522 admoneant,
1719 2467 1892 2520 malum

121 2530 511 2577 circumscribant.
558 2532 677 2587 Imo;
708 2545 755 2578 ut
778 2533 927 2579 dicam
952 2533 1169 2596 apertiuS,
1192 2536 1343 2586 nullus
1368 2533 1558 2582 omnino
1579 2534 1703 2595 leges
1726 2532 1896 2581 habere

119 2595 367 2658 praestaret,
393 2607 529 2657 quain
553 2596 749 2643 liberum
772 2598 1083 2653 latrocinium,
1105 2611 1242 2662 atque
1264 2599 1400 2646 etiam
1417 2599 1709 2652 honoratum,
1729 2596 1809 2643 sub
1830 2596 1899 2643 le·

123 2660 195 2723 gis
219 2661 446 2722 pr‘aetextu
467 2660 665 2708 tolerari.
734 2667 800 2710 A«.
836 2661 1026 2710 Putasne
1050 2665 1234 2727 Regum
1257 2664 1456 2727 aliquem
1483 2661 1580 2708 fore
1605 2675 1694 2708 tam
1720 2661 1898 2724 impru-

123 2726 329 2778 dentem,
356 2737 405 2772 ut
426 2723 560 2772 famae
582 2726 899 2790 opinionisque
921 2727 1128 2777 omnium
1153 2728 1210 2775 de
1230 2728 1273 2775 se
1295 2729 1466 2776 nullam
1492 2727 1546 2773 fit
1563 2725 1739 2788 prorsus
1758 2724 1898 2774 ratio·

123 2800 229 2836 nem
257 2789 493 2836 habiturus
515 2810 530 2846 ;
566 2805 645 2838 aut
661 2804 763 2847 ,tam
785 2793 849 2841 sui
872 2793 1149 2857 suorumque
1171 2795 1388 2851 oblitum,
1416 2806 1464 2840 ut
1485 2793 1532 2839 in
1556 2808 1713 2839 eorum
1745 2792 1902 2854 pravi-

125 2867 266 2901 tatem
291 2855 556 2917 degeneret,
580 2872 696 2919 quos
718 2856 811 2920 ipse
831 2857 1106 2921 ignominia,
1131 2860 1405 2913 carceribus,
1439 2859 1664 2906 bonorum
1690 2858 1900 2920 publica·

124 2918 272 2973 tione,
314 2919 583 2982 gravissimis
606 2921 806 2984 denique
829 2923 1063 2987 suppliciis
1085 2925 1338 2972 coercuerit
1361 2929 1378 2971 ?
1426 2926 1490 2981 :R-
1525 2924 1635 2975 Non
1660 2922 1900 2971 credamus

125 2982 205 3029 ista
233 2983 347 3037 fore,
375 2983 455 3030 nisi
479 2984 747 3048 jampridem
770 2989 888 3035 iacta
912 2989 1031 3049 sint,
1053 2988 1193 3050 idque
1217 2988 1504 3042 totius,orbis
1531 2987 1733 3034 maximo
1757 2987 1897 3033 malo.

126 3049 196 3094 M.
233 3047 327 3095 Ubi
353 3051 535 3095 tandem
559 3051 658 3096 haec
681 3051 799 3098 facta
821 3069 971 3100 narras
1006 3055 1024 3098 ἓ
1080 3055 1134 3103 Β.
1172 3054 1271 3104 Ubi
1305 3070 1438 3118 rogas
1470 3056 1488 3100 ἓ
1522 3052 1770 3115 Tanquam
1805 3052 1901 3097 non

127 3128 288 3159 omnes
312 3129 391 3175 per
413 3115 645 3176 Europam
667 3117 872 3163 nationes
898 3132 988 3164 non
1009 3118 1149 3164 modo
1171 3117 1387 3174 viderint,
1412 3119 1484 3165 sed
1509 3117 1645 3177 etiam
1669 3115 1898 3170 senserint,

127 3189 351 3239 quantum
377 3178 509 3224 rebus
546 3179 758 3227 humanis
788 3181 1013 3228 invexerit
1037 3183 1144 3228 mali
1181 3199 1273 3231 non
1297 3183 1402 3230 dico
1423 3182 1726 3230 immoderata
1751 3179 1902 3245 potes-

129 3255 215 3296 tas,
241 3241 315 3287 sed
337 3241 507 3290 effrena
529 3244 728 3291 Romani
759 3246 991 3295 Pontificis
1013 3246 1214 3294 licentia.
1283 3249 1355 3294 Ea
1371 3263 1508 3311 quam
1533 3262 1588 3293 ex
1615 3245 1808 3294 modicis
1840 3243 1903 3295 ‘Ec

127 3305 177 3351 in
203 3306 395 3369 speciem
421 3306 635 3362 honestis,
675 3310 904 3372 occeperit
925 3309 1087 3366 initiis,
1131 3318 1270 3374 quam
1311 3312 1426 3360 nihil
1451 3311 1600 3360 minus
1624 3309 1824 3374 potuerit
1838 3308 1909 3364 ab,

128 3368 326 3417 incautis
349 3370 517 3426 timeri,
543 3373 677 3419 nemo
700 3373 899 3437 ignorat.
965 3374 1170 3423 Primum
1194 3377 1316 3439 leges
1356 3389 1484 3424 erant
1506 3374 1638 3422 nobis
1662 3374 1906 3438 propositae

130 3450 222 3480 non
242 3436 384 3482 modo
408 3437 432 3483 ὲ
455 3435 737 3499 penitissimis
757 3450 930 3485 naturae
954 3439 1128 3486 arcanis
1152 3455 1310 3495 erutae,
1353 3441 1430 3488 sed
1449 3441 1507 3488 ab
1536 3440 1550 3486 i
1589 3439 1633 3486 so
1657 3439 1760 3486 Deo
1783 3438 1919 3492 latae„

131 3515 159 3544 a
181 3499 352 3560 Spiritu
390 3501 487 3560 ejus
525 3517 604 3564 per
631 3502 876 3564 prophetas
915 3504 1174 3566 explicatae,
1219 3507 1443 3568 postremo
1482 3521 1509 3550 a
1547 3457 1640 3551 Βεί
1663 3501 1799 3559 Filio,
1817 3517 1904 3549 ceo·

130 3563 330 3624 demque
372 3564 495 3620 De0,
535 3565 854 3631 confirmatae„
877 3580 949 3618 tot.
1005 3569 1423 3627 laudatiffimorumss
1449 3568 1691 3622 hominum
1731 3564 1904 3630 scriptis

181 3653 251 3708 (1)
266 3650 314 3696 ad
332 3659 549 3702 edit.finire.
1780 3658 1906 3698 COR}-
