1992 3801
157 153 286 222 218
455 152 1620 228 ⁴RERUM‘Sco-ricuinum

163 264 262 299 unt.
331 249 460 320 Rege
478 249 678 299 enimin
708 249 895 298 confilio
927 249 1120 312 jubente
1138 249 1243 312 juxa
1262 248 1574 315 poffeffionurn
1597 246 1791 314 proferri
1823 254 1929 302 uni‘

163 316 275 361 verfi
295 313 465 362 ferru'm
482 315 705 380 stringunt
727 313 1007 360 clamitantes
1038 312 1079 358 se
1102 313 1376 376 praediorum
1403 314 1506 375 jura
1526 315 1577 361 in
1599 314 1771 363 dextris
1791 314 1926 364 ferre·

165 380 267 426 Rex
285 377 524 443 inopinato
540 379 805 443 speetaculox
827 389 1013 440 repente
1034 376 1149 424 iiius
1172 378 1247 424 etsi
1279 377 1446 437 fastum
1468 378 1779 446 indigniffime
1810 379 1929 434 fere÷

160 443 259 498 bat,
277 443 391 490 iram
414 456 565 490 tamen
582 444 817 506 ingentem
835 441 882 487 in
906 453 1085 504 tempus
1103 440 1364 488 recondidit
1382 460 1394 489 ε
1431 444 1582 503 neque
1601 444 1681 490 diu
1703 445 1798 506 ejus
1821 461 1929 508 pro·
1947 438 1953 447 “

166 507 323 566 mendi
344 507 386 554 ei
408 507 554 554 defuit
582 507 768 553 occafio.
806 532 819 535 ⁴
839 506 1086 553 Nobilium
1108 507 1367 569 complures
1387 519 1480 552 tam
1504 508 1685 554 aud-acis
1709 507 1932 558 facinoris

166 571 250 623 fibi
270 572 436 619 conscii
457 585 582 618 metu
599 587 748 633 poenae
770 569 1010 631 conjurant
1030 569 1087 617 de
1108 586 1251 634 regno
1273 570 1441 633 Anglis
1463 570 1717 634 prodendo.
1785 574 1840 619 Id
1863 572 1933 620 fa-

165 635 293 684 cinus
315 653 395 699 per
412 636 610 683 indicem
629 635 875 698 prolatum,
894 634 976 699 qui
992 634 1109 681 adeo
1126 646 1301 682 certum
1320 637 1492 682 crimen
1513 636 1666 682 attulit
1684 648 1734 683 ut
1751 636 1931 693 ordine,

166 714 387 763 tempore,
405 706 444 748 δι
465 701 569 747 loco
589 699 794 746 indicato
812 699 953 747 literae
972 697 1259 761 deprehensae
1273 699 1373 747 fint.
1419 701 1487 746 Re
1502 700 1654 762 palam
1673 699 1791 747 fasta
1803 698 1938 749 comss

163 765 370 828 prehensi
392 781 567 818 omneS,
593 770 633 812 &
652 764 709 810 ad
728 765 906 828 Regem
929 762 1135 826 perduEti
1156 763 1247 810 fine
1269 764 1487 812 tumultu.
1567 765 1637 827 (ι)
1664 764 1931 813 Gulielmus

167 829 319 876 Sulius
342 824 518 876 Beruici
539 827 777 890 praefeEtus
801 827 1048 887 plurimum
1073 827 1336 883 timebatur,
1362 845 1419 875 ne
1439 828 1488 874 in
1510 829 1755 891 oppidum,
1788 833 1835 878 δε
1861 847 1935 877 ar-

166 909 269 940 cem
295 894 471 955 Anglos
490 892 727 953 reciperet.
793 893 895 940 Rex
917 892 1123 939 nondum
1144 909 1192 939 re
1212 892 1403 955 vulgata
1417 893 1551 938 *velut
1569 892 1696 940 aliud
1718 909 1857 957 agens
1878 896 1938 943 eb

160 958 482 1019 proficiscitur.
551 954 785 1002 Omnibus
822 955 1153 1018 comprehensus
1175 968 1426 1002 conventus
1447 955 1666 1002 Perthum
1699 956 1937 1006 indicitur.

162 1021 241 1069 lbi
253 1016 592 1084 prolatisliteris
611 1017 769 1083 agnito
790 1018 978 1081 quisque
992 1019 1069 1064 suo
1084 1019 1211 1082 signo
1234 1017 1309 1065 sua
1329 1019 1601 1081 confeffione
1619 1020 1936 1082 (2)majestatis

163 1085 358 1132 convic‘ti
377 1084 434 1130 ad
454 1083 727 1148 supplicium
745 1084 989 1130 ducuntur.
1025 1083 1262 1146 Principes
1279 1100 1435 1131 eorum
1453 1083 1579 1130 fuiffe
1601 1082 1817 1131 dicuntur
1833 1087 1933 1134 Da·
1987 1094 1992 1135 ’.

163 1150 221 1195 vi
266 1148 547 1203 Brechinius‚
588 1150 852 1194 Gulielmus
888 1147 1041 1194 Sulius
1072 1147 1267 1210 supremi
1290 1148 1480 1195 ordinis.
1549 1149 1666 1195 Item
1690 1149 1933 1198 Gilbertus

165 1213 386 1267 Malarus‚
422 1212 644 1259 Ricardus
678 1213 874 1267 Brunus,
914 1213 1106 1259 Ioannes
1134 1212 1325 1275 Logius.
1403 1213 1682 1275 Complures
1715 1228 1937 1276 praeterea

164 1280 374 1324 omnium
398 1277 612 1324 ordinum
632 1276 841 1331 accusati,
876 1275 951 1322 sed
976 1278 1081 1324 cum
1103 1275 1423 1339 suspitionibus
1446 1288 1623 1324 tantum
1648 1290 1937 1342 urgerentur,

164 1341 341 1388 dimiffi.
409 1340 773 1389 Unius'Davidis
805 1339 1030 1388 Brechinii
1057 1340 1329 1404 supplicium
1357 1341 1482 1388 varie
1504 1341 1714 1388 homines
1741 1343 1894 1391 affecit
1917 1361 1933 1392 ε

163 1422 268 1452 nam
292 1419 594 1469 praeterquam
618 1406 747 1468 quod
767 1418 863 1451 erat
887 1406 958 1467 (3)
979 1406 1181 1452 e‘sorore
1208 1406 1351 1469 Regis
1379 1417 1528 1460 natus,
1554 1406 1763 1454 omnium
1790 1406 1936 1455 aetatis

163 1471 484 1531 suaejuvenum
510 1475 549 1518 δε
573 1470 699 1525 belli,
720 1476 768 1518 ὃς
793 1470 918 1532 pacis
943 1469 1116 1516 artibus
1135 1470 1274 1532 longe
1294 1469 1465 1532 primus
1486 1470 1753 1519 habebatur.
1803 1485 1808 1489 '
1836 1472 1937 1520 De-

162 1536 291 1581 derat
311 1535 452 1582 etiam
470 1535 557 1582 suae
575 1533 754 1580 virtutis
777 1534 823 1579 in
848 1533 976 1593 Syria
996 1535 1117 1580 bello
1135 1533 1257 1580 sacro
1280 1534 1549 1597 praeclarum
1573 1535 1818 1597 specimen.
1887 1537 1934 1585 Is
1982 1561 1992 1577 ·-

155 1601 222 1646 «ιώ
250 1602 319 1662 (4)
341 1598 666 1660 conjurationis
685 1598 984 1661 popularibus
1002 1598 1257 1661 appellatus
1275 1615 1510 1661 nunquam
1530 1598 1761 1647 assenserat
1786 1620 1795 1647 :
1830 1612 1933 1648 tan-

163 1678 264 1712 turn
285 1662 329 1710 ei
349 1664 532 1711 crimini
549 1664 758 1716 dabatur,
781 1665 909 1726 quod
932 1662 978 1708 in
1001 1661 1321 1710 conscientiam
1346 1663 1409 1708 rei
1432 1676 1524 1710 tam
1545 1664 1679 1711 foedae
1703 1664 1861 1712 ascitus
1885 1682 1935 1713 e-

125 1734 127 1736 *
160 1744 237 1776 am
258 1727 441 1775 tacitam
466 1728 641 1775 habuit.
710 1728 883 1790 Rogeri
905 1727 1136 1773 Maubraii
1164 1740 1266 1774 ante
1290 1727 1517 1786 judicium
1542 1728 1746 1775 defunEti
1768 1745 1935 1792 corpus

163 1794 222 1840 ad
243 1809 379 1840 omne
399 1809 542 1858 genus
561 1790 829 1857 ignominiae
850 1793 1118 1839 damnatum
1136 1792 1212 1839 est.
1280 1792 1381 1839 Rex
1402 1793 1576 1839 remissa
1597 1809 1735 1856 poena
1755 1792 1936 1858 sepeliri

166 1857 294 1904 'affin
1203 1884 1206 1889 ·

158 1875 177 1921 J
229 1922 429 1968 XLVII.
463 1920 622 1968 Paucis
643 1920 866 1967 mensibus
886 1932 989 1967 ante
1004 1920 1091 1967 hoc
1111 1921 1333 1978 iudicium
1352 1919 1492 1984 legati
1511 1919 1746 1968 Pontificis
1760 1922 1934 1968 Roma-

166 1985 215 2033 ni
242 1986 323 2049 qui
345 1986 401 2032 ad
435 1986 755 2047 componenda
784 2001 1032 2048 regnorum
1065 1985 1239 2032 diffidis.
1261 1986 1410 2049 rogati
1438 1986 1496 2031 ab
1523 1985 1678 2049 Anglo
1698 1999 1936 2043 venerant,

166 2067 270 2098 cum
304 2050 419 2098 nihil
458 2050 743 2114 perficerent,
772 2067 830 2096 ne
857 2049 1014 2096 frustra
1034 2064 1221 2111 operam
1257 2050 1423 2114 Anglis
1459 2049 1725 2096 viderentur
1757 2048 1936 2106 locasse,

167 2119 325 2161 Scotos
348 2114 456 2162 diris
479 2114 726 2178 pontificiis
760 2114 954 2175 terribili
975 2114 1067 2160 illis
1098 2115 1380 2177 temporibus
1404 2114 1495 2160 telo
1519 2113 1706 2168 feriunt,
1732 2130 1784 2160 ac
1805 2115 1938 2162 sacris

162 2179 459 2226 interdicunt.
502 2182 681 2232 Scotus,
708 2192 758 2225 ut
777 2179 920 2241 Angli
942 2177 1272 2243 intelligerent,
1297 2178 1437 2242 quam
1460 2176 1626 2239 parunt
1641 2177 1687 2224 in
1710 2178 1840 2226 causa
1861 2178 1936 2226 in-

157 2245 276 2308 justa
294 2243 649 2292 Romanenfi'um
670 2242 1078 2307 imprecationibus
1101 2256 1375 2294 moveretur.
1412 2244 1605 2289 collefto
1628 2244 1831 2290 exercitu
1854 2259 1936 2306 pe-

166 2325 223 2356 re
245 2308 430 2372 vestigia
450 2309 591 2373 legati
612 2307 821 2355 abeuntis
839 2305 1062 2356 insecutus
1086 2307 1304 2371 Angliam
1328 2308 1490 2354 invasit
1513 2325 1522 2352 :
1549 2307 1602 2352 ac'
1620 2308 1776 2354 omnia
1799 2307 1937 2363 ferro,

167 2379 208 2419 δι
236 2374 417 2418 flamma
440 2371 735 2419 foedando'ad
773 2387 954 2418 crucem
978 2371 1114 2434 usque
1139 2372 1519 2419 Stammorianam
1543 2371 1764 2432 processit.
1834 2372 1939 2419 An-

166 2437 271 2500 glus
289 2454 345 2484 ne
362 2450 532 2484 tantam
554 2436 860 2500 ignominiam
883 2434 1056 2483 inultus
1080 2437 1217 2483 ferret
1238 2450 1330 2483 tam
1352 2435 1640 2482 numerosum
1660 2434 1787 2501 cogit
1808 2452 1937 2484 exer-

165 2501 328 2556 citum,
355 2514 404 2548 ut
423 2501 536 2548 citra
556 2500 821 2564 sanguinem
839 2499 1021 2547 facilem
1044 2501 1126 2562 fibi
1143 2501 1382 2548 viftoriam
1405 2500 1710 2563 promitteret.
1754 2498 1937 2547 'Rober-
1970 2530 1975 2534 -

167 2578 237 2612 tus
255 2565 463 2612 adversus
481 2565 716 2629 ingentem
737 2564 1026 2627 potentiffimi
1045 2564 1187 2630 Regis
1206 2578 1472 2628 apparatum
1491 2564 1795 2627 periculosum
1817 2576 1941 2613 ratus

166 2629 373 2677 omnium
408 2628 694 2679 fortunarum
716 2629 851 2675 semel
875 2629 1114 2677 discrimen
1135 2628 1285 2680 subire
1302 2628 1490 2677 confilio
1512 2629 1659 2693 magis
1681 2626 1821 2691 quam
1842 2644 1940 2676 ma·-

169 2705 230 2740 n'u
254 2711 349 2740 rem
372 2695 574 2741 decrevit
597 2696 784 2740 traEiare
810 2712 821 2740 ε
855 2694 1025 2741 Pecora
1057 2693 1200 2757 igitur
1222 2693 1270 2740 in
1295 2705 1472 2740 montes
1507 2692 1728 2749 exercitui
1756 2693 1936 2740 difficili

167 2756 295 2805 aditu
314 2757 538 2822 agijussit.
605 2757 821 2821 Reliqua,
836 2773 939 2821 quae
961 2758 1075 2805 hosti
1101 2758 1193 2804 usui
1206 2760 1292 2805 effe
1309 2758 1483 2821 poss’ent
1503 2769 1582 2804 aut
1597 2756 1646 2804 in
1668 2758 1771 2804 loca
1785 2757 1938 2809 muni-

172 2833 220 2867 ta
236 2822 623 2886 (5)conferre,aut
644 2823 891 2884 corrumpi.
930 2821 1092 2886 Angli,
1108 2823 1188 2886 qui
1206 2822 1255 2869 in
1273 2822 1396 2885 spem
1415 2821 1940 2885 pugnaevfestinaverant,

168 2901 318 2948 neque
337 2897 646 2933 commeatum
673 2900 940 2950 paraverant
962 2888 1018 2934 ad
1041 2886 1383 2949 expeditionem
1406 2885 1712 2949 longinquam
1734 2884 1944 2933 vastitate

169 2947 351 2995 suorum
375 2966 589 3014 agrorum
610 2950 848 3013 conspeffita
864 2951 949 3005 ira,
968 2951 1095 3007 odio,
1120 2957 1160 2998 &
1183 2949 1435 3015 eupiditate
1458 2949 1673 2996 vindictae
1695 2950 1866 3001 accenfi
1889 2948 1940 2997 in

119 3022 123 3026 '
172 3011 369 3059 mediam
390 3014 589 3061 Scotiam
611 3028 847 3078 penetrare
868 3015 1082 3071 statuunt,
1101 3032 1153 3062 ac
1170 3017 1350 3079 Regem
1368 3031 1393 3062 e
1414 3011 1501 3061 suis
1519 3013 1721 3061 latibulis
1741 3012 1942 3062 invitum

169 3074 219 3122 in
241 3076 450 3138 praelium
477 3078 670 3135 trahere.
736 3078 1016 3143 Magnitudo
1041 3078 1166 3126 enim
1197 3078 1436 3141 copiarum
1470 3078 1605 3125 facile
1636 3077 1763 3140 spem
1798 3077 1940 3125 facie-

136 3140 139 3143 ’
172 3139 252 3186 bat
272 3140 363 3202 (6),
387 3153 466 3189 aut
484 3139 752 3205 ignominiae
775 3155 973 3207 acceptae
994 3143 1162 3208 infigni
1178 3142 1372 3191 νίἃοτίει
1391 3143 1650 3196 demendae,
1674 3154 1754 3190 aut
1772 3141 1942 3191 damna

226 3275 291 3326 (ι)
317 3271 494 3314 William
523 3277 602 3316 lord
633 3280 763 3318 Soules
795 3280 840 3318 of
862 3280 1030 3319 Lidsdale
1079 3251 1164 3320 ‘lord
1179 3283 1326 3328 Soules,
1340 3279 1469 3319 which
1484 3279 1583 3320 some
1596 3277 1715 3319 think
1726 3291 1829 3316 more
1838 3278 1942 3318 like-

172 3327 530 3375 and‘Kilmarnock,
556 3344 640 3380 very
672 3333 851 3381 powerful
883 3346 933 3370 on
962 3335 1030 3372 the
1084 3337 1135 3384 ly,
1151 3335 1299 3374 because
1318 3329 1384 3372 the
1401 3333 1610 3372 Cuminian
1621 3332 1763 3370 fastion
1781 3345 1856 3371 was
1873 3332 1943 3373 the

171 3383 334 3425 borders,
352 3381 558 3424 sister'szson
570 3392 614 3420 >to
631 3385 694 3422 red
706 3384 810 3436 John
823 3385 1001 3435 euming,
1085 3388 1163 3427 foul
1181 3389 1228 3428 of
1235 3388 1300 3427 the
1317 3387 1482 3436 defigned
1495 3386 1650 3425 treason.
1733 3396 1739 3399 ·

226 3434 291 3484 (2)
318 3435 477 3473 Convie’r
488 3434 533 3472 of
545 3435 702 3474 treason.
1138 3441 1201 3491 (4)
1230 3443 1317 3479 The
1334 3440 1523 3490 partakers
1540 3440 1585 3478 of
1596 3434 1673 3477 this
1687 3436 1845 3476 treason.

219 3486 287 3540 (3)
303 3487 441 3526 Others
458 3487 564 3525 write
578 3487 662 3526 that
674 3489 725 3527 he
735 3502 813 3527 was
825 3484 951 3528 fister's
965 3492 1030 3530 fon
1136 3495 1197 3545 (ς)
1226 3495 1316 3533 MS.
1330 3493 1526 3532 conferri.-

173 3549 212 3578 to
229 3542 292 3579 red
308 3534 412 3595 John
422 3540 602 3592 Cumine,
617 3544 687 3581 and
707 3542 745 3583 so
762 3543 891 3584 cousin
905 3551 943 3583 to
964 3544 1029 3585 the
1134 3547 1197 3599 (6)
1226 3548 1355 3598 Anglo
1377 3546 1466 3604 scil.
1486 3545 1514 3588 i.
1534 3559 1568 3589 e.
1597 3521 1812 3602 Anglerum
1828 3541 1945 3595 Regi.

1777 3640 1945 3720 proxi-²
1978 3641 1981 3646 ¹
