2045 3857
526 116 857 192 L1B‘ER
948 122 1374 189 SEXTUS.
1726 149 1849 211 157

75 237 275 285 desertae.
341 224 467 276 Dani
487 225 621 273 rebus
652 237 746 272 tam
767 222 979 287 prospere
1010 222 1278 271 cedentibus
1301 221 1349 268 in
1374 223 1584 272 Moravia
1616 227 1849 293 confidere

74 306 286 349 statuunt.
351 290 507 340 Naves
538 292 729 338 domum
755 303 806 337 ut
837 289 1024 344 liber05,
1056 295 1097 335 δε
1123 303 1286 334 uxores
1316 287 1562 344 advehant,
1591 290 1847 340 dimittunt.

79 366 273 414 Nullum
289 357 463 404 interea
484 355 710 403 servitutis
729 354 985 418 asperrimae
1004 353 1269 414 exemplum
1290 351 1347 424 in·
1358 352 1561 416 captivos
1582 357 1851 417 praetermis-

78 434 189 479 sum,
253 422 590 470 Milcolumbus
615 433 665 467 ut
685 435 846 468 eorum
864 418 1309 476 conatibus-obviam
1334 429 1439 472 iret,
1472 419 1662 480 majore,
1701 428 1740 467 &
1774 423 1850 469 fir-

80 496 220 544 miore
242 488 464 543 exercitu,
485 502 624 550 quam
647 498 779 531 antea
796 483 861 530 eis
874 484 971 545 jam
990 481 1039 530 in
1057 482 1283 530 Marriam
1306 482 1541 545 progressis
1564 485 1622 529 ad
1647 486 1854 535 Murtbi-

75 563 223 609 lacum
240 552 465 608 occurrit,
489 567 581 598 non
605 551 695 597 fine
719 565 888 613 magno
909 547 1144 612 utriusque
1162 547 1302 610 partis
1322 545 1505 602 timore,
1524 548 1670 596 Scotis
1691 554 1852 599 crude-

72 624 248 672 litatem
268 614 527 673 Danorum,
552 614 700 662 Danis
721 613 884 677 ignota
905 613 1008 660 loca
1029 613 1190 676 procul
1209 629 1235 658 a
1262 612 1394 668 mari,
1423 618 1463 659 ἅν
1485 611 1662 660 insidiis
1683 631 1857 678 oppor-

72 700 184 735 tuna
204 685 369 747 magiS,
389 697 531 746 quam
553 679 726 726 hostem
748 678 1121 725 formidantibus.
1174 676 1322 723 Scotis
1344 677 1394 724 in
1417 678 1653 741 congressu
1677 693 1852 727 metum

71 751 201 799 auxit
238 748 378 795 trium
396 747 604 793 virorum
628 743 834 798 fortium,
859 742 1098 789 Kennethi
1130 740 1397 797 insularum,
1423 742 1580 790 Grimi
1604 744 1784 799 Ierniae,
1811 751 1855 792 δε

75 812 324 864 Dumbarii
347 812 590 859 Lothianae
613 810 888 856 Thanorum
911 807 1178 854 continuata
1200 807 1365 854 caedes.
1442 806 1592 871 Igitur
1613 809 1717 855 loco
1741 809 1858 857 moti

73 881 126 928 in
151 882 409 941 antiquum,
434 877 562 940 quod
585 892 611 921 a
634 888 764 938 tergo
787 884 884 921 erat
905 871 1165 936 praefidium
1186 871 1320 935 pulsi.
1345 871 1418 920 Ibi
1440 873 1582 928 vallo,
1607 878 1647 920 Ee
1671 873 1797 929 fossa,
1814 880 1857 921 8c

75 948 148 1010 (1)
165 946 381 992 arborum
395 938 688 988 concaedibus
718 937 992 986 circumdati
1008 938 1058 984 in
1076 937 1264 1009 angusto
1279 937 1382 983 loco
1398 950 1579 1000 aequata
1594 937 1743 986 fronte
1754 939 1858 986 hos-

74 1011 201 1058 tibus
223 1010 496 1056 restiterunt.
525 1005 759 1068 Qosdam
783 1020 942 1051 eorum
963 1003 1090 1049 velut
1106 1014 1235 1066 parta
1247 1000 1438 1049 victoria
1456 1001 1684 1058 incautius
1701 1003 1858 1053 invec-

76 1087 147 1123 tos
170 1075 587 1126 circumvenerunt,
624 1069 736 1116 caeso
758 1069 878 1115 inter
899 1069 982 1114 hos
1014 1083 1106 1114 uno
1129 1067 1154 1114 e
1176 1066 1372 1114 ducibus
1394 1069 1565 1119 EnecO.
1633 1070 1701 1116 Ea
1721 1086 1790 1117 res
1810 1081 1863 1118 ut

76 1141 238 1188 Danos
261 1139 320 1184 ad
341 1152 547 1200 pugnam
569 1134 796 1198 segniores
819 1133 950 1187 fecit,
974 1132 1039 1178 ita
1062 1132 1207 1179 Scotis
1229 1148 1347 1194 pene
1371 1132 1627 1196 profligatis
1651 1133 1862 1182 alacrita-

80 1217 172 1251 tem
191 1203 386 1250 addidit.
431 1199 581 1264 Igitur
603 1215 720 1262 pene
742 1210 979 1245 momento
1001 1196 1220 1258 temporis
1240 1209 1416 1243 mutata
1438 1197 1622 1246 fortuna
1643 1199 1768 1247 Dani
1787 1199 1861 1251 fu-

76 1268 232 1334 giunt,
259 1268 384 1316 Scoti
408 1264 696 1329 fugientibus
717 1262 897 1309 instant.
967 1263 1142 1308 Olavus
1165 1261 1495 1322 imperatorum
1515 1264 1630 1310 alter
1647 1266 1803 1312 nactus
1820 1264 1863 1312 i·

78 1333 238 1381 tineris
262 1333 400 1379 duces
419 1346 526 1377 cum
549 1329 706 1393 paucis
727 1329 776 1375 in
800 1326 1064 1374 Moraviam
1087 1344 1139 1374 ea
1161 1329 1294 1373 nocte
1313 1327 1568 1375 contendit.
1636 1329 1691 1375 Id
1715 1346 1864 1393 quan-

79 1415 221 1463 quam
251 1396 588 1444 Milcolumbus
622 1410 716 1441 non
749 1394 1002 1457 ignoraret,
1039 1406 1193 1439 tamen
1227 1392 1561 1455 promptifiimo
1595 1411 1782 1456 quoque
1812 1394 1864 1443 in

78 1464 242 1527 praelio
264 1462 394 1517 caeso,
415 1478 466 1507 ac
487 1458 699 1524 plurimis
716 1456 966 1505 vulneratis
990 1456 1047 1503 ab
1071 1458 1194 1504 hoste
1211 1457 1528 1521 persequendo
1546 1458 1731 1507 destitit.

157 1519 215 1575 L.
247 1528 361 1574 Eam
381 1526 560 1581 cladem
583 1525 642 1571 ad
663 1523 704 1571 se
726 1522 775 1569 in
798 1522 1021 1586 Angliam
1040 1522 1239 1569 delatam
1256 1539 1427 1586 magno
1450 1522 1605 1571 animo
1623 1525 1730 1571 tulit
1752 1526 1866 1573 Sue·

81 1608 142 1640 no
169 1612 180 1640 :
213 1608 264 1638 ac
286 1590 455 1656 partim
474 1591 499 1638 ὲ
521 1588 765 1643 veteranis,
785 1590 953 1652 partim
974 1587 998 1634 ὲ
1021 1587 1156 1634 novis
1175 1587 1381 1635 subsidiis
1401 1588 1541 1634 domo
1559 1589 1758 1636 adveetis
1777 1591 1866 1638 du·
1886 1590 1893 1594 “

78 1674 132 1705 ce
156 1658 304 1704 Camo
326 1657 385 1705 ad
414 1667 616 1703 veterem
638 1653 945 1718 supplendum
973 1653 1227 1713 exercitum
1250 1652 1385 1700 mifit.
1454 1654 1499 1700 Is
1528 1654 1731 1716 primurn
1753 1655 1867 1704 For-

82 1722 173 1770 thae
194 1722 447 1769 aestuarium
464 1721 689 1774 invectus,
726 1734 832 1765 cum
851 1718 909 1765 ab
933 1717 1102 1764 accolis
1137 1717 1294 1781 passim
1326 1719 1385 1765 ad
1407 1733 1566 1765 ornnes
1590 1720 1685 1780 ejus
1709 1734 1864 1769 motus

80 1775 426 1834 occurrentibus
443 1785 714 1832 descendere
732 1783 1072 1846 prohiberetur,
1094 1785 1152 1829 ad
1170 1783 1383 1830 Rubrum
1409 1784 1625 1847 Angusiae
1642 1783 1865 1848 promon-

83 1852 253 1899 torium
275 1854 378 1900 vela
399 1851 526 1898 fecit.
595 1848 669 1896 Ibi
687 1849 913 1895 militibus
932 1849 980 1894 in
1004 1860 1170 1894 terram
1201 1849 1432 1911 expositis,
1457 1865 1510 1895 ac
1544 1851 1656 1896 locis
1688 1849 1868 1915 aliquot

90 1917 255 1964 frustra
277 1916 460 1965 tentatis
475 1916 533 1962 ad
549 1914 850 1978 praedandum
869 1912 911 1959 se
925 1913 1167 1959 convertit.
1199 1915 1321 1960 Cum
1333 1915 1393 1961 ad
1410 1914 1794 1970 Balbridum,hoc
1803 1918 1866 1964 est

82 1981 285 2044 Brigidae
298 1998 468 2046 pagum
480 1982 669 2028 haberet
683 1977 1008 2034 castra‚didicit
1021 1978 1078 2024 de
1090 1978 1726 2042 exploratoribus‚Scotorum
1736 1982 1867 2046 copi·
1914 2030 1917 2032 ,

87 2064 134 2092 as
151 2045 226 2091 vix
244 2047 337 2093 duo
352 2045 498 2092 millia
514 2047 718 2108 paffuum
737 2044 898 2091 abesse.
918 2043 1132 2106 Uterque
1143 2060 1228 2107 pro
1245 2057 1451 2106 ternpore
1470 2044 1568 2092 suos
1584 2046 1642 2092 ad
1655 2063 1865 2110 pugnam

86 2110 258 2158 hortati
279 2109 379 2158 sunt
400 2117 426 2157 :'
445 2126 496 2157 ac
518 2109 733 2174 postridie
755 2124 942 2172 quoque
964 2107 1129 2155 eodem
1151 2124 1299 2172 prope
1322 2122 1558 2156 momento
1580 2109 1629 2157 in
1652 2110 1866 2173 procinc-

86 2188 138 2223 tu
160 2176 390 2229 steterunt,
422 2176 686 2238 Pugnatum
703 2175 764 2220 est
783 2173 921 2221 tertio
938 2173 1013 2224 die
1031 2185 1157 2219 tanta
1179 2173 1451 2237 pertinacia,
1476 2188 1694 2237 quantam
1716 2182 1757 2222 Ee
1780 2193 1865 2224 no-

87 2257 146 2286 va
167 2239 282 2302 spes,
329 2245 370 2286 &
404 2250 536 2286 vetus
574 2238 734 2285 odium
764 2239 942 2286 efficere
964 2249 1159 2300 poterat.
1228 2239 1446 2285 Tandem
1472 2240 1542 2301 (z)
1575 2239 1867 2290 vincentibus

88 2304 234 2351 Scotis
258 2305 430 2351 Carnus
446 2303 662 2366 reliquias
681 2302 904 2350 exercitus
923 2303 972 2349 in
995 2315 1190 2358 montes,
1204 2319 1297 2365 qua
1315 2304 1404 2352 iter
1424 2304 1473 2351 in
1489 2305 1752 2353 Moraviam
1774 2309 1862 2354 effe

85 2370 377 2417 intellexerat
406 2368 657 2416 subducere
696 2381 904 2423 conatus,
945 2380 1050 2414 ante
1078 2384 1215 2429 quam
1241 2369 1334 2415 duo
1365 2369 1512 2417 millia
1533 2371 1739 2432 passuum
1760 2371 1869 2420 esset

85 2435 340 2498 progressus
364 2451 390 2481 a
411 2434 702 2496 sequentibus
724 2432 1064 2480 circumventus
1086 2449 1192 2480 cum
1215 2432 1301 2484 suis
1324 2433 1541 2485 omnibus
1563 2435 1716 2498 periit.
1758 2438 1870 2485 Hu-

81 2501 156 2562 jus
174 2497 378 2546 victoria?
401 2510 702 2546 monumenta
718 2510 876 2545 extant
889 2497 1131 2553 obeliscus,
1154 2505 1194 2545 δε
1217 2500 1287 2561 (3)
1309 2499 1436 2547 vicus
1457 2501 1694 2563 proximus
1716 2502 1870 2564 adbuc

88 2564 356 2611 memoriam
376 2563 577 2611 nominis
598 2563 736 2610 Carni
756 2563 973 2611 retinens·
1027 2563 1138 2609 Alia
1159 2581 1318 2610 manus
1338 2582 1429 2612 non
1453 2567 1615 2628 procul
1637 2584 1663 2612 a
1680 2567 1869 2616 Brechi-

91 2644 153 2675 no
175 2628 348 2692 oppido
378 2628 571 2676 interiit.
640 2626 714 2674 Ibi
735 2644 922 2691 quoque
952 2627 1175 2675 obeliscus
1199 2629 1313 2676 alter
1337 2633 1509 2677 erectus
1532 2632 1609 2676 est.
1680 2632 1870 2696 Reliqui

90 2691 228 2756 pauci
247 2693 499 2744 admodum
522 2709 713 2740 numero
738 2694 935 2740 tenebris
973 2694 1248 2756 propinquae
1270 2694 1415 2741 noctis
1433 2695 1628 2758 protecti
1652 2698 1709 2742 ad
1733 2714 1870 2745 naves

90 2770 326 2820 penetrare
348 2758 500 2811 conati
521 2758 637 2805 sunt.
690 2757 761 2806 Hi
781 2760 886 2805 ciim
908 2758 1057 2804 ventis
1080 2758 1274 2805 adversis
1309 2760 1489 2823 aliquot
1519 2761 1615 2807 dies
1636 2760 1870 2810 saeviffimo

93 2821 208 2867 mari
223 2821 380 2883 jactati
399 2822 599 2886 fuissent,
633 2824 819 2870 tandem
842 2824 900 2870 ad
924 2823 1171 2870 Buchaniae
1193 2823 1300 2870 litus
1322 2824 1656 2888 importuosum
1692 2828 1871 2889 appulsi

91 2886 253 2932 tandiu
273 2885 339 2932 ibi
361 2888 553 2936 adversis
577 2887 920 2951 tempestatibus
943 2887 1118 2934 detenti
1141 2889 1197 2935 ad
1221 2889 1440 2937 anchoras
1463 2891 1696 2946 steterunt,
1721 2893 1873 2939 donec

92 2966 210 3012 pene
227 2951 434 2998 omnium
454 2969 605 3001 rerum
627 2948 789 3016 inopes
807 2952 952 3000 coar-&ti
974 2952 1076 2999 sunt
1093 2953 1276 3000 circiter
1295 2955 1574 3019 quingentos
1595 2956 1618 3002 ὲ
1642 2956 1727 3002 suis
1751 2973 1870 3020 prae-

94 3015 254 3060 datum
270 3017 316 3060 in
340 3016 624 3079 propinquos
654 3034 788 3082 agros
812 3017 994 3064 mittere
1025 3035 1036 3064 t
1071 3034 1186 3081 quos
1222 3020 1472 3067 Mernanus
1496 3019 1589 3066 Ioci
1616 3022 1808 3069 Thanus
1844 3039 1873 3070 a

96 3078 210 3124 mari
227 3080 427 3129 exclusos
448 3081 496 3128 i'n
519 3083 749 3134 tumulum
769 3082 870 3129 satis
893 3082 1093 3132 arduum
1106 3083 1277 3146 coegit.
1313 3084 1388 3131 Ibi
1409 3099 1516 3131 cum
1534 3085 1615 3131 diu
1634 3086 1723 3132 loci
1742 3103 1872 3134 com-

94 3143 317 3189 moditate
339 3144 484 3205 adjuti
503 3145 545 3192 se
567 3145 680 3194 saxis
702 3147 1020 3202 defenderent,
1057 3162 1109 3193 ac
1133 3150 1303 3196 multos
1331 3162 1502 3196 temere
1524 3149 1764 3198 subeuntes
1800 3152 1871 3198 af-

94 3205 323 3270 fligerent,
343 3210 528 3257 tandem
550 3211 675 3261 Scoti
692 3211 773 3259 alii
790 3212 902 3260 alios
925 3211 1154 3259 cohortati
1170 3213 1355 3264 diversis
1377 3214 1583 3278 partibus
1606 3216 1872 3264 multitudi-

125 3345 129 3349 >
150 3325 212 3377 (1)
232 3327 367 3364 Cutted
380 3327 533 3376 timber,
546 3341 587 3367 or
597 3329 730 3369 timber
746 3331 791 3369 fit
803 3332 863 3370 sor
875 3339 959 3370 cut-‘-
1015 3332 1197 3381 assuming
1210 3346 1229 3369 a
1242 3333 1426 3380 sui-name,
1440 3346 1514 3372 was
1532 3334 1599 3373 the
1613 3335 1746 3373 author
1757 3336 1874 3375 ofthe

93 3377 190 3427 ting.
774 3396 778 3398 ·
1009 3386 1120 3422 noble
1140 3387 1272 3436 family
1289 3388 1335 3424 of
1348 3387 1484 3425 Keith.

150 3431 214 3480 (2)
243 3432 341 3471 This
357 3432 499 3484 viEtory
525 3436 602 3473 was'
624 3440 799 3486 procurecl
817 3437 954 3488 especi·
1064 3441 1128 3490 (3)
1159 3442 1196 3476 It
1222 3441 1252 3478 is
1270 3442 1390 3478 called
1411 3443 1623 3489 Carneston,
1644 3444 1727 3485 and,
1745 3443 1809 3480 the
1829 3457 1874 3482 ο-

97 3485 172 3534 ally
191 3487 236 3534 by
254 3486 318 3523 the
345 3488 474 3526 valour
491 3489 535 3526 of
554 3502 574 3526 a
593 3491 820 3537 genssemau,
851 3492 952 3538 who,
1009 3491 1126 3530 betia<
1141 3494 1455 3532 Cameston·cross
1476 3509 1485 3531 e
1518 3495 1673 3533 Obelisk
1688 3496 1717 3532 is
1738 3509 1756 3532 a
1772 3506 1878 3544 great

82 3536 158 3574 'for
184 3537 244 3576 his
272 3543 362 3588 good
383 3540 531 3588 service,
553 3556 626 3579 was
658 3547 841 3582 rewarded
860 3545 954 3582 with
1010 3546 1099 3595 long
1118 3548 1217 3584 stone
1235 3547 1385 3596 pitched
1405 3549 1441 3585 in
1457 3548 1521 3586 τῆς
1535 3551 1674 3594 ground
1692 3563 1788 3598 upon
1808 3550 1875 3588 the

97 3587 165 3628 the
180 3591 282 3632 lanes
294 3594 468 3633 ofKeith
487 3595 527 3633 in
542 3596 722 3645 Lothiau,
740 3601 811 3639 and
827 3598 963 3636 thence
1015 3602 1101 3647 end,
1119 3614 1155 3638 as
1173 3614 1192 3639 a
1212 3610 1437 3639 monument
1448 3601 1493 3643 of
1505 3600 1604 3639 some
1619 3611 1720 3651 great
1735 3603 1875 3642 astion.

1819 3703 1878 3734 sse
