2091 3796
229 97 311 160 80
555 87 917 167 RERUM
1007 86 1693 167 Scorrcinssvm

221 210 327 239 cum
352 189 727 238 turbulentifiirno
747 208 935 255 quoque
945 193 1281 255 juventuti8‚ac
1303 211 1453 242 rerum
1477 205 1699 246 novarum
1733 190 1980 250 avidissimo

220 271 432 319 patruum
456 256 566 311 adit,
592 262 632 303 δε
662 273 856 321 regnum
889 270 1130 319 paternum
1151 257 1362 320 reposcit,
1384 262 1514 321 quod
1535 262 1614 308 ille
1637 279 1728 309 non
1753 276 1802 311 ut
1833 265 1979 322 suurn,

222 321 295 366 ied
318 332 366 365 ut
392 322 461 380 (i)
482 320 768 367 fiduciariam
787 322 984 369 tenebat.
1052 325 1086 369 F
1089 321 1299 369 eritharis
1328 323 1443 369 adeo
1475 324 1558 371 ino
1579 327 1872 375 adolescentis
1892 329 1982 376 im-

219 395 419 445 portuno
441 384 629 431 consilio
652 402 744 432 non
778 387 838 432 est
873 387 1179 448 perturbatuS,
1206 398 1255 433 ut
1292 386 1513 434 concione
1535 389 1754 438 advocata
1786 409 1983 452 regnum

216 448 386 509 ejerare
404 454 612 511 paratum
646 448 687 496 se
717 450 802 496 effe
835 450 1121 497 ostenderet:
1156 451 1393 513 multaque
1429 451 1567 504 etiam
1594 454 1652 500 de
1686 451 1982 505 adolescentis

216 513 359 559 iaude
374 514 555 574 adjecit.
623 515 788 575 Regno
815 527 967 560 autem
991 513 1073 560 fibi
1090 515 1282 570 credito,
1306 516 1434 578 quod
1456 533 1576 563 mors
1599 518 1857 582 propinqua
1871 522 1984 568 *effet

216 578 437 631 ablatura,
463 578 598 633 malle
632 578 789 640 sponte
809 578 985 633 cedere,
1024 585 1065 625 &
1090 579 1326 627 voluntate
1358 579 1528 642 potius,
1554 599 1692 644 quam
1730 584 1984 633 necestitate

215 640 436 704 pietatem
453 659 561 706 erga
577 641 861 705 propinquos
884 644 1049 690 colere.
1119 645 1208 691 Sed
1228 657 1406 692 tantum
1428 646 1634 692 omnium
1660 646 1748 693 fuit
1768 664 1877 711 erga
1897 651 1982 696 Fe-

215 705 664 761 rimarem-studium,
685 718 901 769 tantaque
926 708 1137 765 charitas,
1160 721 1210 754 ut
1227 708 1344 755 hanc
1365 724 1704 773 praeproperam
1725 711 1774 759 in
1789 713 1823 759 F
1826 712 1983 777 erlego

214 770 346 834 regni
367 771 665 832 cupiditatem
698 788 789 818 non
830 773 969 819 modo
990 773 1139 828 vultu,
1161 772 1235 819 sed
1268 772 1677 837 increpationibus,
1702 789 1840 839 atque
1867 779 1984 825 adeo

195 834 334 895 ¹clara
365 835 504 881 totius
535 835 768 882 concionis
801 837 1129 883 acclamatione
1151 837 1234 883 sint
1257 837 1458 884 averstzti.
1526 839 1753 886 Patefaela
1770 844 1878 889 vero
1900 855 1983 903 per

214 899 389 946 indices
412 899 619 946 adversus
642 911 854 960 patruum
877 900 1189 959 conjuratione
1211 916 1316 947 cum
1339 901 1514 947 consilii
1534 904 1808 951 detestabilis
1830 909 1984 954 auEtOr

155 975 158 977 ’
214 963 442 1028 supplicio
464 963 718 1026 gravissimo
741 963 908 1026 dignus
927 963 1186 1017 haberetur,
1210 964 1359 1010 valuit
1375 975 1527 1011 tamen
1550 966 1597 1011 in
1623 968 1814 1031 Ferlego
1843 970 1984 1031 patris

216 1029 452 1082 memoria,
475 1030 526 1077 δε
549 1026 699 1088 patrui
726 1026 953 1090 praeseutis
976 1028 1141 1091 gratia,
1167 1033 1207 1074 &
1230 1044 1404 1090 preceS,
1428 1045 1524 1090 quo
1558 1027 1710 1076 minus
1740 1033 1986 1094 gravissimi

215 1093 393 1139 sceleris
415 1091 605 1154 cogitati
628 1106 773 1139 morte
794 1107 952 1155 poenas
991 1094 1150 1139 lueret.
1217 1093 1438 1140 Custodes
1461 1106 1636 1140 tantum
1659 1095 1871 1152 adhibiti,
1901 1097 1983 1160 qui

211 1157 347 1212 faeta,
368 1157 579 1218 dictaque
613 1156 708 1217 ejus
746 1156 902 1202 omnia
930 1155 1281 1218 specularentur.
1350 1158 1438 1204 Sed
1460 1157 1538 1204 ine
1560 1159 1816 1221 quamlibet
1834 1161 1984 1209 brevis

211 1236 352 1268 morae
375 1220 430 1267 ad
455 1220 577 1282 spem
600 1219 753 1266 animo
776 1234 1046 1282 conceptam
1067 1220 1329 1283 impatienS,
1353 1222 1556 1284 deceptis
1578 1225 1852 1278 custodibuS,
1873 1237 1979 1274 cum

208 1286 367 1347 paucis
390 1283 800 1348 consciis'primum
823 1286 880 1331 ad
902 1285 1068 1339 Pictos,
1094 1284 1260 1331 deinde
1281 1301 1385 1331 cum
1419 1287 1486 1333 ibi
1519 1287 1694 1333 nullam
1724 1303 1874 1335 rerum
1895 1305 1979 1336 no-

209 1351 458 1396 vandarum
494 1349 727 1396 materiam
750 1349 992 1405 inveniret,
1025 1351 1082 1396 ad
1107 1349 1333 1396 Brittones
1357 1350 1585 1414 confugit,
1626 1351 1750 1414 apud
1771 1369 1886 1416 quos
1909 1353 1978 1402 vi-

211 1416 304 1460 tam
326 1414 558 1478 ignavam,
583 1416 633 1463 &
651 1412 840 1475 perinde
861 1413 1118 1477 ignobilem
1141 1413 1252 1477 egit.
1300 1415 1334 1460 F
1338 1414 1545 1461 eritharis
1565 1418 1674 1462 vero
1691 1432 1860 1478 paucos
1883 1419 1983 1481 pffl’c

209 1478 380 1525 menses
400 1478 626 1535 incertum
649 1479 828 1534 morbo,
854 1495 910 1524 an
934 1478 1091 1526 fraude
1112 1479 1174 1524 est
1194 1477 1410 1527 sublatus.
1478 1480 1588 1541 Ejus
1614 1480 1772 1527 mortis
1794 1481 1977 1545 suspici-

207 1559 344 1589 onem
363 1543 564 1606 superior
593 1541 803 1595 ambitio,
827 1542 1055 1605 scelusque
1077 1543 1323 1597 detectum,
1348 1550 1389 1589 δε
1419 1559 1574 1590 recens
1607 1544 1803 1607 fuga.fic
1830 1545 1974 1599 auxit,

208 1620 259 1654 ut
280 1608 494 1670 Ferlegus
518 1607 722 1653 omnium
747 1606 977 1654 iententiis
1006 1606 1162 1654 absens
1184 1608 1491 1663 damnaretur,
1516 1607 1863 1672 quintodecimo
1885 1611 1979 1658 fere

206 1673 303 1734 post
326 1685 518 1719 mortem
541 1671 681 1734 patris
702 1687 837 1717 anno.

940 1757 1027 1803 ΠΙ.
1062 1757 1104 1802 R
1129 1757 1166 1803 E
1190 1755 1249 1803 X.

273 1833 383 1879 VH.
417 1830 779 1878 FERLEGO
815 1830 1031 1877 damnato
1064 1829 1250 1877 Mainus
1290 1831 1428 1878 frater
1464 1834 1560 1895 ejus
1601 1833 1839 1881 Scotorum
1876 1830 1983 1887 Rex,

207 1896 397 1944 Tertius
417 1910 625 1942 creatur:
662 1896 732 1942 vir
752 1894 888 1957 patri,
915 1899 952 1940 Sc
979 1907 1159 1956 patrue,
1195 1912 1334 1958 quam
1362 1894 1488 1944 fratri
1517 1897 1719 1945 similior.
1788 1901 1832 1945 ls
1866 1915 1979 1961 pace

206 1978 311 2008 cum
334 1961 496 2007 vicinis
519 1960 802 2014 confirmata,
827 1959 955 2004 dorni
977 1957 1160 2005 sublatis
1183 1959 1461 2017 facinorosis,
1487 1961 1713 2008 sacrorum
1735 1963 1846 2008 ritus
1870 1963 1978 2009 diii·

204 2039 367 2090 genter
400 2026 616 2072 obeundo
639 2036 812 2072 tantam
837 2022 919 2069 fibi
947 2023 1156 2085 justiciae,
1191 2030 1231 2070 δι
1261 2024 1441 2087 pietatis
1472 2025 1739 2089 opinionem
1781 2028 1975 2089 paravit,

207 2105 256 2137 ut
273 2107 379 2136 eum
398 2090 562 2136 laedere
581 2088 807 2136 summum
825 2087 951 2134 nefas
976 2099 1068 2134 tam
1088 2088 1228 2144 cives,
1243 2105 1382 2151 quam
1403 2089 1632 2154 peregrini
1654 2090 1977 2138 existimarent.

205 2156 310 2202 Hac
333 2154 573 2201 sanctitatis
597 2153 830 2216 opinione,
859 2169 999 2214 quam
1020 2151 1163 2199 armis'
1179 2154 1336 2207 tutior,
1362 2157 1600 2218 postquam
1621 2154 1790 2218 viginti
1812 2172 1978 2202 novem

205 2236 347 2266 annos
376 2218 648 2280 imperasset,
673 2217 899 2265 decedens
922 2218 1144 2281 magnum
1174 2218 1239 2266 sui
1267 2217 1541 2266 desiderium
1572 2221 1694 2281 apud
1716 2236 1873 2266 omnes
1896 2220 1978 2266 bo·
2046 2233 2049 2236 ·

189 2283 287 2332 'nos
307 2283 509 2345 reliquit.

323 2392 329 2393 ff
442 2355 444 2359 “
860 2369 863 2372 ·
935 2348 1024 2395 IV.
1060 2348 1102 2394 R
1125 2348 1162 2393 E
1186 2347 1244 2392 X.
1277 2380 1279 2383 -
1545 2382 1549 2385 .

269 2426 407 2472 VIII.
439 2422 1042 2471 DORNADILLAM
1082 2421 1245 2468 habuit
1280 2427 1320 2468 δι
1353 2422 1517 2478 filium,
1544 2428 1583 2469 δε
1618 2424 1748 2488 regni
1765 2425 1978 2474 succefi‘oe

204 2506 319 2544 rem,
345 2493 395 2538 δε
417 2487 468 2535 in
491 2487 705 2550 aequitate
729 2487 923 2534 colenda
941 2486 1061 2549 patri
1082 2486 1273 2533 similem
1296 2503 1307 2532 z
1339 2487 1511 2534 caeteris
1533 2487 1641 2534 vitae
1663 2489 1868 2552 partibus
1892 2492 1981 2538 dis-

203 2570 378 2617 parem.
446 2554 672 2615 Magnam
694 2550 818 2597 enim
844 2551 1063 2614 temporis
1084 2564 1260 2613 partem
1280 2551 1517 2599 venationi
1540 2552 1684 2600 dedit.
1751 2554 1807 2601 Id
1840 2556 1979 2602 studi-

205 2636 285 2665 um
319 2618 368 2664 in
403 2633 514 2680 pace
538 2617 775 2669 decorum,
811 2620 851 2662 ἃς
886 2615 1069 2678 corpori
1090 2614 1264 2661 salubre
1296 2628 1439 2671 ratus«,
1470 2622 1511 2663 δε
1545 2618 1603 2663 ad
1624 2617 1763 2664 robur
1783 2618 1983 2667 militare

205 2682 571 2730 confirmandum
588 2679 788 2727 maxime
812 2679 939 2726 utile.
1009 2679 1233 2726 Animum
1255 2691 1473 2741 praeterea
1493 2681 1752 2744 voluptates
1780 2683 1983 2731 maxime

204 2764 341 2810 puras
376 2746 485 2793 inde
524 2760 722 2808 capere:
761 2749 801 2790 &
839 2742 1046 2792 adversus
1088 2743 1340 2800 avaritiam,
1369 2750 1410 2791 δε
1443 2745 1689 2798 luxuriam,
1725 2758 1982 2812 caeteraque

206 2811 336 2867 vitia,
360 2825 463 2873 quae
486 2826 543 2856 ex
566 2809 670 2856 ocio
705 2807 962 2873 gignuntur
994 2825 1087 2856 non
1118 2808 1300 2856 modice
1325 2807 1548 2856 roborari.
1615 2811 1758 2870 Hunc
1778 2811 1900 2857 fama
1919 2810 1982 2859 est

207 2877 334 2938 leges
367 2873 613 2928 venatica,
652 2889 757 2936 quae
795 2874 917 2936 apud
943 2873 1110 2936 priscos
1132 2875 1292 2920 Scotos
1323 2873 1412 2919 hac
1442 2882 1574 2921 aetate
1594 2873 1888 2923 observantur
1909 2887 1981 2923 tu-

207 2940 317 2989 liffe.
386 2938 585 2986 Decessit
604 2939 766 2986 octavo
789 2943 831 2984 δε
858 2937 1077 2986 vicesimo
1106 2936 1239 3003 regni
1260 2952 1402 2985 anno-
1487 2955 1490 2958 ’

205 3103 209 3107 “
274 3093 369 3144 ΙΧ.”
391 3093 443 3141 Ν
455 3095 500 3141 O
512 3095 560 3141 T
572 3095 622 3142 H
635 3093 797 3142 ATU
810 3094 866 3140 M
901 3096 998 3158 ejus
1020 3094 1205 3142 fratrem
1227 3095 1426 3158 populus
1447 3112 1637 3161 regnare
1657 3090 1796 3158 jussit,
1817 3097 1983 3147 imma·

202 3158 315 3209 'turo
333 3158 483 3206 adhuc
498 3159 557 3206 ad
573 3158 827 3223 regendum
841 3159 1078 3207 Reuthe'ro
1093 3160 1185 3220 ejus
1208 3158 1319 3206 filio.
1340 3161 1384 3206 Is
1398 3159 1645 3225 imperium
1662 3163 1789 3224 quod
1807 3163 1861 3209 ad
1879 3181 1985 3212 eum

213 3227 339 3275 diem
355 3223 504 3271 fuerat
517 3224 876 3277 moderatum,&
893 3222 1234 3287 (2)1egitimu'm
1246 3223 1394 3279 statim
1408 3223 1458 3271 in
1477 3225 1723 3297 superbam,
1734 3227 1985 3274 dominati·

212 3305 350 3338 onem
373 3287 599 3334 convertit
619 3306 632 3334 2
667 3286 877 3349 civesque
907 3289 1061 3350 passim
1073 3289 1210 3350 juxta
1229 3287 1445 3344 ¹summos,
1469 3293 1518 3340 ἃ
1540 3289 1722 3336 infimos
1742 3290 1872 3337 velut
1892 3307 1986 3340 non

182 3368 187 3374 ‘
212 3355 262 3402 in
281 3353 494 3416 tutelam,
515 3350 591 3398 sed
611 3351 919 3418 praedamfibi
939 3352 1071 3401 datos
1088 3352 1362 3401 multatione
1382 3352 1628 3409 bonorum,
1647 3353 1806 3410 exiliO,
1821 3369 1986 3412 morte,

216 3499 331 3594 tho)
367 3499 552 3543 lntrusted
567 3507 607 3545 to
624 3498 711 3544 him
728 3510 768 3544 to
784 3501 881 3553 keep
901 3503 959 3546 for
976 3516 1067 3545 ano·
1198 3504 1261 3558 (2)
1291 3492 1397 3546 That
1414 3518 1567 3557 governs
1586 3504 1780 3555 according
1795 3512 1835 3544 to
1847 3504 1934 3542 law.
1971 3476 1974 3480 ¹

262 3564 314 3594 er·
359 3593 362 3597 .

1870 3605 2002 3656 omni
