2045 3857
490 153 820 228 LIBER
913 163 1408 229 OCTAVUS.
1689 189 1821 247 2¹7

66 283 114 316 as
132 269 211 317 sub
231 262 467 317 leaiffimis
489 260 682 309 ducibus
705 261 752 309 in
767 260 965 308 Scotiam
991 259 1124 306 misit.
1167 261 1289 306 Cum
1312 260 1375 306 eis
1400 273 1466 306 ter
1484 260 1665 311 diversis
1689 266 1736 313 in
1759 269 1830 314 lo-

65 334 131 379 cis
157 329 409 396 Duglaflius
431 325 633 373 limitum
655 324 894 388 praefectus
922 325 1175 388 congressus
1199 323 1337 370 duces
1360 325 1453 370 fere
1476 342 1649 381 omnes,
1672 334 1719 378 ὃς
1741 331 1830 378 mi.

64 395 198 443 litum
220 390 630 458 partemmajorem
652 390 840 437 occidit.
911 388 1055 453 Angli
1074 388 1354 435 terrestribus
1373 388 1516 451 copiis
1539 407 1586 436 re
1610 394 1726 440 male
1750 414 1834 459 ge..

63 460 126 505 sta
148 459 287 510 classe,
307 472 397 518 qua
418 466 544 517 parte
565 455 734 503 virium
755 454 856 517 plus
880 465 1105 516 poterant,
1131 453 1178 499 in
1204 454 1234 498 1³
1238 453 1415 504 ortham
1439 452 1608 500 investi
1634 462 1831 506 excursi-

61 524 224 570 onibus
243 520 376 566 litora
394 517 552 569 omnia
571 519 796 568 infestant.
823 520 990 564 Comes
1011 517 1119 564 Fifae
1143 517 1317 578 equites
1340 516 1618 580 quingentos
1637 521 1692 565 ad
1711 538 1832 582 prze-

61 585 201 632 dones
225 585 499 631 coercendos
522 584 654 630 misit.
708 581 778 629 Hi
798 598 888 628 non
912 582 1002 628 ausi
1022 595 1126 627 cum
1151 593 1275 627 tanta
1297 581 1593 628 multitudine
1611 588 1831 647 congre-:ii

57 664 164 696 cum
190 647 405 702 redirent,
424 648 624 694 occurrit
642 646 976 693 revertentibus
1000 644 1264 692 Gulielmus
1293 645 1522 692 Sinclarus
1547 647 1830 694 Caledonio-

57 704 157 759 rum
175 711 426 773 Episcopus
446 711 677 774 sexaginta
695 709 790 756 fere
811 709 1055 756 comitatus
1078 708 1327 769 equitibus.
1401 710 1493 772 Q}
1527 726 1632 757 cum
1654 712 1838 763 reditus*

57 775 232 823 causam
264 776 469 828 audisset,
507 775 710 838 graviter
741 773 969 835 increpita
1001 789 1158 819 eorum
1188 771 1374 835 ignavia
1412 776 1704 830 exclamavit,
1732 779 1828 842 Qi

56 857 151 887 rem
175 841 403 886 Scoticam
424 841 590 887 salvam
613 838 750 885 vultis
776 855 847 884 me
870 837 1139 888 sequimini:
1167 843 1205 883 Sc
1232 852 1336 883 cum
1361 837 1483 884 ditio
1501 851 1713 902 correpta
1731 842 1831 888 lan·

0 935 14 945 -›
41 919 135 954 rcea
164 904 336 952 cunstis
365 921 472 951 eum
492 903 712 953 ,alacriter
742 902 1033 965 sequentibus
1062 901 1108 947 in
1145 902 1436 963 populatores
1471 920 1612 966 vagos
1649 904 1829 965 impetu

53 966 173 1016 fafito
192 983 284 1016 tam
301 970 481 1032 trepide
499 986 575 1016 eos
593 969 650 1015 ad
667 968 776 1015 litus
796 966 1038 1028 compulit,
1055 981 1102 1012 ut
1121 965 1230 1012 dum
1249 966 1440 1028 quisque
1459 985 1594 1014 naves
1612 970 1828 1017 Conscen-

53 1033 161 1080 dere
184 1034 376 1087 festinat,
395 1050 483 1080 una
501 1033 710 1080 navicula
728 1031 939 1078 irruentis
960 1030 1266 1078 multitudinis
1285 1031 1487 1093 pondere
1507 1033 1705 1092 depreffa
1722 1051 1832 1084 cum

52 1097 311 1145 vectoribus
335 1097 533 1160 perierit.
604 1096 882 1143 Ceciderunt
903 1095 951 1142 in
971 1111 1024 1141 eo
1050 1096 1249 1141 tumultu
1271 1095 1374 1156 plus
1394 1097 1543 1143 minus
1564 1098 1830 1161 quingentis

51 1177 111 1213 ex
135 1162 317 1225 Anglis.
387 1162 441 1207 Id
465 1161 653 1218 Sinclari
680 1160 847 1206 fastum
871 1161 985 1206 adeo
1010 1159 1128 1221 Regi
1157 1174 1338 1221 gratum
1361 1158 1466 1215 fuit,
1493 1174 1542 1207 ut
1570 1162 1744 1225 semper
1772 1165 1832 1211 ab

53 1241 112 1276 eo
134 1239 338 1288 tempore
359 1224 487 1271 suum
507 1224 642 1270 illum
666 1224 917 1287 appellaret
935 1223 1229 1285 Episcopum.

75 1289 78 1291 Δ
120 1291 269 1337 XLV.
302 1289 389 1337 Illa
412 1291 557 1336 aestate
581 1305 685 1335 cum
716 1289 776 1335 ob
799 1304 990 1334 annonae
1015 1287 1271 1348 penuriam,
1298 1293 1336 1334 ἃς
1362 1288 1570 1352 vulgatos
1605 1291 1652 1337 in
1675 1293 1834 1341 omnia

21 1410 26 1413 ι
54 1354 149 1402 fere
172 1355 402 1406 mansueta
421 1353 636 1400 animalia
655 1353 853 1407 morbos,
872 1365 973 1398 tum
993 1353 1052 1396 ob
1077 1351 1334 1415 frequentes
1352 1351 1626 1402 incursiones
1644 1358 1831 1420 Angliae

54 1420 266 1482 regiones
288 1435 446 1465 omnes
470 1417 615 1464 Scotis
640 1416 910 1480 propinquae
933 1433 1048 1477 pene
1070 1415 1286 1476 incultoej
1306 1430 1489 1471 acerent,
1507 1418 1614 1465 huic
1638 1423 1759 1468 malo
1780 1437 1832 1469 ut

54 1485 314 1535 mederetur
333 1483 513 1545 Auglus
533 1482 792 1530 Eboracum
817 1482 941 1527 venit
969 1498 979 1525 :
1015 1497 1214 1543 cumque
1233 1480 1299 1527 ibi
1323 1481 1571 1530 exercitum
1597 1487 1656 1532 ob
1680 1486 1828 1533 culto-

56 1565 155 1595 rum
178 1547 454 1610 paucitatem
479 1547 700 1593 couficere
735 1563 824 1592 non
849 1546 1008 1608 posset,
1037 1545 1182 1591 coac‘ti
1205 1546 1306 1592 sunt
1333 1547 1659 1603 Londinenies‚
1685 1556 1724 1596 δε
1748 1567 1829 1597 eo*

20 1606 33 1616 ι
53 1629 154 1660 rum
176 1611 332 1666 vicini,
358 1628 623 1674 quanquam
657 1610 878 1673 plaerique
901 1609 1185 1656 vacationem
1218 1610 1452 1665 haberent,
1481 1612 1674 1660 militem
1699 1615 1825 1665 dare.

23 1716 35 1723 ,
57 1679 128 1725 Ita
151 1677 333 1724 tandem
357 1675 574 1723 confectis
592 1675 737 1737 copiis
761 1676 817 1721 ad
834 1675 1076 1722 Bervicum
1095 1674 1395 1721 obsidendum
1419 1677 1728 1737 proficiscitur.
1757 1681 1830 1727 Ec>

58 1742 250 1789 vixdum
265 1755 466 1794 venerat,
482 1743 608 1802 cum(
621 1757 635 1787 1
647 1740 876 1800 )Thomas
889 1739 1144 1786 Randolfus
1164 1738 1336 1786 diversa
1348 1740 1536 1801 regione
1553 1745 1717 1803 Solveo
1732 1761 1832 1790 am-

54 1806 113 1854 ne
132 1805 339 1870 superato
362 1805 581 1868 Angiiam
605 1805 821 1868 ingressus
844 1802 963 1851 ferro
981 1805 1263 1866 fiammaque
1284 1804 1443 1851 omnia
1465 1807 1618 1861 vastat,
1642 1809 1830 1856 nemine

4 1888 10 1892 ·
42 1888 145 1918 non
169 1870 306 1918 modo
327 1871 566 1924 resistente,
589 1869 661 1916 sed
682 1868 918 1932 plaerisque
937 1868 983 1914 in
1002 1869 1115 1915 locis
1138 1869 1215 1915 vix
1233 1886 1468 1933 quoquam
1491 1872 1646 1918 obvio.
1698 1874 1827 1921 Nam

55 1936 150 1982 lues
174 1935 401 1997 superiore
423 1952 542 1983 anno
577 1948 750 1982 tantam
773 1933 941 1981 fecerat
966 1934 1233 1990 vastitatem,
1261 1948 1308 1980 ut
1340 1934 1476 1981 facies
1500 1952 1650 1983 rerum
1684 1955 1830 2001 prope

56 1999 256 2046 hostibus
277 2000 539 2047 miserabilis
561 2010 831 2047 occurreret.
858 2000 978 2044 Cum
1001 1999 1117 2045 ultra
1133 2013 1318 2046 centum
1338 1999 1484 2046 millia
1504 2002 1701 2062 passuum
1717 2005 1830 2048 Sco-

54 2062 90 2110 ti
116 2062 328 2127 progrefli
346 2066 499 2119 essent,
512 2063 757 2127 omniaque
779 2062 1023 2118 incendiis,
1040 2079 1091 2110 ac
1109 2064 1308 2110 maxime
1326 2063 1444 2110 circa
1465 2066 1721 2112 Eboracum
1742 2067 1829 2113 fce-

6 2184 9 2191 ,
59 2127 236 2183 darent,
263 2127 327 2175 rei
348 2128 492 2191 magis
514 2128 765 2191 indignitas
787 2144 926 2190 quam
949 2126 1116 2174 virium
1139 2128 1303 2174 fiducia
1326 2128 1735 2193 Archiepiscopum
1757 2149 1828 2177 ar-

58 2208 134 2238 ma
153 2193 324 2240 sumere
338 2192 508 2256 coegit.
537 2194 576 2238 Is
601 2192 704 2239 satis
729 2192 965 2239 numeroso
986 2193 1194 2256 quidem,
1219 2193 1291 2239 sed
1310 2193 1489 2240 imbelli
1511 2196 1708 2242 exercitu
1729 2197 1826 2242 col-

52 2256 169 2312 letto
191 2257 215 2304 ἐ
233 2257 490 2320 promiscua
506 2255 804 2304 multitudine
822 2255 1193 2311 sacrificulorum,
1211 2257 1498 2320 &opificutm
1512 2274 1564 2304 ac
1583 2276 1825 2321 operarum

40 2321 314 2368 ‘rusticarum
331 2338 435 2369 cum
455 2321 662 2368 adversus
681 2323 957 2384 praedatores
977 2321 1147 2383 majore
1161 2321 1512 2385 audacia,quam
1532 2325 1719 2371 consilio
1739 2326 1825 2371 du-

54 2382 350 2446 &isreevittus
374 2403 426 2434 ac
445 2386 711 2448 profligatus
735 2386 943 2446 plurimis
967 2385 1146 2433 suorum
1170 2386 1216 2432 in
1240 2387 1400 2449 prae‘lio
1423 2387 1582 2434 amiffis
1604 2388 1697 2449 ipse
1718 2405 1826 2436 cum

55 2451 209 2512 paucis
229 2450 368 2515 fugit.
412 2452 567 2497 Tanta
584 2450 650 2496 ibi
672 2449 955 2497 sacerdotum
975 2451 1137 2513 strages
1157 2451 1261 2505 suit,
1277 2465 1325 2498 ut
1343 2452 1586 2515 abAnglis
1610 2454 1688 2500 diu
1706 2454 1826 2501 illud

3 2528 6 2529 ’
57 2513 192 2573 fuerit
216 2517 285 2576 (2)
312 2515 521 2579 praelium
556 2515 710 2561 album
734 2514 1130 2576 cognominatum.
1198 2516 1437 2562 Eduardus
1467 2517 1624 2563 audita
1645 2519 1827 2566 suorum

27 2590 36 2594 ”
55 2580 183 2627 ciade
205 2593 411 2627 metuens
434 2597 490 2627 ne
512 2579 657 2626 viftor
674 2578 855 2642 aliquid
869 2580 1014 2640 majus
1038 2578 1274 2627 moliretur
1291 2581 1526 2628 obsidione
1540 2581 1682 2628 soluta
1699 2583 1829 2630 Ebo-

38 2643 41 2672 ῗ
56 2644 226 2698 racum,
247 2644 413 2700 deinde
434 2643 761 2707 recipientibus
784 2643 826 2690 se
858 2643 1021 2699 Scotis,
1041 2645 1088 2691 in
1113 2645 1327 2691 intimum
1346 2662 1539 2708 regnum
1562 2646 1692 2693 abiit.

117 2710 291 2755 XLVI.
324 2708 760 2773 Anglodomesticis
792 2709 1065 2756 tumultibus
1087 2721 1314 2772 occupato
1345 2711 1500 2766 breves
1533 2710 1732 2757 induciae
1757 2712 1824 2758 se·
1852 2714 1855 2717 ’

53 2785 169 2820 cutae
187 2773 287 2820 sunt
297 2775 504 2838 Regibus
525 2770 670 2837 magis
691 2773 813 2819 bello
831 2774 961 2826 festis,
977 2773 1116 2837 quam
1137 2773 1310 2837 alioqui
1328 2774 1602 2836 pacificandi
1623 2775 1821 2838 cupidis.

54 2837 272 2884 Hostibus
294 2838 436 2902 igitur
471 2837 810 2901 quiescentibus
839 2840 1076 2885 Robertus.
1102 2847 1378 2885 conventum
1412 2838 1596 2892 indicit,
1635 2854 1827 2888 omnem

53 2901 339 2950 nobilitatem
361 2903 664 2964 adeffejubet.
698 2904 757 2948 Et
774 2904 884 2965 quia
904 2901 1015 2949 belli
1038 2903 1241 2950 diuturni
1260 2902 1698 2966 viciffitudinesjura
1720 2905 1825 2967 po's-

55 2965 287 3013 sefiionum
309 2967 628 3021 confuderant,
667 2966 879 3028 imperat,
908 2984 956 3014 ut
972 2967 1041 3013 ibi
1062 2968 1252 3030 quisque
1278 2966 1493 3028 proferat,
1514 2984 1606 3031 quo
1621 2967 1726 3028 jure
1749 2969 1827 3016 sua
1873 2986 1877 2989 ’

55 3030 228 3092 praedia
248 3043 434 3078 teneret.
492 3033 671 3078 ldcum
693 3033 940 3086 veteribus,
965 3037 1006 3078 ἅτ
1029 3032 1158 3078 novis
1181 3031 1489 3094 possessoribus
1507 3032 1642 3092 juxta
1660 3034 1827 3080 moles-

56 3099 153 3150 t'um
175 3094 295 3147 esset,
320 3096 447 3158 quod
469 3095 553 3142 viri
578 3095 715 3143 fortes
747 3097 927 3158 optimo
955 3096 1056 3156 jure
1079 3096 1120 3143 se
1142 3096 1466 3143 arbitrarentur
1495 3097 1680 3152 habere,
1719 3115 1824 3161 quae

57 3160 191 3205 armis
214 3158 271 3204 de
294 3159 416 3207 hoste
439 3161 667 3221 caepiffent
692 3179 703 3207 ε
739 3161 952 3224 aegreque
971 3165 1142 3208 terrent
1168 3178 1260 3207 non
1280 3176 1431 3222 operae
1466 3162 1606 3208 modo
1629 3177 1825 3218 navatae,-

55 3219 128 3268 sed
149 3222 378 3286 sanguinis
403 3224 607 3285 precium
630 3225 676 3271 in
699 3238 812 3287 pace
833 3225 966 3287 eripi.
1018 3227 1208 3272 Veteres
1231 3240 1416 3287 quoque
1438 3226 1692 3286 poffefi’ores
1716 3242 1824 3273 cum

57 3286 181 3332 nulla
198 3304 314 3350 pene
335 3288 508 3348 domus-
523 3288 631 3336 belli
648 3289 777 3336 clade
798 3289 968 3336 intaeta
988 3288 1124 3345 foret,
1149 3305 1252 3336 cum
1272 3287 1611 3361 reliquis·bouis
1633 3290 1824 3337 etiamsi

55 3351 179 3411 quod
199 3349 415 3414 scriptum
437 3350 688 3400 habuerant
704 3354 761 3400 de
793 3354 895 3414 jure
913 3353 1209 3416 praediorum,
1232 3353 1283 3400 id
1305 3353 1599 3416 perdiderant
1624 3373 1635 3402 :
1668 3354 1826 3416 itaque

61 3415 295 3462 confilium
318 3415 464 3478 specie
484 3415 673 3478 quidem
703 3417 838 3474 forte,
862 3417 936 3465 sed
969 3432 1135 3465 eventu
1158 3419 1324 3472 audax,
1351 3423 1389 3465 δι
1411 3418 1702 3466 temerarium
1725 3419 1826 3466 ine-

107 3526 173 3588 (Ι)
197 3530 253 3580 ’Τ.
273 3545 326 3582 R.
366 3558 452 3582 cum
479 3544 612 3583 Iacobo
642 3523 831 3596 Duglaffio
853 3545 910 3584 di·
1018 3548 1160 3599 (2)For
1173 3549 1238 3586 the
1251 3557 1352 3595 great
1365 3548 1536 3585 numbers
1550 3547 1722 3596 ofpriests
1736 3547 1824 3588 ssaIn

61 3595 170 3640 versa,
189 3598 258 3634 &c.
287 3598 340 3635 ita
356 3599 554 3646 legendum
574 3598 697 3638 censet
710 3600 813 3639 cxaf.
865 3611 869 3614 ⁴
963 3600 1197 3654 there‚„with
1212 3601 1317 3655 'their
1333 3600 1483 3639 rockets
1500 3603 1569 3637 aud
1585 3600 1770 3650 surpliceS.

880 3679 918 3734 E
970 3694 997 3727 e
1728 3693 1827 3731 unt.
