2010 3851
381 165 674 231 Lim-:R
767 147 1552 228 Dnc1MusNoNUsss
1707 178 1836 243 5⁴75·

67 267 287 333 §sita‘non
309 264 448 319 modo
468 263 710 314 honorem,
746 262 796 311 δε
818 261 1152 315 auctoritatem,
1177 258 1249 306 sed
1271 257 1408 306 etiam
1438 262 1580 308 vitam
1603 257 1840 309 innocenti

78 333 260 395 pupillo
283 329 476 381 auferre,
516 324 598 371 nifi
638 324 755 371 forte
778 337 969 371 matrem
1002 325 1049 372 in
1080 324 1298 371 maritum
1320 339 1521 387 expertae
1542 325 1841 378 crudelitatis,

75 398 177 444 silio
198 394 453 446 inimicam,
477 388 616 435 exilio
636 388 941 451 exasperatam
964 406 1084 436 nunc
1105 386 1362 435 existiment
1378 387 1608 435 mitiorem
1637 391 1748 436 fore.

149 461 324 508 XLIII.
360 455 544 502 Deinde
565 453 766 500 recitatae
799 452 900 499 sunt
924 454 1070 500 literae
1104 452 1298 516 Reginae
1323 452 1488 508 exulis,
1528 453 1694 515 quibus
1716 466 1849 515 pete-

84 526 180 578 bat,
207 535 255 569 ut
270 519 449 582 judices
472 518 705 571 darentur,
724 518 883 580 quide
907 516 992 565 suis
1005 535 1121 565 cum
1148 517 1391 565 Bothuelio
1413 520 1585 566 nthllsss
1600 522 1821 580 cognosce
1836 545 1846 552 -

79 602 183 636 rent
208 604 219 633 ε
256 601 308 632 ac
332 584 361 630 si
388 585 458 645 (1)
480 594 851 644 compererentur
872 597 1031 629 contra
1052 581 1177 646 Iege&
1201 582 1348 636 faetae,
1371 595 1596 645 peterent,
1622 595 1670 627 ut
1696 599 1720 626 a
1762 581 1849 628 viri

69 652 299 716 ,potestate
321 649 464 695 libera
484 647 818 693 decerneretur.
888 647 978 692 Hae
1008 647 1152 694 literae
1173 646 1418 694 factionem
1442 647 1584 711 Regis
1607 647 1854 693 vehemen-

78 729 149 763 ter
170 713 483 766 offendebant,
505 712 636 774 quod
665 714 715 760 &
737 710 778 756 se
803 712 1032 772 Reginam
1050 712 1289 766 scribebat,
1327 715 1376 762 St
1393 712 1521 758 velut
1543 710 1732 757 subditis
1761 711 1847 756 irn-

78 792 275 843 peraret.
327 777 431 824 Nec
451 777 656 829 deerant,
697 774 777 836 qui
816 791 909 828 ea5‚
947 777 1071 837 quod
1095 778 1270 838 Regem
1294 774 1342 822 in
1363 776 1572 824 ordinem
1615 788 1851 839 cogerent,

78 861 134 891 ac
156 861 291 906 penes
314 843 545 904 Reginam
566 839 749 886 exulem
772 838 980 885 omnium
1003 856 1154 886 rerum
1180 841 1441 902 potestatem
1467 843 1725 894 statuerent,
1763 841 1852 886 fine

80 908 290 971 responso
310 906 645 970 praetereundas
667 905 751 950 esse
773 903 1086 952 decernerent.
1119 906 1185 952 Ea
1200 921 1298 966 pars
1318 906 1510 959 consilii,
1527 923 1666 969 quam
1688 911 1744 952 ei<
1760 906 1850 950 Re-

69 973 204 1036 ».ginae
227 971 418 1020 arbitrio
440 970 637 1034 pendere
656 968 875 1024 diximus,
907 971 1102 1016 multum
1126 969 1166 1016 se
1190 970 1344 1015 mirari
1365 971 1655 1025 simulabant,
1688 979 1723 999 ‘⁴
1754 986 1852 1022 cur,

79 1038 165 1100 qui
200 1038 258 1084 ab
280 1055 332 1084 ea
355 1049 592 1098 tantopere
613 1032 841 1097 superiore
875 1050 995 1080 anno
1017 1035 1365 1090 contendissent,
1403 1048 1452 1082 ut
1473 1035 1593 1082 suam
1630 1035 1806 1084 causam
1828 1051 1856 1080 a

81 1102 336 1150 Bothuelio
350 1101 590 1164 separaret,
613 1114 852 1151 nunccum
871 1098 920 1144 id
942 1099 1179 1145 offerretur
1195 1099 1508 1160 ultro,majore
1528 1100 1580 1147 id
1599 1101 1856 1148 studimini-

56 1167 295 1229 ·-pediunt,
319 1181 460 1228 quam
482 1177 616 1210 antea
639 1164 989 1224 postulaverant.
1057 1164 1199 1223 Quod
1224 1164 1254 1209 fi
1274 1164 1462 1210 verbum
1489 1181 1648 1219 unum,
1673 1171 1721 1215 ὃς
1744 1166 1860 1214 aite-

83 1248 186 1278 rum
210 1230 256 1276 in
281 1231 423 1277 literis
445 1243 521 1275 eos
544 1228 814 1279 offenderet,
845 1227 892 1274 id
916 1227 1080 1274 vitium
1104 1227 1238 1274 facile
1261 1229 1430 1292 corrigi
1451 1230 1573 1291 poffe
1600 1248 1611 1276 :
1644 1247 1726 1278 nec
1750 1234 1859 1280 dee-

74 1307 206 1350 sant,
228 1294 311 1358 qui
331 1293 605 1357 sponderent
645 1292 859 1354 (sinerent
883 1292 1022 1339 modo
1043 1292 1216 1338 interea
1250 1291 1437 1339 divortii
1463 1294 1638 1341 causam
1675 1298 1770 1357 agi)
1817 1299 1860 1345 se

84 1374 338 1414 curatur09‚
379 1371 428 1405 ut
451 1357 634 1423 Regina
667 1356 1056 1419 procurationem,
1098 1357 1265 1420 quibus
1288 1357 1460 1405 vellent
1488 1359 1639 1405 verbis
1662 1357 1861 1426 concep-

41 1440 43 1443 ’
85 1438 199 1479 tam,
240 1425 495 1473 mitteret.'’
562 1423 739 1469 Contra
759 1422 817 1467 ab
847 1420 1030 1467 adversa
1051 1435 1178 1483 parte
1212 1423 1590 1478 contendebatur,
1627 1434 1661 1453 ‘⁶
1685 1429 1861 1474 nuliam

87 1490 130 1536 se
152 1490 398 1551 derepente
420 1501 567 1535 ortam
592 1487 747 1533 videre
776 1497 913 1532 tantae
938 1485 1236 1534 festinationis
1259 1488 1453 1534 causam.
1522 1490 1774 1553 Sexaginta
1789 1493 1862 1539 ‹ii-

82 1571 133 1600 es
157 1556 240 1600 effe
261 1553 495 1618 legitimos
518 1552 576 1599 ad
594 1550 907 1603 Bothuelium,
930 1561 980 1597 ut
1002 1551 1083 1613 qui
1104 1563 1232 1598 extra
1255 1569 1445 1615 regnum
1470 1554 1590 1609 effet,
1615 1555 1664 1601 in
1682 1556 1755 1616 jus
1778 1575 1863 1604 vo·

86 1620 304 1665 candum.
373 1619 500 1664 Intra
520 1617 567 1663 id
591 1628 770 1678 tempus
791 1631 958 1661 novam
983 1616 1102 1677 posse
1124 1616 1247 1663 mitti
1273 1618 1658 1678 procurationem,
1678 1636 1763 1666 nec
1783 1623 1868 1668 de·

79 1683 194 1745 gbcre
214 1699 314 1728 eam
335 1698 509 1729 moram
525 1682 712 1744 longam
726 1678 942 1735 videri,ei
961 1680 1223 1741 praesertim,
1241 1697 1347 1744 quae
1367 1674 1554 1729 biefflhio
1573 1700 1665 1730 rem
1690 1696 1865 1733 tantam

89 1747 268 1794 silentio
291 1747 522 1800 transisset,
556 1761 607 1791 ac
630 1760 753 1795 nunc
775 1745 962 1791 demum
985 1761 1058 1791 eas
1083 1745 1285 1793 mitteret
1303 1746 1475 1802 literas,
1494 1765 1596 1809 quae
1619 1751 1865 1811 gratificari

89 1811 139 1860 in
161 1814 248 1859 hac
282 1811 412 1858 causa
433 1810 698 1856 volentibus
732 1807 1070 1872 impedimento
1105 1811 1190 1857 effe
1212 1812 1402 1873 possent,
1443 1814 1540 1875 quo
1564 1813 1714 1861 minus
1738 1816 1870 1862 obse-

84 1889 357 1939 querentur.
424 1875 472 1922 Si
495 1891 599 1922 vere
621 1874 871 1921 divortium
903 1886 1155 1936 expeteret,
1196 1875 1311 1922 nihil
1335 1875 1456 1922 fac’tu
1481 1876 1677 1925 facilius.
1746 1881 1870 1927 Scri·

83 1939 220 1989 beret
238 1942 294 1988 ad
312 1943 489 2003 Regem
506 1941 766 1993 Danorum„
783 1953 921 2002 atque
943 1952 1110 1994 oraret,
1139 1940 1248 1987 utin
1271 1941 1566 1988 Bothuelium
1585 1943 1746 2005 prioris
1770 1962 1870 1992 ma-

92 2007 169 2053 riti
186 2005 524 2053 interfectorem
538 2005 642 2066 jure
662 2003 1057 2051 animadverteret.
1084 2005 1152 2051 Eo
1166 2004 1370 2052 extincto
1385 2005 1540 2052 invitis
1559 2007 1772 2055 omnibus
1785 2011 1871 2057 ad-

95 2071 314 2126 versariis,
337 2085 541 2132 quocum
567 2069 704 2116 vellet
726 2068 1060 2131 eirpotestatem
1085 2069 1291 2117 nubendi
1315 2069 1427 2117 fore.
1497 2072 1552 2118 Id
1576 2073 1606 2118 si
1630 2072 1868 2131 abnueret,

93 2153 194 2183 eam
219 2152 311 2182 non
332 2151 391 2181 ex
413 2135 589 2189 animo,
624 2132 698 2180 sed
723 2134 928 2179 simulate
951 2135 1009 2179 de
1032 2134 1232 2181 divortio
1262 2151 1414 2198 agere,
1454 2149 1503 2182 ut
1525 2153 1630 2183 cum
1653 2138 1869 2200 proximo

92 2201 234 2247 etiam
257 2200 372 2254 viro,
407 2199 437 2245 fi
460 2198 535 2244 cui
560 2199 770 2253 nuberet,
803 2197 850 2244 in
874 2198 1049 2245 in-:erto
1073 2199 1369 2246 matrimonio
1389 2201 1509 2247 effet.
1578 2202 1686 2261 Ejus
1710 2204 1775 2250 rei
1800 2206 1872 2255 vel

94 2265 204 2312 hinc
229 2279 441 2327 magnam
461 2264 545 2309 effe
567 2262 875 2325 suspitionem,
899 2265 1028 2325 quod
1054 2264 1111 2310 de
1134 2263 1334 2311 divortio
1356 2265 1413 2312 ab
1434 2266 1498 2311 eis
1516 2265 1752 2326 judicibus
1775 2272 1872 2318 vel-

21 2328 28 2330 *
82 2330 160 2383 ⁴let
183 2327 492 2391 pronunciari,
513 2326 595 2389 qui
617 2327 794 2374 nullum
816 2328 1037 2374 statuendi
1052 2327 1127 2386 jus
1150 2329 1386 2377 haberent.
1455 2332 1596 2395 Qod
1619 2332 1741 2379 enim
1762 2337 1874 2383 Pro-

94 2394 194 2458 regi
212 2393 287 2456 jus
316 2393 365 2446 in
387 2395 543 2440 exules
566 2392 667 2446 esle,
693 2391 962 2454 quibuscum
988 2391 1107 2439 nihil
1128 2393 1292 2448 divini,
1318 2406 1396 2441 aut
1417 2393 1605 2443 humani
1628 2412 1874 2448 commune

95 2460 286 2506 haberet
309 2461 327 2504 ?
364 2457 462 2519 qui,
489 2456 570 2504 nisi
592 2472 649 2503 ex
670 2455 872 2518 ipsorum
897 2457 1131 2503 voluntate
1157 2459 1548 2520 pronunciaretur‚
1577 2462 1726 2508 staturi
1745 2466 1878 2526 judi-

95 2537 200 2572 cato
224 2539 317 2570 non
339 2523 478 2569 effent
501 2525 518 2568 ?
544 2537 621 2567 aut
645 2521 897 2583 quomodo,
927 2521 1009 2583 qui
1032 2521 1228 2583 suijuris
1252 2540 1342 2570 non
1366 2525 1522 2579 effent,
1547 2526 1698 2574 alieno
1716 2530 1809 2590 juri
1830 2530 1875 2577 se

97 2578 372 2649 subjicerent
392 2590 410 2633 ?
431 2599 567 2650 atque
587 2601 691 2631 cum
713 2584 833 2631 fraus
850 2585 1006 2646 aliqua
1022 2587 1204 2632 occulta
1223 2587 1388 2635 subesse
1409 2585 1636 2645 videatur,
1658 2606 1750 2640 non
1771 2612 1879 2657 pro-

99 2653 353 2716 perandum
387 2667 441 2698 ea
462 2652 518 2698 de
542 2667 589 2697 re
615 2648 864 2710 judicium.
935 2651 1022 2697 Sed
1049 2651 1276 2714 Reginam
1308 2653 1513 2718 Augure,
1549 2672 1654 2718 quae
1685 2675 1780 2706 rem
1804 2659 1878 2707 vel

98 2732 388 2780 promovere,
424 2716 494 2763 vel
517 2713 744 2776 impedire
770 2715 907 2775 posset
941 2716 1370 2777 praemonendam.''
1438 2720 1598 2766 Missus
1621 2720 1682 2766 est
1704 2722 1752 2770 in
1779 2726 1882 2770 An..

84 2826 87 2829 .
99 2782 242 2845 gliam
260 2779 443 2844 juvenis
465 2779 635 2827 nobilis
658 2795 714 2826 ex
732 2778 946 2844 Prorelgis
969 2778 1292 2840 familiaribuf,
1324 2782 1406 2847 qui
1428 2786 1527 2831 aeta
1549 2800 1801 2836 conventus
1823 2788 1884 2836 ad

99 2846 331 2910 Reginam
367 2845 608 2909 perferret.

166 2911 345 2958 XLIV.
376 2910 554 2961 Mirum
591 2909 767 2957 fortaffe
789 2907 1007 2971 cuiquam
1045 2908 1194 2958 videri
1225 2913 1386 2975 potest,
1426 2914 1554 2977 quod
1578 2915 1711 2964 rebus
1734 2916 1885 2964 maxi-

100 2973 190 3023 mis
213 2974 390 3024 minore
422 2973 751 3038 disceptatione
774 2974 1019 3029 transaais,
1053 2975 1110 3022 de
1132 2975 1335 3025 divortio
1357 2988 1484 3026 tanta
1514 2982 1812 3030 contentione
1833 2983 1887 3030 fit

93 3042 270 3088 «aetum.
325 3039 447 3102 =Ejus
469 3040 535 3087 rei
567 3038 700 3086 causa
719 3040 821 3086 haec
840 3052 950 3087 erat.
1013 3041 1248 3088 Hauartus
1281 3058 1385 3091 cum
1424 3044 1606 3108 Regina
1640 3048 1884 3094 Scotorum

101 3106 160 3152 de
181 3103 480 3152 matrimonio
499 3105 618 3151 clam
640 3120 724 3166 per
744 3103 916 3150 amicos
940 3105 1231 3169 transegerat.
1298 3107 1485 3155 Deinde
1507 3109 1615 3156 huic
1637 3112 1889 3174 conjurati-

102 3170 184 3216 oni
205 3169 351 3224 domi,
373 3169 584 3230 forisque
607 3178 746 3215 tantae
767 3168 887 3215 vires
908 3171 1195 3225 accesserant,
1222 3182 1271 3218 ut
1293 3173 1720 3236 vulgisermonibus
1745 3177 1887 3222 libere

98 3233 363 3294 jactaretur,
382 3233 570 3279 consilia
587 3232 646 3280 de
667 3231 875 3296 Regibus
893 3233 1116 3297 legitimis
1141 3236 1442 3292 trucidandis,
1477 3243 1517 3285 &
1537 3239 1702 3287 duobis
1728 3240 1883 3302 regnis

101 3295 385 3358 occupandis
406 3295 521 3343 inita
541 3295 628 3343 ess'e
643 3313 665 3342 ,ε
695 3296 814 3353 loca,
840 3310 1066 3361 tempora,
1098 3314 1150 3346 ac
1173 3312 1319 3348 totum
1344 3301 1410 3348 rei
1432 3304 1644 3367 gerendae
1666 3304 1881 3350 ordinem

101 3361 168 3408 ita
204 3359 489 3423 dispositum,
529 3371 581 3407 ut
601 3359 809 3408 adversus
831 3363 929 3410 vim
961 3362 1120 3410 omnia
1153 3366 1331 3428 provisa
1351 3368 1436 3413 effe
1477 3368 1756 3415 viderentur.
1826 3367 1888 3414 Id

103 3436 258 3483 autem
288 3423 616 3485 conjurationis
637 3423 805 3472 conscii
829 3441 974 3474 unum
995 3429 1212 3492 agebant,
1237 3446 1288 3476 ac
1309 3430 1606 3479 vehementer
1642 3431 1885 3494 urgebant,

101 3490 231 3552 quod
255 3488 549 3536 matrimonio
580 3504 753 3537 moram
778 3489 1023 3542 allaturum
1059 3493 1303 3546 videbatur
1325 3512 1338 3545 :
1374 3497 1497 3559 quod
1523 3497 1551 3543 fi
1570 3495 1885 3549 obtinuissent,

158 3616 226 3671 (t)
253 3595 331 3660 Α’ῚῚ.
350 3616 657 3669 comperiremur.
712 3647 714 3650 ,

1836 3696 1891 3725 oc
