2045 3857
555 172 901 240 121ssssss
987 166 1360 236 NONUS.
1501 198 1608 211 ··
1719 192 1846 256 253

87 297 190 333 rum
209 280 325 330 vires
347 275 573 337 frangere,
611 283 662 319 ut
682 271 731 320 in
755 272 924 320 multos
945 269 1043 334 post
1073 284 1215 316 annos
1237 269 1492 317 exercitum
1515 271 1735 321 conficere
1757 290 1853 322 non

87 346 277 410 possent.
327 341 554 404 Magnam
577 349 795 400 praetcrea
815 335 993 383 classem
1025 351 1130 382 cum
1153 334 1487 381 commeatibus
1512 336 1546 381 F
1549 337 1726 385 ortham
1749 337 1862 386 sub-

86 412 156 457 ire
176 407 308 469 jubet
342 421 354 451 :
401 401 528 465 quod
555 400 688 449 sciret
717 418 818 449 eam
843 399 1008 447 Scotiae
1031 411 1225 461 partem,
1269 414 1411 462 quam
1433 398 1705 461 ingressurus
1739 416 1856 459 erat,

86 471 217 520 bellis
236 466 466 516 continuis
490 483 572 529 per
590 466 759 514 multos
782 480 923 512 annos
946 463 1206 511 exhaustam
1231 482 1243 510 ε
1279 469 1338 519 &,
1364 463 1527 527 liquid
1548 463 1715 525 reliqui
1732 469 1855 521 esset,

80 534 253 584 incolas
275 531 325 578 id
345 531 393 578 in
422 530 634 595 regiones
657 530 887 594 proximas
910 540 1293 591 comportaturos.
1342 530 1535 575 Securus
1561 541 1780 591 praeterea
1800 531 1858 578 de

86 597 229 645 Gallo
247 608 359 650 erat,
380 613 520 658 quem
539 595 708 642 sciebat
729 592 933 640 hibernis
968 591 1308 654 tempestatibus
1327 591 1368 639 se
1387 609 1475 639 non
1499 593 1860 642 commissurum,

82 663 208 710 Cum
230 660 321 707 illis
343 660 489 722 copiis
510 657 710 706 Scotiam
730 657 949 721 ingressus
968 657 1085 703 nulli
1106 658 1228 711 loco,
1250 673 1398 718 neque
1417 658 1558 711 sacr0,
1581 673 1734 721 neque
1752 675 1862 720 pro.

80 725 207 781 fano,
233 725 346 772 nulli
371 722 569 777 homini,
594 722 678 785 qui
701 723 842 769 modo
866 719 1056 782 militari
1077 721 1184 767 effet
1206 732 1355 776 aetate,
1381 721 1612 782 parcebat.
1674 722 1861 775 ,Interea

81 792 277 839 Ioannes
299 788 591 843 Viennenfi8‚
621 786 704 850 qui
738 785 884 849 magis
907 784 1021 847 quid
1041 786 1144 831 Rex
1179 784 1278 831 suus
1318 785 1570 833 discedenti
1593 784 1859 845 mandasset,

83 854 231 918 quam
246 853 362 918 quid
376 856 620 901 Scotorum
643 868 710 899 res
734 851 987 914 poscerent,
1007 849 1295 904 meminisset,
1315 866 1420 898 cum
1440 849 1678 915 Duglaffio
1695 849 1863 900 affidue

76 920 273 983 agebat,
297 930 347 966 ut
370 917 532 982 praelio
554 917 834 964 decerneret.
886 916 971 962 Ille
991 929 1097 960 cum
1114 914 1229 976 saepe
1251 914 1563 977 respondisset,
1588 916 1748 963 Scotos
1767 933 1862 964 non

80 985 147 1031 ob
169 982 312 1031 animi
334 983 538 1046 aliquam
560 998 660 1046 erg·
691 981 857 1028 Gallos
880 979 1223 1035 alienationem,
1259 978 1333 1027 sed
1375 980 1437 1026 ob
1466 978 1750 1028 infirmitatis
1774 981 1863 1029 suae

6 1104 13 1111 „
80 1046 407 1096 conscientiam
430 1047 643 1109 praelium
665 1046 934 1099 detre&are‚
954 1060 1062 1091 eum
1084 1043 1268 1091 tandem
1287 1043 1337 1091 in
1358 1041 1514 1091 locum
1538 1046 1754 1102 arduum,
1779 1063 1863 1095 un-

15 3814 18 3857 1
49 3796 56 3803 ,

11 3675 15 3727 l

83 1113 143 1160 de
165 1124 266 1160 tuto
284 1111 505 1175 speculari
525 1111 671 1173 poffet
691 1109 886 1157 hostium
909 1126 1095 1174 agmen,
1115 1107 1347 1155 subduxit.
1401 1110 1474 1156 Ibi
1497 1111 1602 1157 cum
1626 1110 1770 1176 longo
1788 1127 1863 1162 ατ.

82 1177 194 1224 dine
215 1176 495 1224 transeuntes
520 1175 783 1238 Anglorum
805 1172 960 1235 copias
982 1173 1129 1219 oculis
1152 1174 1464 1236 perlustrasset,
1498 1174 1632 1222 facile
1653 1174 1703 1222 in
1725 1176 1864 1241 Dug-

83 1240 195 1288 laffii
218 1240 488 1288 sententiam
510 1238 759 1286 descendit.
829 1236 1099 1284 Proximum
1122 1238 1187 1283 eis
1210 1236 1359 1294 visum³
1378 1240 1455 1294 est,
1494 1253 1543 1286 ut
1563 1252 1656 1302 qua
1679 1239 1770 1288 sola
1790 1258 1867 1288 ras

81 1305 216 1353 tione
237 1305 354 1352 hosti
374 1320 539 1366 nocere
561 1305 752 1367 poffent,
776 1302 861 1366 ipsi
879 1318 964 1366 pro
991 1313 1197 1365 tempore
1221 1302 1441 1350 confeffls
1463 1304 1610 1366 copiis
1641 1305 1865 1369 Angliam

81 1370 611 1434 adorirentur.“1ngreffi
634 1366 923 1415 diverfiffimo
947 1365 974 1412 a
995 1367 1139 1431 Regis
1162 1367 1367 1414 exercitu
1384 1366 1547 1415 itinere
1571 1368 1862 1427 Cumbriam,

86 1434 390 1499 regionesque
409 1435 452 1481 ei
470 1435 752 1498 propinquas
775 1432 933 1496 longe,
959 1431 1143 1494 lateque
1165 1431 1463 1497 populantur.
1700 1475 1703 1476 ⁷

69 1551 78 1558 ,
153 1501 209 1558 L,
247 1499 391 1564 Angli
414 1498 644 1546 Lothiana
676 1497 894 1545 omnibus
927 1496 1058 1543 malis
1094 1497 1259 1543 afflicta
1297 1502 1423 1559 (nam
1447 1515 1505 1545 ne
1528 1500 1864 1551 commeatibus

87 1561 408 1621 desiderentur,
435 1579 527 1611 non
541 1563 774 1613 audebant
794 1561 978 1626 longius
998 1560 1024 1606 a
1041 1561 1118 1607 sua
1135 1562 1265 1609 claffe
1281 1561 1529 1623 discedere)
1552 1579 1657 1610 cum
1677 1564 1774 1625 jam
1793 1565 1867 1613 ina

87 1629 229 1676 stante
253 1628 404 1676 hieme
437 1628 496 1676 de
516 1628 670 1675 reditu
686 1626 1008 1680 consultarent,
1031 1639 1177 1687 erant,
1209 1627 1291 1690 qui
1314 1628 1555 1674 Scotorum
1575 1629 1773 1693 vestigiis
1793 1629 1869 1678 in-

88 1693 356 1753 sistendum,
374 1699 415 1741 δε
435 1693 483 1740 in
506 1692 657 1740 reditu
678 1693 736 1739 ad
760 1705 989 1739 certamen
1012 1690 1173 1745 velint,
1199 1693 1349 1740 nolint
1367 1692 1694 1754 pertrahendos
1717 1694 1868 1741 existi-

88 1770 282 1805 marent.
350 1757 547 1806 Viarum
566 1757 702 1821 periti
732 1773 789 1804 ex
810 1755 996 1803 adverso
1018 1757 1260 1803 ostendunt
1279 1755 1513 1831 itinerum-
1533 1775 1614 1820 per
1635 1758 1866 1821 palustria,

62 1824 65 1827 ’
87 1829 131 1870 &
156 1822 367 1875 montosa,
379 1821 716 1877 difficultatem,
753 1828 794 1869 &
827 1822 1098 1884 plaerunque
1121 1821 1363 1884 angustias,
1387 1824 1691 1886 omniumque
1712 1841 1867 1871 rerum

89 1900 268 1939 tantam
289 1887 515 1952 inopiam,
542 1899 594 1935 ut
613 1887 691 1934 vix
713 1886 925 1934 transitus
949 1886 1054 1933 effet
1076 1886 1251 1948 paucis,
1278 1892 1317 1933 δε
1340 1886 1586 1949 expeditis,
1610 1887 1693 1951 qui
1717 1888 1869 1936 secum

92 1965 377 1999 commeatus
395 1952 442 2000 in
463 1953 645 2016 aliquot
667 1953 807 1999 modo
829 1950 928 1997 dies
951 1962 1293 2014 comportarent
1318 1970 1329 1997 ε
1367 1951 1535 1997 deinde
1558 1952 1774 2016 superatis
1797 1954 1868 2016 vi7

87 2033 222 2063 arum
252 2016 600 2064 difficultatibus
634 2019 890 2080 proximam
915 2031 1020 2077 quae
1042 2031 1120 2061 eos
1154 2016 1388 2078 exciperet
1408 2016 1646 2080 regionem
1671 2033 1763 2064 non
1785 2019 1868 2066 ad·-

92 2081 286 2127 modum
303 2095 465 2128 natura
482 2081 699 2138 fertilem,
720 2087 761 2129 8c
780 2082 838 2128 ab
850 2080 1049 2127 hostibus
1072 2081 1287 2134 vastatam
1309 2099 1320 2126 :
1350 2087 1395 2129 *Sc
1417 2081 1496 2126 ubi
1519 2080 1588 2128 his
1609 2082 1739 2129 malis
1762 2100 1867 2146 per-

92 2144 240 2192 functi
267 2145 455 2201 fuerint,
490 2162 597 2200 cum
630 2146 754 2193 hoste
777 2144 884 2200 levi,
923 2150 964 2191 δε
1000 2144 1311 2208 procursatore
1333 2161 1430 2191 rem
1462 2145 1684 2201 futuram,
1726 2164 1869 2211 quem

67 2251 70 2253 ,
91 2208 323 2256 difficilius
346 2212 452 2258 esset
471 2209 698 2266 invenire,
721 2209 880 2274 quam,
907 2208 939 2255 fi
961 2208 1121 2271 praelio
1139 2209 1181 2256 se
1201 2209 1478 2264 committat,
1501 2210 1689 2257 vincere
1718 2230 1729 2258 :
1762 2212 1869 2275 qui-

86 2290 182 2337 que
203 2274 434 2331 inventus‚
461 2275 542 2322 nisi
564 2275 650 2322 suis
673 2276 786 2322 locis
806 2274 912 2339 cogi
935 2273 993 2320 ad
1011 2274 1315 2338 pugnandum
1335 2291 1426 2320 non
1447 2274 1605 2338 poss'et.
1672 2276 1781 2338 Ejus
1800 2277 1871 2330 rei

84 2337 348 2402 periculum
367 2339 425 2386 ab
446 2340 663 2390 Eduardo
681 2339 817 2388 tertio
835 2340 930 2401 ejus
949 2354 1035 2385 avo
1054 2338 1224 2386 fastum
1241 2353 1347 2386 cum
1369 2339 1631 2404 Anglorum
1645 2340 1866 2398 maximo,

91 2403 223 2451 nullo
247 2405 489 2451 Scotorum
511 2405 824 2452 incommodo.
897 2403 986 2451 His
1010 2404 1196 2459 auditis,
1223 2409 1270 2454 δε
1293 2406 1502 2452 omnium
1526 2405 1681 2454 animo
1702 2407 1869 2454 obver-

34 2514 37 2515 7
61 2467 69 2531 J
91 2466 294 2519 santibus
312 2467 431 2524 aliis,
456 2485 562 2535 quae
583 2469 672 2517 fert
693 2469 840 2516 hiems
862 2467 911 2515 in
933 2468 1028 2514 solo
1053 2467 1226 2532 frigido
1250 2469 1400 2523 malis,
1439 2475 1479 2516 &
1502 2469 1738 2526 subeunte,
1762 2488 1869 2535 quae

93 2530 265 2595 cuique
287 2533 417 2580 domi
437 2534 540 2581 sunt
557 2549 662 2582 cara
681 2534 930 2598 pignorum
953 2534 1178 2580 memoria
1195 2533 1329 2581 facile
1351 2534 1408 2582 de
1427 2533 1648 2582 sententia
1665 2535 1868 2584 discesse-

64 2597 70 2663 J
94 2609 203 2643 runt
224 2616 234 2644 :
272 2603 314 2645 δε
340 2615 433 2662 qua
459 2602 696 2654 venerant,
721 2600 842 2648 recia
863 2598 1026 2645 domos
1051 2612 1266 2662 pergunt.
1341 2601 1413 2646 Ita
1442 2600 1625 2663 utrique
1650 2601 1793 2649 libere
1816 2602 1867 2649 in

90 2660 275 2718 hostico,
287 2663 480 2725 praedati
499 2663 718 2727 nusquam
742 2663 865 2710 hoste
886 2662 1127 2726 conspesto
1150 2664 1208 2710 ad
1225 2664 1301 2711 sua
1319 2663 1419 2711 sum
1441 2666 1618 2712 reversi.

156 2725 239 2772 LI.
278 2726 402 2774 Scoti
425 2744 530 2775 cum
555 2745 640 2791 pro
663 2741 789 2776 certo
827 2728 1050 2774 haberent
1074 2729 1254 2792 Anglos
1281 2729 1415 2793 usque
1439 2731 1495 2776 ad
1520 2731 1782 2793 proximam
1805 2748 1866 2777 ae-

91 2788 249 2837 statem
275 2790 324 2837 in
344 2791 688 2855 expeditionem
711 2809 805 2840 non
827 2792 1090 2856 prodituros
1119 2794 1408 2857 Rosburgum
1430 2795 1624 2859 aggredi
1654 2795 1869 2844 decreve-

94 2867 217 2910 runt,
252 2855 481 2918 oppidum
502 2857 836 2921 propinquum,
861 2861 912 2908 &
933 2857 1074 2920 longe
1101 2858 1325 2920 proximis
1353 2860 1619 2922 regionibus
1648 2859 1869 2908 infestiffi-

80 2932 238 2975 nium.
303 2921 374 2967 Εὸ
396 2936 503 2968 cum
525 2922 786 2985 frequentes
809 2923 1135 2978 convenissent,
1171 2923 1229 2969 de
1261 2924 1435 2987 oppido
1459 2925 1665 2972 nondum
1687 2941 1868 2990 expug-

95 2994 205 3027 nato
225 2981 454 3031 diffidi-um
475 2985 596 3033 i'nter
613 2988 791 3041 Scotos,
815 2991 856 3033 δε
878 2988 1075 3034 Francos
1093 2988 1154 3033 est
1171 3000 1341 3035 ortum.
1393 2989 1523 3035 Galli
1547 2989 1669 3041 enim
1695 3006 1799 3037 cum
1818 2993 1867 3038 in

62 3050 69 3113 ἰ
92 3047 521 3109 oppugnationibus
546 3051 730 3098 urbium
753 3050 900 3098 Scotis
922 3052 1061 3098 essent
1081 3068 1139 3098 ex
1162 3053 1309 3106 multo
1338 3052 1417 3099 usu
1441 3053 1668 3101 bellorum
1689 3054 1870 3103 domes-

64 3109 292 3177 *tic'orum
315 3112 571 3173 peritiore5‚
613 3115 894 3179 magnosque
917 3115 1121 3178 sumptus
1156 3117 1202 3162 in
1235 3117 1284 3164 id
1316 3118 1490 3164 bellum
1525 3119 1864 3182 impendissent,

91 3173 337 3237 oppidum,
361 3176 392 3221 fi
415 3190 671 3240 caperetur,
698 3197 882 3243 aequum
907 3181 1149 3227 censebant
1188 3181 1253 3227 sui
1278 3181 1410 3243 juris,
1439 3189 1478 3228 Sc
1503 3182 1704 3230 Gallicae
1727 3183 1866 3232 ditio·

91 3237 166 3284 nis.
190 3239 293 3286 effe.
319 3240 444 3287 Scoti
463 3256 621 3289 contra
641 3243 854 3307 iniquum
873 3245 957 3291 effe
972 3246 1330 3300 contendebant,
1355 3260 1404 3293 ut
1421 3247 1673 3310 praemium'
1688 3247 1867 3294 univer—

94 3300 146 3359 siss’
177 3303 256 3349 elli
278 3320 417 3366 penes
441 3306 702 3354 auxiliarios
725 3310 831 3355 effet
853 3326 863 3355 :
897 3325 1014 3371 quos
1038 3324 1192 3356 autem
1216 3311 1418 3373 sumptus
1444 3311 1654 3367 fecerint,
1679 3328 1753 3359 eos
1773 3328 1867 3359 non

44 3362 145 3423 ,’3
173 3366 261 3422 “tis,
302 3367 376 3415 sed
399 3368 480 3416 fibi
503 3370 698 3418 Gallum
731 3372 1017 3435 impendisse,
1059 3387 1108 3421 ut
1136 3374 1334 3422 hostium
1372 3376 1488 3423 vires
1512 3376 1791 3430 distraheret,
1824 3381 1867 3423 δε

72 3425 268 3503 ’Ῥεῖ-τεῳ
294 3432 404 3480 belli
426 3448 649 3481 averteret
672 3434 698 3481 a
722 3437 879 3483 Gallia
903 3456 914 3484 ε
951 3440 1081 3500 quod
1104 3440 1133 3486 fi
1159 3440 1217 3486 ad
1240 3440 1439 3486 calculos
1464 3442 1663 3503 placeret
1681 3455 1869 3487 revoca·

93 3506 142 3540 re
162 3509 414 3544 amicorum
436 3498 762 3559 officiajustius
787 3500 945 3548 Scotos
969 3503 996 3548 a
1019 3503 1172 3555 Gallis
1194 3504 1334 3552 totius
1362 3505 1471 3550 belli
1492 3504 1715 3566 impensas
1746 3504 1870 3565 posse

67 3619 69 3621 Ι
97 3570 317 3617 repetere,
342 3561 482 3624 quam
501 3580 578 3610 eos
598 3563 758 3610 auxilii
772 3564 853 3612 lati
871 3568 1060 3627 praemia
1077 3569 1318 3631 postulare,
1345 3584 1396 3614 ac
1417 3567 1637 3628 ejusmodi
1659 3568 1864 3629 praemia,

65 3682 70 3686 ,
95 3633 200 3686 quae
221 3625 349 3672 nulla
370 3628 592 3676 memoria
613 3629 686 3677 vel
709 3629 830 3685 data,
856 3633 928 3677 vel
951 3631 1096 3693 petita
1114 3634 1172 3680 ab
1194 3633 1354 3680 amicis
1378 3636 1451 3679 vel
1471 3631 1769 3689 audierimuS,
1792 3637 1870 3682 vel

1809 3699 1879 3746 Ie.
