2010 3851
476 164 803 230 LIBER
876 160 1500 226 VIGES'IMUS.
1741 170 1865 248 613

111 265 329 313 Poterant
360 263 547 326 quidem
570 276 729 307 omnes
764 259 907 306 hostes
930 259 1090 312 deleri,
1122 260 1152 306 fi
1174 257 1402 320 equitatus
1436 259 1643 316 affuisset,
1678 255 1879 324 quitum

112 327 340 391 fugientes
362 328 634 390 sequeretur.
705 325 794 371 Sed
814 324 1010 371 latrones
1033 322 1268 370 Teviotici
1286 321 1335 372 in
1357 322 1509 385 primo
1531 324 1724 388 ingressu
1743 328 1880 389 oppi-

111 393 161 439 di
184 410 325 455 equos
347 407 504 438 omnes
523 389 824 452 diripuerant.
882 388 938 435 Id
959 388 1024 435 eis
1046 387 1176 451 saluti
1198 387 1302 435 fuit.
1333 390 1404 436 Ex
1428 400 1618 450 utraque
1642 402 1764 452 parte
1783 391 1879 438 fere

112 475 195 519 par
218 457 433 503 caesorum
457 470 672 500 numerus
698 472 709 500 ε
735 454 760 500 ὲ
784 453 941 517 Regiis
964 469 1103 500 nemo
1122 452 1330 516 captivus
1351 453 1412 500 est
1433 451 1673 499 abductus.
1726 457 1794 501 Ex
1813 456 1879 502 al·
1938 457 1945 464 '

112 535 207 567 tera
226 520 421 566 faitione
442 519 594 572 multi,
613 534 810 581 quorum
825 517 1045 581 plaerique
1062 518 1230 581 praedae
1245 518 1411 566 intenti
1429 516 1548 574 intra
1570 517 1748 573 domos,
1769 537 1880 583 quas

111 584 389 645 diripiebant
409 583 673 644 deprehensi
698 582 895 629 fuerunt.

175 649 327 695 LXII.
364 649 530 697 Prorex
553 664 607 693 eo
634 646 709 695 die
731 662 788 692 ex
817 648 1005 693 vulnere
1023 647 1217 695 deceffit.
1279 646 1497 711 Exequiis
1522 657 1572 693 ut
1604 646 1653 694 in
1677 659 1884 711 tempore
1895 654 1907 675 ‘⁸

112 724 206 759 tam
231 712 495 763 turbulento
530 711 696 774 raptim
720 710 865 766 factis,
904 727 1160 773 procerum,
1197 712 1278 775 qui
1299 713 1486 760 aderant
1508 712 1564 757 ad
1588 712 1884 761 'successorem

111 774 357 825 creandum
382 788 710 824 convenerunt.
778 775 853 824 Illi
879 774 902 821 ὲ
926 775 1002 821 suo
1025 793 1214 823 numero
1244 778 1499 840 selegerunt
1520 789 1626 830 treS‚
1662 777 1890 840 quijure-

106 841 305 902 jurando
327 841 452 906 prius
485 840 633 887 adacti
655 839 695 886 se
718 839 970 898 nobilitatis
991 839 1212 903 suffragiis
1236 841 1477 903 parituros,
1511 843 1635 888 velut
1651 843 1888 896 candidati

112 906 406 955 comitiorum
426 907 612 952 eventui
637 905 1023 967 permitterentur.
1096 905 1157 953 Hi
1182 919 1310 953 erant
1333 905 1593 968 Gilespicus
1615 907 1887 958 Cambellus

114 971 417 1035 Argatheliae,
443 971 634 1016 Iacobus
657 968 919 1032 Duglasfius
942 968 1186 1024 Mortonii,
1212 973 1404 1018 Ioannes
1427 971 1673 1018 Areikinus
1696 973 1886 1022 Marriae

115 1036 341 1083 Comites,
410 1035 637 1082 Omnium
662 1034 873 1098 suffragia
893 1034 940 1080 in
965 1035 1235 1084 Aresszinum
1258 1035 1553 1083 inclinarunt.
1587 1038 1631 1083 Is
1654 1036 1770 1083 nihil
1793 1040 1890 1101 pri-

115 1116 167 1145 us
190 1102 330 1162 quam
352 1099 410 1146 de
431 1101 745 1163 oppugnando
757 1099 1048 1162 Edimburgo
1071 1099 1246 1162 egit,ad
1259 1117 1395 1162 quam
1417 1117 1512 1147 rem
1531 1101 1753 1148 exercitus
1777 1101 1889 1152 asu.

110 1165 290 1229 periore
324 1166 521 1228 Prorege
543 1164 689 1212 fuerat
721 1163 918 1210 indictus
940 1163 986 1210 in
1024 1164 1251 1210 Calendas
1283 1165 1517 1219 OCtobris,
1551 1166 1627 1212 sed
1650 1168 1890 1229 repentina

113 1245 269 1276 rerum
305 1228 588 1292 perturbatio
621 1228 793 1283 effecit,
828 1241 878 1275 ut
911 1228 947 1274 is
970 1227 1067 1274 dies
1101 1243 1428 1292 prorogaretur
1456 1229 1506 1276 in
1540 1231 1649 1277 Idus
1685 1233 1888 1292 ejusdem

114 1295 294 1344 mensis.
320 1295 386 1340 Ea
406 1310 475 1339 res
498 1310 715 1357 magnum
740 1293 892 1339 attulit
915 1294 1046 1339 rebus
1070 1295 1282 1356 gerendis
1304 1294 1687 1355 impedimentum
1714 1315 1725 1342 ε
1760 1299 1890 1360 quod.

113 1359 382 1421 oppidanis,
404 1359 485 1422 qui
503 1359 599 1405 dies
622 1357 861 1421 no&esque
884 1358 930 1404 in
953 1375 1091 1420 opere
1113 1369 1257 1413 erant,
1281 1358 1474 1422 spatium
1507 1360 1565 1406 ad
1583 1361 1890 1411 muniendum

116 1426 177 1469 est
201 1424 358 1470 datum
385 1441 397 1470 ι
432 1430 471 1471 &
490 1423 637 1470 hiems
658 1435 945 1486 praematura,
965 1423 1513 1486 noitesquelongioresssc
1529 1425 1654 1481 coeli,
1679 1441 1728 1475 ut
1749 1427 1796 1473 in
1817 1428 1888 1475 lo·
1959 1441 1963 1443 ’

114 1487 178 1533 cis
202 1488 401 1551 frigidis,
426 1488 795 1551 intemperantia,
821 1493 860 1534 &
883 1487 1114 1534 difficilior
1153 1503 1498 1537 commeatuum
1535 1491 1812 1553 apportatio,
1847 1492 1905 1541 &⁸

116 1566 360 1616 apparatus
384 1553 537 1599 bellici
561 1553 765 1616 angustia
784 1552 1049 1607 effecerunt,
1077 1564 1125 1599 ut
1145 1569 1191 1598 re
1213 1553 1382 1603 infecta
1402 1553 1725 1604 discederetur.

182 1619 359 1665 LXIII.
394 1617 618 1665 Proximis
651 1616 830 1679 aliquot
864 1618 1090 1664 mensibus
1132 1630 1352 1664 certatum
1393 1619 1453 1667 est
1475 1620 1816 1669 excursionibus
1839 1622 1889 1672 in

117 1683 325 1728 neutram
349 1683 443 1729 fere
464 1694 640 1746 partem
678 1698 773 1728 rem
797 1680 1144 1728 inclinantibus.
1210 1682 1473 1746 Prospefitus
1489 1685 1609 1733 enim
1633 1700 1692 1732 ex
1712 1701 1813 1733 arce
1831 1687 1890 1733 li-

116 1746 198 1793 ber
218 1752 266 1793 in
291 1763 449 1793 ornnes
473 1760 618 1810 partes
642 1746 883 1801 efficiebat,
907 1763 963 1793 ne
986 1746 1179 1794 rebelles
1198 1748 1272 1794 vel
1295 1749 1353 1797 ad
1391 1765 1550 1796 manus
1572 1750 1796 1806 venirent,
1816 1752 1893 1800 vel

116 1811 460 1874 praecipitarent
481 1813 527 1858 in
550 1811 750 1858 infidias.
818 1812 963 1875 Signo
986 1812 1108 1858 enim
1131 1812 1156 1858 ὲ
1176 1811 1479 1874 superioribus
1494 1813 1606 1861 locis
1628 1815 1756 1862 edito
1777 1815 1894 1863 faci-

116 1879 161 1924 le
179 1877 559 1932 admonebantur,
586 1891 634 1923 ut
655 1876 696 1924 se
717 1875 973 1939 reciperent
991 1894 1037 1923 in
1063 1889 1284 1938 tempore.
1319 1878 1470 1925 Semel
1494 1893 1644 1927 tamen
1666 1896 1770 1927 cum
1790 1897 1893 1928 orn-

117 1957 196 1991 nes
218 1942 413 2004 equites,
441 1959 493 1988 ac
516 1941 690 2005 pedites
709 1958 766 1987 ex
783 1941 959 2004 oppido
999 1941 1040 1989 se
1061 1941 1304 2002 ejecissent,
1331 1956 1379 1989 ut
1400 1959 1570 2005 paucos
1595 1944 1620 1991 ὲ
1637 1945 1796 2009 Regiis
1819 1946 1893 1993 in-

116 2008 411 2068 terciperent,
433 2022 486 2052 ac
506 2006 672 2056 acriter
694 2006 1007 2054 simulantibus
1043 2006 1203 2070 fugam
1227 2008 1439 2057 instarent
1460 2009 1518 2055 ad
1543 2008 1712 2055 vexilla
1729 2011 1895 2057 cohor-

119 2072 232 2119 tium
258 2071 283 2116 e
308 2073 423 2119 valle
446 2072 706 2138 propinqua
723 2070 1055 2137 emergentium
1079 2074 1138 2117 ab
1158 2071 1274 2117 arcis
1311 2073 1517 2134 praefidio
1551 2073 1790 2136 conspeeta
1810 2076 1895 2122 sta-

120 2135 202 2181 tim
227 2137 403 2199 signum
422 2137 627 2198 receptui
649 2137 709 2182 est
730 2137 904 2186 clatum.
972 2137 1135 2199 Itaque
1157 2137 1349 2184 rebelles
1381 2151 1625 2200 antequam
1649 2140 1707 2185 ad
1741 2139 1895 2186 infidi..

119 2217 247 2248 arum
263 2204 416 2263 locum
441 2202 578 2248 effent
601 2203 709 2262 perd
720 2202 825 2255 usti,
851 2201 891 2247 se
914 2202 1092 2262 trepide
1122 2200 1325 2264 recipere
1347 2216 1586 2264 coeperunt
1610 2221 1621 2250 ε
1655 2220 1801 2267 eoque
1821 2205 1895 2250 fu..

121 2282 182 2328 ga
204 2267 509 2328 perturbatior
542 2265 649 2321 fuit,
673 2267 802 2328 quod
820 2282 1082 2329 quanquam
1106 2265 1307 2313 instantis
1327 2267 1521 2330 periculi
1537 2280 1666 2315 erant
1681 2270 1896 2316 admoni-

121 2331 175 2384 ti,
213 2344 363 2377 tamen
390 2347 474 2378 nec
496 2331 632 2384 unde,
648 2346 730 2376 nec
753 2342 975 2393 quantum
995 2330 1043 2377 id
1065 2332 1187 2385 esset,
1223 2331 1432 2395 suspicari
1455 2344 1679 2395 poterant.
1747 2332 1895 2396 Equi-

122 2407 188 2442 tes
206 2411 360 2458 pauci,
384 2396 465 2458 qui
488 2409 592 2442 ante
611 2395 769 2458 fugam
794 2395 1128 2450 simulaverant,
1148 2411 1307 2443 eorum
1330 2409 1460 2461 tergo
1482 2397 1597 2444 adeo
1618 2398 1893 2455 institerunt,

121 2472 172 2506 ut
207 2461 561 2523 peditessolutis
585 2459 821 2507 ordinibus
843 2471 936 2522 q'ua
956 2461 1146 2524 quisque
1167 2461 1375 2524 proxime
1410 2474 1606 2524 poterat,
1632 2464 1790 2511 urbem
1814 2481 1896 2527 pe-

125 2538 288 2572 terent.
356 2526 499 2572 Multi
518 2525 761 2579 vulnerati,
787 2528 836 2573 ὃς
859 2529 998 2590 capti.
1047 2527 1104 2573 ln
1125 2525 1181 2573 iis
1211 2542 1268 2572 ex
1290 2527 1515 2589 praefectis
1530 2528 1807 2586 cohortium,
1843 2532 1897 2579 «Sc

124 2589 348 2654 signiferis
370 2591 566 2654 aliquot.

188 2656 365 2702 LXIV.
398 2656 529 2701 Dum
551 2657 648 2719 post
670 2656 768 2703 haec
790 2673 858 2703 res
882 2661 936 2706 ad
963 2656 1120 2704 urbem
1145 2656 1314 2705 lentius
1334 2656 1525 2722 geritur,
1560 2656 1607 2704 in
1630 2656 1896 2723 regionibus

123 2719 181 2765 ad
203 2720 554 2783 septentrionem
600 2723 734 2768 versis
774 2723 924 2769 clades
963 2721 1051 2768 hac
1094 2721 1291 2769 maxime
1333 2724 1568 2770 occasione
1605 2735 1792 2785 accepta
1817 2725 1894 2770 est.

127 2789 172 2844 (1
185 2785 322 2845 >Duae
343 2789 472 2834 erant
494 2784 542 2831 in
555 2785 638 2833 illo
654 2789 797 2833 tractu
812 2786 998 2834 familiae
1017 2785 1191 2834 summa
1204 2789 1472 2850 potentia,&
1488 2788 1754 2840 auctoritate
1770 2788 1896 2834 Gor-

124 2852 394 2904 domorum,
426 2855 466 2896 &
490 2851 524 2900 F
528 2852 827 2899 orbofiorum.
895 2853 983 2900 Sed
1006 2865 1111 2899 cum
1136 2852 1369 2899 Gordonii
1390 2852 1563 2899 summa
1583 2854 1703 2900 inter
1724 2851 1764 2899 se
1787 2869 1897 2900 con-

180 2981 244 3030 (1)
265 2981 426 3020 Forbefii
440 2981 583 3024 sedibus
596 2982 753 3020 immisti
771 2983 989 3030 Gordoniis,

127 3047 340 3084 quanquam
358 3049 433 3074 non
452 3036 535 3073 satis
566 3044 778 3084 concordes,
796 3038 842 3074 sic
863 3047 992 3074 tamen

123 3088 379 3137 frequentibus
389 3086 568 3139 conj'ugiis
579 3090 742 3128 invicem
751 3092 987 3141 juncti,quod

125 3141 201 3179 huc
220 3143 330 3192 usque
347 3146 469 3187 durat,
497 3152 540 3179 ut
557 3146 697 3179 mirum
718 3145 759 3180 sit
777 3145 844 3181 has
863 3144 987 3181 affini-

128 3203 222 3233 tates
251 3209 326 3232 non
344 3196 498 3245 potuiss‘e
526 3196 625 3253 feros
641 3197 785 3234 animos
815 3199 988 3246 utrinque

127 3249 280 3288 mollire
297 3262 310 3296 3
329 3262 415 3286 curn
430 3248 543 3285 armis
560 3262 690 3286 omnes
707 3251 832 3288 caeteri
849 3251 985 3288 harum

126 3301 322 3349 regionum
341 3302 475 3339 incolae
488 3302 566 3338 illis
585 3302 725 3343 duabus
752 3304 909 3342 familiis
928 3304 985 3341 ta-

126 3355 199 3392 cile
218 3358 364 3392 cedunt.
411 3355 465 3391 Hi
482 3357 781 3394 cumHuntilaeo
797 3371 861 3408 pro
880 3359 986 3395 Iaco-

126 3408 173 3445 bo
193 3407 348 3446 secundo
369 3421 453 3456 rege
471 3410 548 3444 acie
566 3410 610 3444 ad
628 3409 895 3448 Berethinium
914 3413 984 3449 ste-

127 3469 267 3507 terant,
297 3463 391 3509 agris
409 3465 445 3498 &
475 3460 685 3499 latifundiis
715 3465 758 3500 ab
779 3477 824 3502 eo
840 3465 982 3502 donati.

130 3517 201 3560 At,
232 3515 459 3552 variantibus
484 3525 697 3564 temporum
726 3517 883 3564 vicibus,
921 3519 984 3556 his

126 3579 225 3606 nunc
240 3569 411 3607 civilibus
428 3569 532 3612 bellis
545 3580 643 3607 acres
656 3567 870 3611 inimicitiae
895 3584 983 3609 cum

1044 2983 1241 3021 Huntilaeo
1262 2982 1539 3021 intercedebant
1560 2999 1571 3033 3
1603 2997 1758 3035 quarum
1778 2983 1898 3031 causas

1045 3038 1181 3074 referre
1205 3038 1360 3085 longum
1380 3039 1430 3074 cst
1448 3052 1459 3086 3
1489 3041 1540 3084 ec,
1560 3051 1770 3087 quanquam
1799 3037 1897 3074 mihi

1042 3089 1152 3140 probe
1171 3092 1344 3138 cognitae,
1360 3090 1518 3128 instituti
1536 3092 1612 3129 mei
1633 3092 1726 3128 ratio
1744 3105 1816 3128 non
1837 3103 1896 3127 me

1042 3144 1181 3194 patitur
1202 3144 1241 3180 in
1259 3144 1327 3181 illa
1356 3143 1562 3194 exspatiari.
1621 3143 1721 3181 Cum
1740 3145 1800 3181 hae
1821 3143 1895 3180 ini-

1042 3197 1199 3237 micitiae
1217 3197 1367 3246 Proregi
1385 3198 1530 3235 Martio
1549 3198 1632 3236 satis
1662 3199 1820 3246 cognitae
1840 3197 1895 3232 es-

1040 3251 1132 3298 sent,
1154 3250 1307 3289 -suscitat
1334 3264 1394 3288 eos
1411 3261 1539 3289 contra
1569 3252 1820 3293 Huntilaeum,
1851 3250 1895 3286 ad

1040 3304 1289 3343 distrahendas
1313 3305 1390 3354 ejus
1408 3305 1516 3350 vires,
1549 3318 1658 3355 quem
1678 3305 1759 3341 satis
1787 3299 1894 3339 ndrat

1043 3359 1149 3395 rebus
1169 3357 1240 3395 suis
1270 3359 1371 3396 domi
1389 3359 1591 3408 prospicere
1621 3356 1804 3394 necessum
1824 3354 1894 3391 ha-

1040 3412 1169 3450 bere.“
1224 3411 1412 3449 Robertus
1433 3412 1645 3449 Gordonius
1669 3424 1686 3445 a
1708 3406 1892 3453 straloch,

1039 3468 1083 3502 de
1101 3465 1243 3514 origine
1265 3468 1300 3502 δε
1325 3466 1504 3515 progressu
1527 3464 1683 3501 familiae
1705 3461 1896 3500 Gordoni-

1038 3532 1147 3557 orum
1165 3523 1208 3556 de
1226 3518 1400 3557 Huntlie.
1419 3519 1481 3557 M.
1511 3518 1549 3556 S.

1801 3665 1902 3697 COl'·
