2091 3796
198 125 322 195 126
499 124 866 193 RERUM
957 123 1647 198 SCOTICARUM

189 227 351 273 eadem
375 229 583 286 tempora
607 240 688 286 per
721 235 865 271 totam
900 224 1132 284 Europam
1154 222 1287 285 pestis
1307 238 1537 286 xquantam
1574 209 1807 291 nunquam
1834 220 2006 282 faint-s

192 289 387 337 seniores
411 288 727 336 meminerant.
747 318 750 320 -
772 287 867 334 Soli
890 287 947 333 ab
970 304 1021 332 ea
1042 286 1269 333 immunes
1293 289 1435 345 Scoti,
1460 297 1499 338 &
1519 291 1633 338 Piffi
1658 292 1785 341 fuiffe
1803 295 1964 343 dicun·—

192 366 282 401 tur.
345 352 431 399 -Ob
451 352 714 415 frequentes
735 351 948 413 utrinque
969 350 1119 396 illatas
1143 350 1349 411 injurias,
1373 355 1638 419 praedasque
1660 359 1840 406 abastas
1861 370 1969 407 cum

184 435 261 466 ‘res
296 417 577 480 inapertum
603 418 775 463 bellum
798 428 1016 476 eruptura
1035 415 1285 471 videretur,-
1307 416 1554 465 inter-venit
1585 422 1820 470 Malduini
1847 434 1968 473 mors

189 483 428 546 postquam
449 483 669 546 regnasset
688 496 827 528 annos
847 478 1033 543 viginti.
1104 480 1254 535 Uxor,
1278 497 1381 542 quae
1401 482 1462 528 ob
1481 483 1770 546 suspitionem
1789 490 1848 537 de
1868 490 1968 553 pel.

190 548 280 595 lice
293 564 408 594 ·eum
431 548 786 611 strangulaverat
806 559 970 607 quarto
987 546 1085 607 post
1108 545 1182 591 die
1203 546 1310 592 viva
1328 559 1529 594 cremata
1550 549 1626 596 est.
1708 560 1712 564 '

255 688 434 735 XLIII.
475 687 573 733 RE
595 685 844 732 GNUM
883 697 1035 731 autem
1069 683 1177 732 iniit
1214 686 1450 748 Eugenius
1483 686 1689 751 quintus,
1725 689 1971 756 Dongardi

195 755 268 815 (ι)
290 752 432 816 Regis
456 751 590 798 filius.
658 751 776 796 Eum
801 748 1023 813 ngridus
1046 749 1396 797 Northumbriae
1419 753 1539 808 Rex,
1567 757 1690 815 (cum
1723 772 1817 818 quo
1835 755 1972 804 ¹'sum'-

192 831 387 881 mopere
423 816 684 880 pacificare.
709 814 1038 874 contendebat)
1064 830 1169 860 eum
1194 815 1412 870 simulatis
1433 815 1634 864 induciis
1657 820 1812 867 fallere
1831 837 1971 869 cona-

190 896 334 938 retur,
356 881 456 945 pari
479 894 573 927 arte
607 879 699 941 ipse
718 879 983 941 petituszest.
1049 879 1259 941 Uterque
1275 879 1401 926 enim
1423 897 1583 943 pacem
1607 885 1758 930 verbis
1777 888 1970 933 ostenta-

194 948 290 1002 bat,
314 947 496 993 occulte
530 959 640 990 vero
676 944 850 989 bellum
886 944 1151 1005 apparabat.
1199 943 1383 990 ⁴Finitis
1416 945 1615 993 induciis
1645 949 1862 1011 ngridus
1881 950 1973 996 dis-

192 1011 483 1059 suadentibus
506 1007 664 1056 amicis
687 1007 940 1068 conjunftis
963 1007 1196 1054 Pictorum
1219 1008 1588 1069 copiisScotiam
1609 1010 1829 1076 ingressus
1853 1014 1971 1061 Gal-

178 1076 414 1124 -lovidiam
439 1074 704 1139 populatur.
776 1072 947 1119 Verum
973 1072 1240 1118 cessantibus
1265 1070 1315 1118 in
1337 1090 1495 1137 pugna
1516 1075 1654 1122 Pictis
1675 1077 1734 1123 ab
1758 1078 1971 1142 Eugenio

192 1142 425 1205 superatus
459 1139 613 1187 amisso
636 1154 753 1200 pene
770 1149 874 1184 *toto
908 1137 1110 1184 exercitu
1145 1136 1240 1199 ipse
1279 1136 1460 1185 saucius
1489 1147 1592 1186 cum
1635 1143 1791 1205 paucis
1815 1145 1972 1191 evasit.

178 1206 410 1254 *Proximo
428 1221 549 1252 anno
572 1203 704 1266 aeque
727 1202 1083 1249 dissuadentibus
1106 1201 1334 1249 amicisin
1355 1203 1503 1251 Pictos
1527 1205 1660 1252 duxit
1684 1223 1696 1253 t
1730 1206 1787 1253 ab
1808 1208 1873 1254 eis
1898 1209 1969 1255 fu-

181 1286 299 1334 gam
329 1269 646 1318 simulantibus
669 1267 717 1314 in
739 1267 922 1313 infidias
958 1270 1124 1314 trastus
1163 1283 1268 1313 cum
1302 1267 1389 1314 suis
1425 1269 1640 1317 omnibus
1664 1271 1868 1321 concisus
1891 1276 1967 1321 est.

191 1337 329 1386 Hanc
347 1347 521 1382 tantam
538 1333 820 1393 occasionem
837 1331 953 1379 Piffi
971 1332 1238 1395 arripientes
1258 1332 1489 1381 latiffimos
1508 1351 1640 1398 agros
1663 1335 1970 1399 superioribus

192 1400 325 1448 bellis
348 1401 587 1463 ademptos
609 1409 880 1459 recuperant
905 1416 915 1444 :
952 1402 993 1444 δε
1015 1398 1264 1461 Brittones,
1300 1397 1381 1460 qui
1402 1399 1460 1446 ab
1491 1400 1752 1463 Anglorum
1773 1401 1971 1464 imperio

191 1466 292 1512 suos
313 1464 629 1518 vindicabant,
654 1479 744 1510 una
765 1458 1042 1509 cum'Scotis
1065 1463 1452 1510 Northumbriam
1475 1463 1654 1529 ingreffi
1673 1484 1746 1514 ma
1783 1483 1840 1512 na
1868 1485 1971 1515 eam

190 1530 322 1578 clade
343 1530 600 1577 afflixerunt
620 1545 630 1573 :
668 1528 783 1574 adeo
807 1540 857 1574 ut
888 1543 974 1574 nec
1010 1545 1211 1591 unquam
1234 1527 1280 1574 in
1304 1529 1540 1591 pristinum
1563 1530 1724 1578 statum
1748 1485 1788 1578 ᾗ
1811 1548 1969 1578 erexe-

190 1595 268 1643 rit.
337 1597 502 1642 Secuta
534 1592 686 1642 statim'
717 1595 777 1640 est
812 1609 933 1640 mors
958 1593 1158 1658 Eugenii
1181 1605 1345 1656 quarto
1379 1593 1519 1657 quam
1559 1611 1747 1660 regnare
1769 1610 1971 1660 coeperat

190 1674 329 1708 anno.

884 1724 1038 1770 LVII.
1096 1726 1139 1770 R
1161 1725 1198 1771 E
1223 1724 1282 1770 X.

234 1823 236 1825 ·
255 1797 432 1846 XLIV.
467 1800 508 1845 E
522 1799 571 1847 U
587 1798 632 1844 G
649 1797 686 1844 E
700 1797 748 1844 N
767 1797 847 1843 10
880 1796 1046 1862 quinto
1069 1796 1266 1844 successit
1295 1797 1530 1860 Eugenius
1550 1799 1698 1846 sextus
1718 1802 1966 1851 Ferchardi

190 1862 312 1910 filius
334 1881 345 1910 ;
371 1863 578 1928 Εςῇἁάο,
603 1879 710 1909 vero
735 1862 1056 1910 Northumbro
1089 1861 1459 1910 fraterAlfridus
1486 1880 1496 1908 :
1537 1878 1726 1926 uterque
1743 1868 1846 1913 Rex
1868 1869 1972 1914 lite-

189 1928 271 1983 ri5‚
311 1944 364 1975 ac
398 1927 631 1991 praecip'ue
653 1926 800 1982 sacris,
842 1939 894 1974 ut
913 1926 995 1975 illa
1016 1927 1226 1975 ferebant
1248 1939 1455 1990 tempora
1476 1928 1661 1982 eruditi,
1703 1945 1755 1976 ac
1790 1932 1908 1979 inter
1930 1934 1972 1981 se

193 1993 512 2041 communium
532 1990 780 2039 studiorum
799 1990 1009 2039 societate
1029 1990 1279 2040 conciliati.
1349 1994 1511 2055 Itaque
1540 2010 1628 2055 pax
1648 1992 1765 2046 inter
1785 2012 1861 2045 eos
1881 1997 1973 2045 sida

193 2057 297 2105 fuit.
367 2058 472 2105 Hac
490 2054 820 2120 tranquillitate
841 2056 986 2121 ‚fretus
1009 2056 1219 2105 Alfridus
1241 2073 1437 2119 regnum
1456 2056 1807 2119 angustioribus;
1832 2070 1971 2124 quam

191 2136 327 2169 antea
357 2122 522 2169 finibus
555 2121 756 2186 quodam
785 2135 915 2169 tenus
950 2121 1222 2186 composuit.
1293 2123 1415 2169 Cum
1449 2122 1676 2179 Pi6torum
1702 2140 1810 2172 vero
1832 2141 1971 2190 genoe
2005 2152 2021 2171 ,-

193 2188 340 2234 Scotis
361 2204 510 2250 neque
534 2199 656 2234 certa
689 2203 796 2250 pax,
832 2202 918 2233 nec
938 2185 1113 2233 bellum
1137 2186 1225 2233 fuit
1247 2205 1257 2233 :
1292 2185 1633 2233 excursionibus
1659 2188 1786 2238 vario
1804 2204 1972 2238 eventu

192 2251 309 2315 saepe
330 2266 587 2316 pugnatum
609 2252 686 2305 est,
721 2249 879 2298 frustra
914 2250 1166 2299 nitentibus
1189 2251 1503 2298 Cutberechto
1543 2252 1800 2315 Anglo‚-&
1844 2256 1972 2303 Ada-

194 2331 365 2364 manno
389 2317 526 2364 Scoto
543 2314 781 2379 Episcopis
807 2329 856 2363 ut
877 2333 973 2363 rem
996 2328 1343 2379 componerent.
1411 2316 1465 2365 Id
1486 2327 1639 2362 autem
1662 2318 1971 2379 perfecerunt,

193 2386 257 2427 ne'
269 2381 398 2442 justis
419 2398 620 2444 unquam
635 2381 908 2428 exercitibus
927 2394 1286 2428 concurreretur.
1315 2381 1550 2444 Eugenius
1571 2379 1744 2428 interea
1764 2384 1974 2447 inexpia-

194 2438 280 2492 biii
302 2445 410 2492 odio
448 2444 657 2493 adversus
692 2445 923 2493 Ρίἃοτωῐι
957 2446 1194 2508 perfidiam
1223 2445 1530 2492 inflammatus
1571 2445 1595 2492 ὲ
1636 2446 1789 2493 medio
1819 2465 1973 2497 rerum

194 2510 325 2556 cursu
348 2512 409 2557 est
429 2509 646 2565 sublatus,
671 2510 960 2557 cumdecem
978 2511 1199 2574 regnasset
1221 2526 1378 2557 annOS.
1448 2511 1557 2557 Hoc
1579 2527 1684 2573 rege
1708 2511 1877 2574 septem
1901 2513 1972 2561 di-

195 2591 243 2621 es
261 2577 349 2638 per'
366 2579 511 2637 totam
534 2574 818 2622 Britanniam
840 2574 1056 2638 sanguine
1079 2573 1238 2639 pluiffe
1263 2575 1466 2630 tradunt,
1506 2574 1721 2622 converso
1743 2576 1881 2628 etiam
1904 2579 1970 2625 la·

196 2641 284 2695 fite,
309 2639 456 2697 caseo,
479 2644 520 2687 &
539 2638 696 2686 butiro
717 2639 767 2687 in
789 2638 1071 2704 sanguinem.
1519 2644 1521 2647 '
1601 2666 1605 2671 ·
1878 2662 1879 2665 ¹
1942 2653 1943 2656 ’

888 2724 1067 2773 LVIII.
1121 2726 1164 2772 R
1186 2727 1223 2772 E
1243 2726 1304 2772 X.

259 2800 413 2848 XLV.
448 2801 482 2848 P
500 2802 544 2853 O
561 2801 588 2847 S
604 2801 652 2847 T
684 2800 809 2847 hunc
843 2816 1039 2864 regnum
1063 2798 1254 2862 adeptus
1277 2800 1337 2846 est
1356 2798 1746 2853 Amberkeiethus
1773 2775 1967 2864 Pindari-i

197 2865 336 2920 filius,
360 2865 560 2928 Eugenii
584 2865 735 2928 quinti
757 2881 915 2928 nepos.
985 2866 1029 2911 Is
1052 2879 1157 2910 cum
1180 2862 1314 2925 initio
1336 2865 1690 2927 temperantiam
1703 2866 1838 2921 -fimul
1902 2881 1976 2920 et,

199 2931 257 2976 ad
278 2945 407 2976 veros
430 2939 578 2977 mores
604 2929 731 2975 brevi
752 2929 890 2976 rediit
911 2948 922 2976 ε
957 2935 995 2976 ‹Sc
1016 2928 1063 2975 in
1087 2928 1242 2976 omnia
1264 2927 1438 2991 flagitia
1455 2929 1585 2975 simul
1607 2931 1832 2994 prorupit.
1863 2966 1866 2970 -
1922 2945 1974 2978 ac

2066 2829 2073 2852 Ι

139 2993 143 2999 ’
197 2994 434 3041 occasione
468 3006 646 3057 arrepta
674 2993 1196 3041 Garnardus'Pifitorum
1216 2993 1316 3038 Rex
1340 3008 1515 3056 magno·
1539 2995 1740 3041 exercitu
1773 2998 2006 3045 conflato»-

199 3059 362 3105 Scotos
384 3057 561 3104 invasit.
600 3058 989 3105 Amberkelethus
1013 3058 1194 3104 tandem
1219 3072 1364 3122 prop-e
1386 3056 1599 3104 convitiis
1623 3059 1846 3120 excitatus
1867 3077 1982 3108 cum*
2056 3083 2061 3087 ’
2084 3062 2091 3123 j

198 3138 326 3169 arma
343 3121 602 3184 sumpsisset,
627 3125 765 3169 noCIu
784 3123 894 3175 dum
914 3123 970 3169 ad
991 3120 1231 3168 necessaria
1251 3123 1424 3168 natura:
1443 3137 1547 3187 cum
1571 3121 1751 3171 duobus
1787 3124 1994 3172 famulis-

198 3186 436 3250 egreditur
476 3186 657 3250 sagitta,
681 3187 908 3235 incertum
926 3203 954 3234 a
969 3203 1064 3250 quo
1085 3187 1212 3234 missa
1233 3185 1475 3242 occiditur,
1495 3201 1600 3233 cum
1619 3188 1985 3252 nondumregni.

197 3253 389 3313 pienum
413 3251 629 3313 expless‘et
652 3250 905 3298 biennium.
957 3251 1172 3314 Sunt'qui
1193 3250 1306 3296 dum
1324 3249 1534 3313 hostes-in
1558 3251 1666 3296 silva
1686 3252 1982 3318 densaurgess-

198 3328 285 3371 ret,
310 3315 473 3379 sagitta
491 3315 783 3370 vulneratum
805 3317 986 3364 decimo
1008 3317 1106 3379 post
1127 3312 1202 3362 die
1223 3313 1481 3381 extinstum.
1498 3315 1701 3373 tradant„

261 3472 446 3544 XLVI.
477 3471 527 3519 N
543 3472 580 3518 E
610 3469 834 3518 exercitus
853 3398 1324 3529 solirdelgt'uffiiigiine
1342 3471 1539 3536 imperio
1557 3460 1661 3521 efl‘et
1679 3473 1870 3522 militari
1885 3474 1977 3523 (υἷέ

254 3559 315 3622 (ι)
343 3578 382 3612 A
404 3574 530 3626 prince
548 3575 594 3643 of
605 3574 670 3615 the
689 3577 812 3626 blood,
837 3571 988 3617 brother
1001 3580 1043 3616 'to
1062 3577 1249 3618 Maldwin
1268 3577 1332 3616 the
1348 3578 1423 3617 late
1440 3568 1561 3629 king..

1393 3776 1415 3786 s

2068 3386 2091 3406 *⁴

2060 3414 2091 3434 >a

1885 3631 1988 3679 fra-—
2054 3660 2070 3671 κ

2071 3145 2091 3192 ³3

1944 3360 1950 3368 .
2019 3193 2091 3334 4
