2045 3857
478 176 810 245 Lusi-,R
917 175 1338 244 Saxa-usa
1672 196 1798 267 ¹45

26 284 167 333 *tiam
201 288 416 345 quantam
446 267 688 339 superioris
713 273 856 339 Regis
888 272 1202 337 intempestiva
1232 273 1438 321 severitas
1463 270 1666 323 attulerit
1698 286 1796 322 non

32 351 174 396 mode>
188 345 287 408 ipfi,
309 342 382 389 sed
407 340 491 388 toti
511 356 656 404 regno
677 339 1000 388 calamitatem.
1035 340 1089 385 In
1112 337 1352 385 nobilitate
1371 339 1707 385 firmamentum
1727 335 1797 386 es·

34 413 78 459 se
101 429 166 460 re<v
182 424 334 455 norum
360 424 372 452 :
408 421 556 467 neque
579 421 738 451 verum
767 404 850 450 ess‘e
884 403 965 451 isto
986 404 1199 451 liberiore
1221 396 1404 450 vivendi
1429 419 1594 466 genere
1617 400 1796 465 spiritus

32 459 188 524 eorum
211 464 407 517 Martios
437 467 605 532 frangi,
631 472 670 516 Se
698 467 911 522 humiles,
947 464 1232 529 dejectosque
1264 461 1412 522 reddi,
1436 483 1489 514 ac
1511 464 1653 513 studia
1687 462 1799 512 belli

33 540 94 587 fic
115 539 157 584 in
181 550 291 596 pace
309 535 366 580 ab
386 532 450 579 eis
474 531 653 597 negligi
672 547 754 578 ceu
779 548 1012 593 nunquam
1043 531 1215 579 bellu-m
1246 530 1343 578 fore
1364 530 1557 594 sperent.
1625 526 1799 577 AEtatis

30 598 228 650 florentis
251 598 479 644 luxuriam
500 598 565 643 ita
585 596 959 658 compescendam
982 597 1082 650 effe,
1120 613 1177 642 ne
1199 597 1369 651 effluat,
1406 600 1446 642 δι
1474 590 1644 642 bonam
1667 593 1800 665 inge-

30 667 207 714 niorum
225 662 406 725 frugem
429 661 572 708 nimia
595 658 761 722 laeticia
781 660 827 706 in
847 660 989 726 herba
1008 661 1251 723 strangulet
1271 678 1287 706 e
1322 677 1414 707 non
1437 673 1587 706 autem
1607 674 1801 705 ommno

29 725 363 779 succidendam,
389 742 445 773 ne
466 726 595 772 fimul
616 723 841 771 virtutum
863 722 1099 772 seminaria
1116 725 1350 771 tollantur.
1421 723 1508 770 His
1531 719 1696 770 auditis
1715 737 1802 769 no·-

29 792 141 839 biles
164 804 271 836 cum
294 789 410 835 nihil
437 791 559 852 apud
582 790 762 853 Regem
784 788 1077 836 admonendo
1095 789 1383 850 proficerent,
1408 787 1490 834 fibi
1507 787 1646 834 etiam
1667 804 1721 833 ea
1738 783 1801 832 li-

27 855 200 903 bertate
221 853 435 901 sermonis
463 853 713 916 periculum
732 866 954 910 crearent,
975 854 1033 901 ab
1050 854 1154 901 aula
1169 853 1450 907 secesserunt,
1471 869 1527 899 ne
1545 868 1637 898 non
1657 851 1801 898 modo

26 920 173 976 testes,
197 919 270 966 sed
292 919 476 965 interim
499 916 741 982 participes
763 917 1142 982 fiericogerentur
1158 933 1315 965 earum
1329 930 1496 972 rerum,
1513 911 1680 980 quibus
1701 931 1803 961 cer-

25 984 206 1040 nendis,
231 983 557 1046 audiendisque
579 987 754 1037 oculos,
781 988 819 1029 δι
844 999 974 1030 aures
995 983 1298 1030 conscelerate
1335 982 1421 1045 sese
1441 981 1759 1046 existimabant
1784 997 1799 1026 ε

28 1053 70 1095 δε
106 1048 206 1095 Rex
229 1061 320 1095 tam
345 1047 539 1094 molestis
561 1047 743 1095 arbitris
765 1047 980 1094 liberatus
1011 1047 1052 1093 se
1087 1061 1234 1094 totum
1256 1045 1498 1102 conviviis,
1534 1044 1803 1107 Venerique

28 1113 223 1159 dedidit.
292 1112 395 1158 Nec
411 1110 602 1175 praemia
617 1113 824 1165 deerant,
851 1113 881 1158 fi
904 1111 1005 1174 quis
1027 1128 1200 1159 novum
1218 1111 1467 1173 voluptatis
1484 1127 1629 1174 genus
1652 1125 1801 1174 quan-

28 1177 197 1223 tumvis
230 1174 457 1238 spurcum,
495 1192 545 1221 ac
576 1175 886 1222 detestandum
912 1175 1164 1222 inveniffet.
1252 1175 1444 1230 NoeteS,
1479 1174 1664 1237 diesque
1694 1175 1802 1220 aula

28 1240 202 1287 lascivis
226 1240 533 1293 cantionibus,
552 1239 924 1301 ebriosorumque
942 1239 1218 1286 clamoribus
1237 1239 1558 1301 perstrepebat.
1589 1237 1691 1286 Nec
1712 1236 1806 1284 mi-·

28 1322 110 1352 nor
136 1305 232 1352 illic
254 1306 350 1351 laus
370 1319 464 1351 erat
484 1303 802 1367 impudentiae,
828 1313 874 1351 ὁ».
906 1303 1289 1366 intemperantiae,
1314 1320 1453 1366 quam
1489 1304 1609 1366 apud
1632 1303 1800 1357 bonos,

31 1375 74 1417 &
97 1371 300 1416 honestos
323 1370 407 1416 effe
425 1367 536 1416 solet
557 1368 804 1422 modestiae,
828 1372 867 1414 &
890 1366 1095 1431 pudoris.
1129 1369 1252 1415 Nam
1276 1386 1376 1431 quae
1398 1369 1523 1432 apud
1545 1367 1657 1415 alios
1676 1380 1802 1414 mor-

32 1436 143 1481 tale<
162 1434 301 1481 etiam
323 1451 426 1480 cum
447 1433 549 1495 lege
568 1434 667 1480 sunt
687 1431 913 1495 permissa,
948 1434 1188 1488 coelantur,
1212 1432 1280 1478 ibi
1297 1433 1346 1479 in
1364 1434 1610 1496 propatulo
1632 1432 1802 1494 absque

29 1497 306 1544 verecundia
324 1498 508 1544 fiebant.
565 1498 787 1558 Juventus
821 1496 1049 1544 illecebris
1071 1497 1362 1559 voluptatum
1380 1496 1596 1553 delenita,
1623 1503 1662 1544 Sc
1685 1503 1802 1542 adu-

28 1562 245 1615 latorum,
270 1562 610 1624 scurrarumque
632 1561 764 1608 turba
785 1563 962 1624 Regem
985 1559 1034 1608 in
1055 1562 1225 1608 coelum
1244 1559 1454 1609 laudibus
1477 1558 1624 1607 ferre:
1647 1574 1696 1606 ut
1718 1556 1804 1622 qui

28 1626 202 1690 primus
225 1623 529 1689 splendorem,
552 1626 1032 1690 magnificentiamque
1054 1643 1160 1672 cum
1190 1626 1457 1673 auctoritate
1491 1625 1800 1688 conjunxerit,

30 1696 77 1740 &
105 1690 381 1738 severitatem
406 1690 584 1753 imperii
611 1692 828 1738 comitate
852 1690 1131 1754 temperarit,
1157 1697 1198 1738 &
1221 1691 1431 1739 laborum
1453 1690 1678 1738 molestias
1699 1688 1802 1736 ani·

31 1771 210 1802 morum
230 1754 480 1802 remiffione
502 1755 680 1804 levarit.

101 1824 132 1867 Β.
147 1820 279 1867 XVI.
302 1820 378 1884 Ad
399 1820 498 1865 haec
514 1834 666 1868 autem
685 1818 996 1870 continuanda
1010 1817 1116 1869 cum
1133 1815 1315 1885 sumptu
1337 1833 1452 1886 opus
1469 1818 1592 1875 esset,
1606 1818 1804 1884 opulen-

33 1883 171 1933 tiores
208 1884 412 1931 confiftis
435 1885 576 1932 causis
611 1885 920 1949 spoliabantur
943 1905 954 1934 :
989 1886 1159 1949 plebeii
1196 1886 1405 1934 homines
1443 1903 1536 1934 non
1574 1885 1715 1932 modo
1752 1883 1804 1932 in

30 1951 233 2013 praedam
256 1949 466 2012 permisti,
492 1950 566 1996 sed
587 1947 820 1998 servilibus
842 1951 979 1998 etiam
1009 1949 1264 1998 ministeriis
1286 1946 1446 1999 attriti.
1516 1949 1563 1997 Si
1585 1950 1662 1997 cui
1683 1966 1804 2014 pra:-

31 2012 172 2061 sentia
193 2030 285 2060 non
307 2014 556 2076 placerent,
580 2028 658 2062 aut
692 2033 775 2079 pro
801 2015 978 2079 agresti,
1003 2013 1271 2078 inculteque
1301 2015 1697 2069 contemnebatur,
1722 2025 1803 2061 aut

33 2078 66 2124 fi
89 2077 321 2125 ferocioris
338 2077 478 2125 animi
499 2079 747 2135 videretur,
771 2080 1029 2127 delatorum
1042 2077 1284 2128 calumniis
1304 2081 1508 2142 objectus
1533 2080 1805 2142 plaerunque

34 2142 165 2189 velut
189 2142 258 2203 (1)
285 2159 353 2189 res
373 2157 513 2190 novas
534 2144 720 2191 molitus
742 2145 996 2208 petebatur.
1065 2143 1120 2193 In
1141 2146 1225 2192 hac
1243 2145 1452 2193 omniurn
1471 2142 1804 2207 flagitiosorum

32 2205 221 2254 licentia
241 2222 345 2253 cum
371 2206 616 2254 triennium
639 2206 735 2269 jam
757 2211 990 2272 peractum
1013 2210 1135 2265 effet,
1154 2209 1419 2258 hominibus
1447 2223 1526 2256 aut
1557 2222 1697 2262 metu,
1724 2219 1805 2256 aut

33 2269 226 2335 segnitia
247 2271 515 2319 cessantibus
532 2271 628 2335 ipsa
646 2273 826 2320 luxuria
846 2291 1005 2337 poenas
1027 2273 1210 2338 exigere
1231 2274 1387 2338 coepit.
1456 2272 1646 2321 Viribus
1676 2271 1804 2319 enim

35 2332 216 2382 Venere
234 2332 486 2383 immodica
501 2337 741 2392 exhaustis,
753 2338 953 2401 corporis
978 2337 1268 2386 deformitate
1286 2355 1344 2386 ex
1361 2338 1509 2403 epulis
1526 2334 1804 2402 largioribus

26 2401 282 2456 bontrasta,
312 2399 569 2465 morbisque
591 2402 905 2466 grassantibus,
929 2403 1011 2467 qui
1033 2402 1266 2466 utriusque
1286 2403 1390 2450 vitii
1411 2402 1603 2450 comites
1624 2402 1710 2449 effe
1731 2400 1805 2448 so-

34 2460 147 2520 lent,
171 2463 361 2512 restabat
378 2465 583 2513 deforme
600 2467 795 2513 cadaver
810 2474 869 2514 ad
886 2468 1036 2516 nullos
1053 2468 1167 2515 alios
1188 2467 1286 2514 usus
1308 2467 1391 2515 fibi
1408 2468 1638 2531 superstes,
1663 2473 1808 2532 quarn‘

35 2528 95 2576 ad
130 2545 288 2592 poenas
311 2529 542 2593 flagitiosae
564 2531 670 2578 vitae
689 2531 994 2594 perferendas.
1061 2533 1192 2596 Rege
1213 2532 1272 2579 ad
1294 2549 1451 2580 omnes
1474 2530 1582 2579 vitae
1603 2527 1807 2580 funetio-

36 2609 115 2640 nes
150 2593 322 2648 inutili,
354 2595 576 2657 corporis,
606 2595 839 2660 animique
871 2597 1045 2645 viribus
1077 2597 1431 2660 intemperantia
1459 2595 1728 2652 debilitatis,
1752 2597 1809 2646 δε

16 2656 141 2711 ‚aula
156 2657 203 2704 in
227 2674 371 2706 mores
389 2658 429 2720 ej
439 2677 487 2706 us
508 2659 738 2717 conversa,
760 2661 1024 2709 audaciores
1044 2662 1120 2725 spe
1141 2661 1325 2726 praedae,
1349 2667 1390 2710 Sc
1411 2661 1698 2724 impunitatis
1715 2660 1805 2707 sol·

37 2720 202 2773 ‚licitati
223 2723 384 2779 caedes,
409 2729 450 2771 &
472 2724 715 2772 latrocinia
735 2725 886 2789 palam
907 2725 1193 2782 fafititabant,
1215 2726 1439 2790 plebeios,
1453 2732 1493 2774 ἅς
1512 2725 1807 2788 aulicosjux·

37 2795 87 2832 ta
102 2799 442 2835 contemnentes
464 2806 476 2835 ε
500 2789 674 2853 quippe
694 2789 860 2837 alteros
882 2808 964 2854 per
984 2790 1190 2854 inopiam
1213 2789 1432 2838 serviliter
1452 2789 1667 2854 dejectos,
1690 2790 1804 2836 alte·

39 2864 123 2922 ros·
151 2851 357 2913 nequitia
386 2851 462 2900 sua
481 2851 710 2910 imbelles,
734 2859 776 2901 δε
797 2855 1119 2903 effoeminatos.
1142 2898 1143 2902 ,
1186 2854 1283 2921 Qi
1312 2854 1505 2902 saniores
1527 2867 1656 2904 erant
1675 2853 1702 2902 ὲ
1721 2862 1806 2900 no·

40 2911 219 2985 b1litate
240 2916 418 2979 duplici
448 2918 569 2965 malo
587 2918 903 2975 circumventi,
932 2936 986 2968 ac
1007 2921 1065 2967 de
1087 2920 1262 2967 summa
1284 2936 1435 2967 rerum
1453 2919 1705 2967 consultare
1725 2934 1808 2965 co-

40 2978 147 3032 affl,
171 2993 448 3028 conventum
467 2983 707 3046 publicum
741 2980 937 3032 Sco'nam
955 2985 1182 3032 indicunt.
1250 2983 1325 3031 Ibi
1341 2985 1444 3032 Rex
1477 2985 1620 3032 adeffe
1645 2984 1807 3046 jussus,

42 3054 204 3114 utuna
219 3057 324 3091 cum
347 3047 520 3094 caeteris
553 3048 600 3094 in
623 3061 716 3096 tam
738 3049 970 3112 praecipiti
995 3065 1146 3096 rerum
1170 3050 1295 3096 statu
1325 3048 1455 3096 saluti
1476 3046 1677 3112 publica:
1698 3064 1810 3113 pro-

41 3104 249 3168 spiceret.
316 3109 420 3156 Hac
452 3111 765 3161 admonitione
795 3113 930 3169 iCtuS,
955 3119 995 3162 δι
1029 3131 1086 3162 ex
1105 3113 1276 3178 ignava
1304 3113 1387 3161 illa
1406 3113 1710 3161 somnolentia
1728 3129 1810 3159 ve·

40 3169 112 3242 lut
133 3175 417 3232 experrectus
435 3176 666 3240 ambigere
682 3193 790 3224 cum
808 3177 896 3225 suis
919 3195 1010 3225 una
1029 3180 1189 3242 eoepit‚
1208 3177 1323 3242 quid
1343 3177 1619 3241 potiflimum
1640 3176 1690 3225 in
1708 3191 1813 3225 tan·-

41 3246 100 3308 tis
120 3235 334 3298 angustiis
356 3237 633 3311 deprehenso
651 3240 772 3289 factu
789 3242 1018 3306 optimum
1040 3245 1161 3292 effet.
1228 3243 1290 3289 Et
1310 3257 1417 3289 cum
1439 3258 1590 3306 neque
1610 3242 1812 3290 refisten-

40 3298 114 3354 di,
139 3316 289 3362 neque
310 3300 520 3365 fugiendi
539 3304 656 3352 ratio
685 3307 922 3363 constaret,
946 3308 1026 3355 etsi
1057 3308 1236 3356 animus
1258 3305 1375 3354 nihil
1411 3306 1522 3358 boni
1555 3306 1813 3361 divinabat,

42 3374 195 3411 tamen
219 3365 276 3411 ad
294 3379 571 3414 conventum
588 3367 655 3417 ire
677 3370 892 3420 decrevit.
937 3373 1095 3436 Atque
1117 3386 1168 3420 ut
1189 3370 1338 3433 miseri
1353 3370 1586 3419 interdum
1608 3371 1656 3419 in
1678 3370 1814 3419 rebus

43 3427 239 3499 adversis
272 3428 574 3501 fibi-biandiri
607 3433 767 3491 solent,
791 3451 888 3483 non
906 3439 1098 3484 omnino
1118 3434 1384 3500 desperabat
1404 3433 1447 3482 se
1469 3437 1540 3484 vel
1561 3435 1623 3482 mi
1632 3433 1813 3483 sericor-

43 3491 137 3547 d1a,
160 3494 234 3541 vel
256 3506 396 3556 patris
419 3494 584 3558 optimi
602 3498 824 3556 memoria
843 3500 1024 3566 aliquid
1055 3502 1341 3558 effecturum,
1360 3518 1418 3556 ne
1440 3517 1498 3549 ex
1522 3514 1647 3550 tanta
1665 3498 1814 3549 fortu-

97 3617 163 3671 (1)
190 3622 276 3662 One
295 3621 382 3665 who
407 3623 482 3664 had
496 3627 640 3679 plotted
655 3628 808 3673 treason.

905 3702 962 3751 T
1621 3713 1625 3718 ·
1760 3718 1821 3752 na
