2107 3862
527 175 892 241 -Lxssm
983 172 1537 238 SECUNDUS.
1844 175 1949 257 -63

171 279 404 345 repserin't,
425 294 526 340 quse
554 277 625 339 (1)
653 273 1100 325 Cambrobritannus
1137 274 1216 319 iste
1237 272 1339 319 vult
1366 270 1513 318 videri
1536 275 1706 322 vetusta
1727 277 1747 321 ¹?
1779 269 1900 320 Item
1922 277 1956 319 fi

171 363 308 410 quem
332 345 539 405 Angium
557 357 690 404 roges
705 340 830 401 cujas
848 339 916 394 stt,
938 354 1074 385 nemo
1089 339 1315 384 Saxonem
1336 337 1378 382 se
1393 335 1696 398 profitebitur,
1718 355 1827 385 cum
1840 336 1954 385 Sco·

169 411 224 464 ti,
250 408 381 463 Pieri,
412 405 626 459 Hiberni‚
654 404 836 468 utrique
857 402 1104 457 Brittones,
1139 407 1178 448 &
1203 400 1285 463 qui
1309 399 1606 454 Britanniam,
1635 406 1674 447 δε
1694 404 1775 464 qui
1796 404 1954 451 Galli-

172 491 242 521 am
279 473 491 519 incolunt
515 487 605 517 uno
627 469 846 528 consensu
865 480 1086 531 perpetuo
1123 468 1322 519 Saxones
1359 482 1436 512 eos
1471 477 1636 512 vocent
1661 470 1677 512 ?
1715 484 1794 514 cur
1819 469 1981 530 prisci·

171 538 296 584 Scoti
322 554 377 582 ne
401 553 523 583 nunc
545 535 734 597 quidem
752 536 999 580 Scotorum
1022 548 1190 578 nomen
1215 530 1460 594 agnoscant
1483 534 1500 576 ἓ
1534 547 1625 576 non
1649 532 1788 578 debet
1810 534 1957 595 igitur
1978 555 1982 561 ⁴

124 642 131 647 .
170 600 304 647 nobis
325 600 570 647 absurdum
595 597 815 650 videri,'fi
838 595 1060 643 Romanis
1097 595 1303 658 captivos
1338 595 1609 657 rogantibus
1644 596 1773 657 cujus
1804 602 1956 660 gentis

169 665 325 719 essent,
351 664 466 711 alius
496 667 730 716 Maeatam‚
752 662 867 709 alius
890 663 1197 715 Attacottum,
1228 659 1343 706 alius
1368 660 1676 708 Caledonium
1701 661 1743 708 se
1765 664 1849 709 esse
1884 668 1957 713 di-

169 743 309 785 ceret,
332 735 373 777 Sc
396 747 498 793 quae
522 731 579 776 ab
602 727 666 774 eis
703 726 965 789 acceperint
988 739 1154 771 exterae
1190 739 1349 788 gentes
1377 742 1428 770 ea
1453 725 1641 772 nomina
1663 727 1954 788 retinuerint,

171 800 212 842 &
239 794 287 841 in
322 796 526 841 sermone
556 793 748 856 publico
784 790 1128 853 usurpaverint:
1150 806 1234 836 nec
1265 790 1351 836 erit
1385 789 1550 852 opinor
1570 790 1846 842 incredibile
1866 799 1958 845 alia

171 859 363 907 nomina
385 860 604 906 historicis
628 864 668 904 δε
686 856 963 920 peregrinis,
988 855 1077 901 alia
1097 854 1397 918 popularibus
1420 855 1503 901 effe
1526 855 1722 903 notiora.

238 926 414 972 XLIV.
435 924 527 971 Etsi
550 923 651 969 satis
670 939 727 968 ex
746 922 814 968 his
834 923 981 985 liquet
999 925 1260 974 Scotorum,
1283 924 1329 968 ὅς
1355 919 1586 985 Ρίἑῖωωη
1604 921 1651 967 in
1671 922 1958 975 Britanniam

171 991 422 1038 adventum
447 1006 535 1036 non
570 989 710 1034 modo
739 987 1065 1049 antiquiorem,
1089 1002 1228 1048 quam
1252 984 1500 1030 contendat
1524 985 1733 1042 Luddus‚
1765 989 1839 1037 sed
1864 1009 1959 1041 non

171 1055 290 1101 adeo
312 1053 392 1100 diu
418 1053 677 1100 Brittonum
702 1052 903 1098 adventu
932 1050 1223 1113 posteriorem
1250 1048 1393 1103 fuiffe,
1427 1049 1642 1110 adjiciam
1665 1058 1707 1098 &t
1729 1054 1840 1102 alias
1863 1074 1958 1105 non

176 1121 248 1180 (2)
275 1118 546 1181 spernandas
569 1117 866 1176 conjefturas.
937 1115 1174 1178 Brigantes
1210 1131 1379 1177 magna
1411 1120 1451 1160 &
1487 1114 1640 1162 valida
1674 1119 1800 1166 natio
1837 1134 1958 1169 trans

171 1183 463 1236 Humbrum,
489 1198 656 1244 nempe
679 1182 799 1227 circa
820 1181 1079 1227 Eboracum
1111 1178 1400 1232 habitabant,
1424 1195 1475 1224 ac
1499 1180 1639 1227 totius
1662 1181 1816 1231 insulae
1852 1187 1958 1234 lati-

172 1247 384 1295 tudinem
419 1247 539 1295 inter
573 1247 665 1293 duo
701 1245 846 1292 maria
872 1245 1159 1291 obtinebant.
1228 1244 1331 1291 Hos
1367 1259 1459 1290 non
1494 1261 1518 1290 e
1549 1245 1764 1307 proximo
1787 1251 1960 1300 Galliae

174 1314 338 1367 tractu,
362 1313 412 1360 in
434 1329 527 1375 quo
564 1310 680 1358 nulli
714 1311 947 1373 Brigante
982 1308 1199 1356 habitasse
1223 1309 1450 1362 dicantur,
1478 1309 1552 1356 sed
1582 1327 1640 1356 ex
1662 1313 1890 1377 Hispania
1909 1318 1960 1364 in

174 1377 473 1431 Hiberniam,
511 1393 567 1423 ex
599 1375 829 1423 Hibernia
857 1375 905 1420 in
942 1374 1224 1421 Britanniam
1258 1373 1569 1437 propinquam
1600 1375 1876 1442 immigrasse
1897 1384 1967 1429 est‘

174 1442 420 1489 verisimile
446 1460 456 1488 :
495 1457 579 1488 nec
601 1457 626 1486 a
648 1441 910 1503 conjectura
933 1439 1142 1487 Cornelii
1165 1438 1341 1493 Taciti,
1371 1456 1508 1502 quain
1533 1441 1590 1487 de
1611 1443 1814 1506 antiquis
1836 1446 1959 1494 insu-

174 1509 232 1554 ]ae
255 1507 507 1554 cultoribus
537 1505 662 1560 facit,
689 1507 951 1552 abhorrens.
1023 1505 1070 1551 Si
1100 1505 1158 1551 ab
1182 1504 1411 1552 Hibernia
1443 1505 1680 1568 Brigantes
1713 1510 1957 1569 advenere,

175 1571 349 1619 Scotici
370 1571 575 1635 proseffl)
600 1571 797 1634 generiS,
837 1571 905 1617 uti
939 1575 978 1618 δε
1010 1568 1179 1632 reliqui
1213 1586 1372 1615 omnes
1407 1569 1649 1618 Hiberniae
1680 1573 1959 1625 habitatores

174 1636 318 1683 suere.
388 1639 524 1685 Hanc
548 1638 741 1683 nostram
766 1635 1033 1682 sententiam
1055 1634 1240 1681 videtur
1261 1633 1401 1681 etiam
1426 1635 1597 1683 Seneca
1618 1639 1888 1689 confirmare
1909 1644 1960 1691 in

172 1702 502 1767 elegantifiima
520 1702 601 1748 illa
623 1702 679 1748 de
701 1715 846 1748 morte
871 1702 942 1764 (3)
971 1699 1159 1747 Claudii
1180 1699 1324 1763 satyra
1345 1700 1413 1746 his
1437 1701 1605 1748 verbis.

435 1788 521 1834 Ille
545 1786 787 1833 Britannos
932 1786 1072 1832 Ultra
1094 1783 1193 1831 noti
1437 1784 1598 1832 Litora
1616 1788 1766 1849 ponti,
1795 1780 1797 1785 ’

433 1850 493 1899 Et
516 1853 732 1898 caeruleos
942 1850 1314 1912 Scutabrigantes
1443 1850 1566 1897 Dare
1594 1853 1837 1903 Romuleis

436 1918 575 1963 Colla
599 1917 801 1964 cathenis
935 1916 1080 1978 Juffit,
1109 1921 1148 1961 δε
1173 1915 1322 1977 ipsum
1435 1916 1574 1968 Nova
1596 1918 1823 1966 Romanae

433 1984 544 2045 jura
564 1983 728 2029 securis
938 1982 1163 2027 Tremere
1187 1982 1444 2027 Oceanum.
1478 2025 1482 2028 ,

177 2068 233 2115 In
255 2068 325 2114 his
347 2069 542 2114 versibus
564 2085 648 2129 pro
669 2066 1039 2131 Scutabrigantes
1063 2063 1284 2128 Josephus
1306 2065 1511 2128 Scaliger
1527 2067 1641 2128 Julii
1663 2068 1783 2116 filius
1803 2066 1961 2136 legen-

175 2134 292 2180 dum
308 2132 456 2180 censet
480 2133 868 2194 Scotobrigantes.
938 2134 980 2178 Is
998 2131 1180 2192 juvenis
1204 2143 1378 2191 quanta
1398 2131 1451 2176 fit
1473 2132 1749 2188 eruditione,
1775 2141 1816 2183 δε
1839 2137 1963 2193 iudi-

175 2198 269 2252 cio,
291 2214 472 2260 quaque
491 2197 536 2243 in
561 2197 744 2243 vetustis
768 2196 942 2260 scriptis
966 2195 1256 2243 conferendis
1279 2194 1514 2248 industria,
1537 2202 1577 2243 ὃς
1600 2199 1804 2247 abstrusis
1827 2190 1959 2252 senfi-

176 2262 262 2308 bus
286 2262 496 2310 ersendis
516 2260 725 2308 acumine
751 2273 1050 2308 monumenta
1067 2261 1124 2307 ab
1146 2276 1202 2306 eo
1225 2259 1349 2305 edita
1372 2261 1601 2308 testantur.
1648 2265 1703 2310 In
1724 2266 1965 2327 praesentia

176 2341 330 2373 autem
354 2343 460 2373 cum
483 2345 551 2373 rcs
577 2327 859 2374 Britannicas
881 2326 1167 2372 illustrandas
1190 2324 1471 2387 suscepissem
1494 2326 1590 2388 ejus
1608 2327 1839 2389 judicium
1870 2351 1964 2382 non

176 2392 330 2438 censui
348 2392 673 2443 omittendum.
721 2393 775 2438 Id
797 2403 951 2438 autem
971 2407 1052 2437 cur
1074 2406 1233 2437 verum
1256 2389 1508 2437 existimem
1532 2394 1689 2455 paucis
1713 2412 1960 2459 exponam.

174 2456 362 2505 Etenim
396 2474 502 2504 curn
525 2459 732 2521 legamus
772 2457 894 2519 apud
929 2456 1170 2510 Cessarem,
1194 2454 1398 2517 aliosque
1419 2456 1657 2519 scriptores
1693 2477 1786 2507 non
1810 2462 1964 2513 minus

177 2521 422 2585 diligentia
442 2539 580 2586 quam
604 2520 863 2569 eruditione
888 2521 1146 2583 praestantes
1171 2520 1412 2567 Britannos
1440 2523 1510 2584 (4)
1536 2524 1679 2585 glasto
1713 2525 1869 2575 solitos
1892 2531 1964 2577 in-

176 2587 312 2633 ficere
335 2603 563 2650 corpora:
597 2603 649 2634 ac
682 2587 816 2649 juxta
851 2586 1171 2633 Herodianum
1207 2585 1342 2632 scutis
1379 2588 1577 2650 angustis
1603 2590 1779 2651 (qualia
1804 2593 1966 2643 Livius

178 2652 332 2717 Gallis
353 2652 563 2699 Asiaticis
586 2653 766 2712 tribuit)
788 2668 873 2698 nec
893 2651 942 2698 in
961 2650 1096 2697 armis
1118 2650 1287 2714 insigni
1311 2651 1406 2697 ullo
1435 2651 1533 2698 usos
1556 2669 1846 2714 ornamento,
1884 2660 1966 2707 ab-

177 2716 362 2770 surdum
399 2717 644 2765 videbatur
682 2717 903 2780 corporis,
941 2717 1067 2779 quod
1091 2716 1371 2780 pingebatur
1401 2716 1635 2766 mentione
1657 2721 1832 2777 omissa,
1852 2722 1968 2773 scuti

177 2783 307 2843 quod
358 2798 450 2829 non
502 2782 799 2846 pingebatur,
843 2780 1111 2828 meminisse.
1199 2780 1519 2846 Fingebantur
1576 2796 1730 2832 autem
1789 2804 1967 2839 veteres

177 2845 390 2893 Britanni
428 2863 520 2894 non
561 2848 618 2894 ad
658 2849 892 2902 decorem,
938 2859 988 2894 ut
1026 2845 1126 2893 aliae
1162 2863 1256 2893 non
1298 2862 1458 2910 paucae
1497 2847 1703 2897 nationes
1743 2869 1754 2897 ε
1804 2852 1879 2900 sed
1917 2869 1969 2904 ut

177 2913 399 2958 caeruleus
443 2913 572 2960 color
625 2911 952 2959 terribiliorem
996 2911 1308 2976 pugnantium
1352 2911 1549 2975 speciem
1589 2912 1655 2973 in*
1683 2914 1780 2962 acie
1828 2919 1968 2968 hosti-

175 2975 264 3022 'bus
298 2978 497 3025 offeri-et.
566 2980 611 3025 Is
670 2994 780 3024 vero
821 2978 949 3024 color
992 2974 1230 3040 qu'omodo
1262 2976 1313 3023 in
1355 2979 1544 3041 angusto
1583 2978 1709 3027 scuto
1749 2983 1968 3033 terribilis

178 3039 326 3087 videri
368 3044 533 3105 posset,
586 3059 684 3090 non
713 3041 946 3107 intelligo.
1049 3044 1215 3105 Itaque
1262 3041 1525 3106 verisimile
1566 3044 1626 3090 est
1677 3046 1736 3093 ab
1777 3047 1970 3100 homine

233 3180 296 3231 (1)
316 3184 479 3232 Luddus,
491 3186 580 3224 who
594 3186 734 3224 calleth
749 3185 909 3224 himself
915 3199 935 3223 a
948 3185 1035 3223 Bri·
1107 3186 1229 3222 Waad
1248 3185 1307 3223 for
1324 3186 1454 3235 Dyers.
1500 3187 1537 3224 It
1556 3200 1629 3225 was
1647 3186 1731 3225 used
1757 3188 1806 3238 by
1823 3188 1889 3227 the
1909 3191 1971 3230 old

177 3239 274 3281 tam,
295 3237 340 3274 of
350 3238 527 3277 Cambria
544 3254 586 3278 or
600 3241 743 3279 Wales,
1110 3239 1259 3276 Britons
1274 3247 1311 3276 to
1330 3240 1436 3290 paint
1452 3240 1676 3278 themselves
1689 3241 1771 3278 into
1783 3256 1830 3284 an
1849 3244 1973 3282 aethe-

238 3289 300 3339 (2)
331 3292 398 3328 Al.
418 3292 649 3341 spernendas,
754 3321 768 3325 c
1111 3293 1187 3329 real
1211 3294 1426 3339 colour,.or
1459 3293 1645 3344 sky-bine,
1682 3294 1740 3332 for
1757 3306 1971 3345 ornament,

239 3343 301 3394 (3)
332 3345 368 3381 It
386 3344 416 3381 is
435 3359 454 3381 a
473 3347 638 3395 pleasant
659 3348 754 3398 satyr
771 3347 922 3386 written
940 3347 981 3386 in
999 3348 1039 3385 e'-
1113 3347 1171 3395 say
1191 3346 1290 3384 some
1304 3362 1315 3396 3
1331 3347 1397 3384 but
1411 3348 1606 3396 according
1618 3357 1656 3385 to
1670 3348 1810 3396 others,
1831 3359 1870 3387 to
1884 3365 1971 3388 ren-

173 3397 428 3448 'legant-prose
447 3402 517 3437 and
537 3401 649 3448 verse,
670 3401 715 3450 by
729 3401 796 3438 the
810 3401 895 3440 wife
913 3401 1039 3452 philo—
1114 3402 1178 3436 der
1195 3400 1302 3437 them
1315 3413 1418 3437 more
1431 3402 1584 3438 terrible
1602 3409 1640 3439 to
1659 3401 1761 3438 their
1778 3405 1942 3442 enemies
1961 3419 1973 3443 t

181 3449 313 3499 sopher
329 3453 482 3498 Seneca,
505 3467 552 3490 on
572 3453 638 3491 the
662 3455 878 3492 transsation
911 3456 955 3492 of
975 3455 1042 3492 the
1106 3454 1183 3495 ‘but
1202 3453 1326 3491 others
1353 3453 1472 3492 think
1491 3455 1522 3491 it
1540 3468 1615 3491 was
1645 3454 1710 3492 the
1731 3456 1859 3492 colour
1885 3457 1977 3508 they

182 3516 353 3553 emperor
391 3506 571 3544 Claudius
602 3507 684 3545 into
718 3508 782 3546 the
813 3509 987 3547 number-
1004 3508 1049 3546 of
1115 3506 1282 3555 thought
1301 3507 1414 3544 fittest
1444 3516 1484 3545 to
1503 3508 1649 3545 deceive
1675 3507 1777 3545 their
1795 3522 1903 3556 game
1933 3512 1976 3550 in

179 3555 248 3593 the
267 3558 411 3597 deities.
1116 3560 1219 3597 their
1232 3561 1428 3609 'huntings
1446 3562 1507 3598 To
1527 3561 1602 3598 this
1623 3563 1694 3612 day
1712 3576 1781 3607 our
1793 3562 1977 3613 highlan.

237 3610 303 3660 (4)
333 3613 522 3659 Glastum,
549 3614 616 3652 the
637 3615 732 3653 same
753 3616 850 3653 with
879 3617 1045 3653 Luteum
1117 3616 1196 3652 ders
1217 3614 1328 3653 much
1351 3614 1410 3653 use
1430 3614 1506 3655 this
1525 3615 1673 3657 colom,

181 3662 297 3702 herba
334 3679 348 3715 3
384 3666 464 3705 itis
484 3667 566 3706 that
587 3669 680 3708 herb
708 3671 827 3709 called
844 3671 969 3709 Woad
1003 3683 1045 3708 or

1865 3730 1979 3782 doc„
