2076 3862
571 136 899 202 L1B‘ER
991 132 1501 220 QUARTUS.
1615 172 1618 174 v
1838 134 1926 220 85

149 236 298 291 secum
319 234 547 288 abduxit:
582 235 777 299 ut·apud
812 234 854 281 se
887 232 1300 297 (quemadmodum
1340 233 1599 294 simulabat)
1631 230 1772 299 Regii
1792 232 1927 297 pueri

151 308 301 370 Regio
333 301 478 351 cultui
511 299 817 347 assuescerent.
887 299 1011 346 Cum
1045 297 1215 353 Eder0,
1239 296 1319 358 qui
1353 297 1572 344 minimus
1606 312 1718 355 erat,
1756 299 1926 346 milites

150 367 345 435 praefidii
365 368 560 413 obtentu
581 365 788 429 reliquit,
806 363 977 427 quibus
998 363 1181 408 occulta
1197 361 1385 409 dederat
1406 363 1635 418 mandata,
1657 377 1707 410 ut
1725 365 1833 411 stato
1851 365 1930 410 die

148 450 342 499 puerum
364 431 688 478 interficerent.
735 431 842 483 Sed,
856 444 963 489 cum
983 420 1103 474 Gilli
1123 427 1365 491 ingenium
1387 426 1604 487 omnibus
1626 429 1730 474 esset
1747 440 1927 485 notum,

150 497 304 546 nutrix
325 495 534 543 fraudem
551 494 785 557 suspicata,
809 493 1048 540 alumnum
1070 492 1189 550 clam
1211 491 1438 539 sublatum
1463 493 1596 537 nocie
1626 490 1672 536 in
1701 494 1929 556 Argathe-

147 562 259 613 liam
277 559 517 608 transmisit
538 577 549 606 :
577 575 629 605 ac
643 559 957 620 nequicquam
975 557 1033 603 ad
1051 557 1224 603 caedem
1240 574 1345 603 eum
1359 568 1592 619 quaerente
1607 556 1739 602 Gillo
1755 558 1932 622 aliquot

148 643 294 673 annos
317 627 497 673 occulte
518 623 564 669 in
581 622 796 686 spelunca
817 621 1046 670 educavit.
1101 622 1188 667 Ille
1210 637 1304 667 non
1327 622 1466 667 modo
1488 621 1646 668 fratres
1670 622 1802 683 pueri
1821 636 1932 670 natu

150 692 364 752 majores,
386 690 462 736 sed
484 688 652 735 milites
674 687 814 734 etiam
837 686 1042 733 custodes
1064 684 1252 732 occidit.
1294 685 1450 748 Ipsum
1471 701 1580 733 vero
1603 687 1804 733 Ederum
1823 703 1934 734 cum

109 790 123 801 ,
154 755 289 803 falsus
313 769 470 801 rumor
489 753 539 800 in
561 751 837 799 Hiberniam
861 752 1066 798 delatum
1088 751 1409 814 pervulgasset,
1430 767 1634 813 quaerere
1654 751 1799 798 desiit.
1845 753 1935 798 Sed

151 836 237 867 nec
256 832 479 882 nepotum
501 817 659 865 Durssi
679 817 804 865 caede
826 827 1086 880 perpetrata
1115 814 1220 861 satis
1249 827 1401 862 tutum
1437 815 1588 862 adhuc
1611 815 1652 861 se
1690 815 1933 863 arbitratus

150 885 358 947 quandiu
375 883 618 948 quisquam
638 882 667 928 ’ὲ
690 881 839 947 Regia
860 881 994 944 stirpe
1015 880 1447 943 supereffetmmnes
1479 880 1933 943 propinquos‚-fami-

155 950 375 1012 liaresque
397 947 726 995 interimendos
745 945 935 994 curavit.
1005 947 1237 1001 ProcereS,
1262 945 1343 1009 qui
1365 946 1549 992 moleste
1571 945 1839 1009 praesentem
1864 963 1938 992 re·

152 1032 255 1062 rum
290 1016 459 1062 statum*
492 1012 716 1066 ferebant,
755 1018 796 1059 ὅσ
827 1011 984 1075 pejora
1015 1010 1300 1066 metuebant,
1326 1010 1643 1072 conjuratione
1676 1011 1797 1058 clam
1818 1010 1938 1059 facta

156 1092 286 1127 tanto
310 1077 488 1127 filentio
509 1094 607 1123 rem
629 1089 857 1131 texerunt,
884 1089 934 1123 ut
959 1076 1116 1122 Gillus
1140 1075 1266 1137 prius
1289 1075 1405 1139 geri,
1424 1092 1565 1138 quam
1588 1075 1740 1139 parari
1763 1076 1939 1125 bellum

152 1143 354 1190 senserit.
421 1143 549 1189 Cum
569 1142 821 1188 exercitum
840 1153 1000 1187 contra
1020 1139 1214 1187 rebelles
1240 1153 1443 1204 cogeret,
1478 1140 1625 1195 sensit,
1653 1158 1793 1204 quam
1814 1142 1940 1189 fluxa

157 1207 268 1257 fides
288 1205 529 1254 hominum
551 1221 662 1269 erga
681 1203 916 1252 sceleratos
942 1206 1063 1252 effet.
1132 1205 1259 1251 Nam
1282 1210 1322 1252 δε
1345 1205 1479 1268 pauci
1509 1206 1567 1252 ad
1589 1223 1694 1252 eum
1713 1223 1941 1253 convene-

160 1286 282 1328 runt,
309 1278 347 1320 &
372 1272 422 1318 hi
453 1271 564 1326 fere,
595 1268 676 1332 qui
710 1282 898 1333 propter
921 1268 1163 1332 superioris
1184 1269 1291 1322 vitae
1313 1269 1489 1333 flagitia
1512 1286 1673 1333 pacem
1697 1271 1948 1329 timebant,v

156 1339 321 1400 Itaque
354 1336 442 1384 suis
468 1334 636 1382 diffisus
664 1335 824 1381 relicto
862 1334 1065 1384 exercitu
1087 1333 1331 1396 piscatoria
1354 1335 1566 1382 navicula
1587 1334 1635 1384 in
1662 1336 1940 1383 Hiberniam

158 1402 296 1465 sugit.
363 1401 488 1448 Scoti
509 1418 566 1447 ne
603 1399 817 1461 legitimo
850 1411 1058 1446 carerent
1094 1399 1309 1462 imperiO,
1348 1399 1629 1448 Caduallum
1671 1401 1943 1463 conjurandi
1989 1451 1994 1457 ,

157 1465 418 1529 principem
440 1465 587 1528 copiis
610 1460 802 1511 hostium
825 1464 874 1510 in
898 1465 1038 1511 fidem
1059 1463 1253 1527 receptis
1278 1466 1523 1528 Proregem
1547 1479 1717 1513 creant.
1767 1469 1812 1512 Is
1834 1482 1944 1513 curn

161 1531 344 1578 Gillum
369 1529 660 1576 facinorosos
688 1529 892 1592 undique
913 1542 1159 1592 cogentem
1183 1529 1356 1575 bellum
1389 1547 1609 1579 renovare
1631 1531 1748 1578 velle
1771 1531 1945 1580 intelli-

158 1607 304 1657 geret,
325 1612 449 1650 eum,
473 1607 719 1657 antequam
743 1594 899 1658 copias
921 1595 1114 1655 majores
1134 1595 1392 1657 colligeret,
1415 1594 1641 1658 persequi,
1666 1612 1946 1659 quocunque

162 1661 359 1724 fugeret,
383 1659 604 1708 decrevit.
668 1659 882 1720 'Primum
906 1658 954 1706 in
978 1659 1190 1708 AEbudas
1211 1658 1376 1707 insulas
1407 1659 1659 1723 navigavit.
1729 1660 1804 1708 Ibi
1825 1662 1947 1708 Ede.
2001 1688 2003 1690 ·

159 1742 264 1771 rum
289 1742 437 1772 unum,
456 1725 480 1771 ὲ
503 1723 660 1771 Dursti
694 1723 916 1787 progenie
952 1723 1234 1786 superstitem
1265 1724 1324 1770 ad
1351 1724 1393 1781 se
1415 1724 1664 1772 adductum
1696 1725 1949 1775 liberaliter

158 1789 487 1837 instituendum
508 1788 653 1836 dedit.
723 1789 880 1835 Gillus
903 1788 1061 1835 audito
1083 1789 1180 1851 ejus
1202 1788 1400 1836 adventu
1423 1789 1570 1837 rursus
1593 1790 1641 1836 in
1665 1791 1948 1841 Hiberniam

160 1853 277 1904 abiit
296 1871 308 1901 ε
345 1852 611 1918 proceribus
629 1853 726 1915 ejus
746 1853 896 1917 gentis
921 1870 1090 1917 magna
1112 1853 1186 1916 spe
1206 1853 1502 1917 praemiorum
1526 1853 1760 1902 solicitatis
1782 1855 1830 1901 in
1852 1856 1949 1918 pri-

161 1917 250 1968 mis
274 1919 305 1966 fi
324 1919 366 1966 se
388 1919 660 1966 reducerent
676 1918 889 1965 AEbudas
911 1917 966 1965 iis
990 1919 1032 1964 se
1055 1919 1348 1968 donaturum.
1418 1918 1510 1966 His
1532 1920 1948 1982 pollicitationibus

162 2000 383 2045 magnum
403 1983 657 2030 exercitum
680 1985 897 2030 coniecit.
967 1983 1220 2031 Caduallus
1243 1986 1350 2034 cum
1372 1984 1505 2031 rebus
1538 1984 1752 2032 omnibus
1777 1985 1834 2032 ad
1858 1998 1950 2032 tra-

159 2047 410 2108 jeffionem
427 2061 609 2110 paratus
646 2049 768 2105 esset,
793 2065 938 2113 prope
958 2049 1015 2095 de
1036 2047 1167 2095 cursu
1190 2059 1425 2096 revocatus
1448 2051 1526 2104 est,
1566 2062 1615 2096 ut
1638 2052 1678 2096 se
1702 2049 1952 2113 suspicione

165 2112 298 2176 regni
315 2113 423 2164 falsa
444 2112 673 2161 liberaret.
1375 2120 1378 2126 '

789 2213 792 2219 ·
858 2199 997 2252 XIV„
1061 2199 1242 2246 REX.
1939 2223 1941 2225 >

229 2271 360 2318 XIX.
395 2271 484 2318 PR
500 2271 726 2319 IMUM
756 2272 966 2319 omnium
987 2274 1201 2320 Euenum
1222 2273 1441 2335 praeclara
1462 2271 1586 2319 fama
1602 2272 1759 2320 virum
1774 2275 1955 2323 Dona!-

164 2336 211 2393 19
224 2337 257 2382 F
261 2336 574 2399 innaniRegis
594 2337 732 2384 fratre
751 2339 963 2400 genitum
979 2337 1144 2400 populi
1161 2337 1385 2401 suffragiis
1407 2336 1586 2401 Regem
1604 2340 1852 2386 creandum
1872 2355 1953 2388 cu-

162 2395 250 2448 rat.
322 2401 365 2448 Is
384 2414 573 2464 accepto
597 2402 859 2465 magistratu
880 2403 984 2450 loca
1000 2401 1204 2449 hostibus
1223 2414 1502 2465 opportuna,
1527 2420 1580 2449 ac
1598 2404 1800 2451 maxime
1818 2404 1957 2452 mari-

165 2465 279 2513 tima
303 2466 442 2512 firmis
464 2465 682 2529 praesidiis
703 2467 975 2522 communit,
998 2484 1054 2513 ne
1073 2466 1209 2514 subiti
1221 2467 1367 2513 hostes
1385 2467 1764 2531 poffentimpune
1786 2471 1858 2531 (1)
1875 2486 1955 2516 ex>-

167 2530 419 2578 scenfiones
439 2530 603 2578 facere.
675 2531 834 2578 Gillus
856 2533 906 2578 id
929 2548 1032 2579 curn
1063 2531 1274 2587 rescisset,
1313 2536 1353 2578 δε
1375 2531 1472 2594 ipse
1495 2545 1674 2579 mutato
1697 2534 1884 2581 consilio
1906 2535 1956 2584 in

168 2596 287 2645 llam
307 2595 505 2642 insulam*
525 2595 729 2659 navigat.
799 2597 877 2643 Ibi·
899 2613 1005 2644 cum
1028 2596 1185 2644 omnia
1213 2597 1305 2643 late
1328 2596 1465 2650 ferro,
1495 2598 1774 2661 flammaque
1795 2600 1955 2646 vastas—

167 2659 247 2714 set,
272 2660 320 2707 in
344 2659 620 2708 Hiberniam
642 2660 805 2708 rediits
865 2658 1068 2717 Euenus,
1095 2659 1280 2708 nebel-li
1307 2661 1484 2708 fontem
1508 2662 1803 2720 exhauriret,-
1827 2681 1955 2728 mag-

169 2740 284 2770 num
306 2727 362 2771 eo
382 2725 641 2779 exercitum.
661 2726 778 2772 duce
802 2725 1032 2774 Caduallo
1055 2725 1215 2774 mittit.
1292 2727 1396 2773 Nec
1433 2727 1591 2773 Gillus
1614 2742 1845 2777 certamen
1876 2731 1958 2776 de-

168 2792 344 2836 trectat.
380 2791 474 2836 Sed.
492 2807 517 2836 a
539 2789 627 2839 suis
647 2791 793 2853 magis
815 2793 1196 2855 praedam,2quam
1219 2791 1383 2838 ducem
1404 2790 1564 2837 secu-tis
1587 2793 1958 2849 destitutus,ves-

168 2867 212 2900 te
247 2868 421 2900 mutata
452 2853 501 2900 in
523 2855 842 2919 propinquum
863 2872 1024 2904 nemus
1060 2856 1186 2920 fugit
1219 2857 1377 2919 paucis
1402 2874 1426 2902 e
1459 2871 1588 2903 ‘tanto
1626 2875 1816 2905 nurnero
1851 2876 1959 2908 eum
2026 2888 2028 2890 ·

169 2918 514 2973 comitantibusss
540 2918 544 2922 ’
565 2919 810 2983 Reliquus
833 2920 1060 2968 exercitus
1084 2938 1110 2967 a
1131 2920 1280 2976 soene,
1306 2926 1348 2967 δι
1370 2920 1487 2968 duce
1509 2922 1719 2983 proditus
1742 2923 1785 2969 se
1800 2925 1959 2972 Cadu-

173 2982 483 3031 allo'dedidit.
555 2980 832 3050 Gillffsssspffl
853 2987 1066 3050 praelium
1089 2985 1170 3032 diu
1193 2986 1404 3048 quaefitus
1429 2983 1684 3033 tandem‘in
1711 2999 1840 3036 antro
1875 2992 1959 3037 ob-

170 3046 303 3093 scuro
326 3060 531 3111 repertus
555 3049 810 3114 trucidatur
833 3049 968 3097 tertio
990 3065 1348 3114 quamn-egnum
1366 3064 1672 3113 occupaverat
1695 3069 1833 3102 anno,
1869 3056 1960 3102 Ca-

170 3123 256 3172 put
278 3114 470 3160 relatum
491 3113 868 3169 ad'C‘atluallum,
937 3116 1058 3161 Eum
1089 3115 1224 3162 rebus
1261 3114 1459 3162 feliciter
1481 3115 1615 3178 gesti-s
1651 3133 1708 3163 ex
1730 3119 1963 3168 Hibernia

171 3175 555 3240 redeuntem'n‘oii
578 3175 741 3224 eadem
766 3178 1170 3242 fortuna'excepit.
1208 3180 1440 3239 Majorem
1463 3179 1588 3226 enim
1612 3182 1838 3229 exercitus
1856 3202 1961 3248 par-

172 3252 265 3286 tem
290 3235 549 3297 cu‘nfomx'ii
569 3243 728 3305 praeda
746 3229 872 3290 foeda
894 3245 1158 3307 tempestate
1180 3257 1371 3290 vexatus
1393 3242 1557 3292 amifit.
1613 3246 1755 3293 Unde
1779 3260 1958 3299 tantum

176 3305 393 3367 concepit
413 3310 659 3354 moerorem
680 3320 732 3354 ut
754 3305 846 3355 non
881 3309 996 3355 adeo
1020 3308 1099 3355 diu
1121 3309 1222 3371 post
1245 3307 1520 3371 aegritudine
1552 3309 1695 3357 animi
1725 3313 1961 3369 confectus

177 3368 403 3419 interierit
424 3387 434 3414 ε
468 3370 598 3433 Rege
621 3369 786 3418 frustra.
803 3363 1082 3428 consolante,
1120 3390 1173 3419 ac
1194 3389 1264 3418 res
1300 3374 1519 3435 praeclare
1538 3374 1662 3421 bello
1695 3377 1838 3438 gestas
1863 3374 1963 3429 laag

172 3432 326 3488 dante,
351 3433 534 3479 adversa
554 3434 601 3480 in
624 3435 821 3494 fortunae
843 3434 1061 3484 saevitiem
1084 3436 1366 3484 conferente.
1404 3438 1506 3483 Rex
1525 3454 1671 3484 novus
1698 3442 1784 3485 ho:
1807 3459 1959 3494 rerum

164 3496 367 3544 'successu
389 3497 566 3553 clarus,
577 3500 1023 3562 Pacemcumpiffls‘
1045 3500 1321 3551 renovavit:
1357 3506 1400 3550 δε
1417 3501 1566 3550 Gethi
1587 3502 1708 3552 tertii
1727 3503 1962 3571 Pistomm

184 3661 191 3666 .
235 3626 298 3677 (ι)
329 3629 516 3670 Laudent>
529 3630 573 3667 of
585 3627 686 3671 their
701 3628 824 3684 ships„

1819 3683 1963 3758 ἓξὲξ-ε

465 3802 491 3810 ,κ
