<?xml version="1.0" encoding="UTF-8"?>
<!DOCTYPE html PUBLIC "-//W3C//DTD XHTML 1.0 Transitional//EN"
    "http://www.w3.org/TR/xhtml1/DTD/xhtml1-transitional.dtd">
<html xmlns="http://www.w3.org/1999/xhtml" xml:lang="en" lang="en">
 <head>
  <title>
</title>
<meta http-equiv="Content-Type" content="text/html;charset=utf-8" />
  <meta name='ocr-system' content='tesseract 3.04.00' />
  <meta name='ocr-capabilities' content='ocr_page ocr_carea ocr_par ocr_line ocrx_word'/>
</head>
<body>
  <div class='ocr_page' id='page_1' title='image "./rerumscoticarumh01buch_0615.png"; bbox 0 0 2010 3851; ppageno 0'>
   <div class='ocr_carea' id='block_1_1' title="bbox 469 177 1864 259">
    <p class='ocr_par' dir='ltr' id='par_1_1' title="bbox 469 177 1864 259">
     <span class='ocr_line' id='line_1_1' title="bbox 469 177 1864 259; baseline -0.012 -7"><span class='ocrx_word' id='word_1_1' title='bbox 469 186 812 252; x_wconf 40' lang='lat' dir='ltr'>121ss2ss</span> <span class='ocrx_word' id='word_1_2' title='bbox 884 177 1536 246; x_wconf 75' lang='lat' dir='ltr'>VIGESIMUS.&#39;</span> <span class='ocrx_word' id='word_1_3' title='bbox 1700 189 1864 259; x_wconf 62' lang='lat'>&#39;597</span> 
     </span>
    </p>
   </div>
   <div class='ocr_carea' id='block_1_2' title="bbox 68 273 1932 3371">
    <p class='ocr_par' dir='ltr' id='par_1_2' title="bbox 68 273 1903 2080">
     <span class='ocr_line' id='line_1_2' title="bbox 106 273 1858 337; baseline -0.01 -2"><span class='ocrx_word' id='word_1_4' title='bbox 106 288 287 337; x_wconf 70' lang='lat' dir='ltr'>raudus,</span> <span class='ocrx_word' id='word_1_5' title='bbox 335 284 471 333; x_wconf 65' lang='lat' dir='ltr'>⁴Eum</span> <span class='ocrx_word' id='word_1_6' title='bbox 493 299 598 328; x_wconf 89' lang='lat' dir='ltr'>cum</span> <span class='ocrx_word' id='word_1_7' title='bbox 622 279 881 329; x_wconf 82' lang='lat' dir='ltr'>Alexander</span> <span class='ocrx_word' id='word_1_8' title='bbox 903 277 1148 326; x_wconf 76' lang='lat' dir='ltr'>Ramisaeus</span> <span class='ocrx_word' id='word_1_9' title='bbox 1174 291 1277 322; x_wconf 88' lang='lat' dir='ltr'>cum</span> <span class='ocrx_word' id='word_1_10' title='bbox 1301 275 1479 322; x_wconf 85' lang='lat' dir='ltr'>duobus</span> <span class='ocrx_word' id='word_1_11' title='bbox 1503 273 1858 336; x_wconf 75' lang='lat' dir='ltr'>manipularibus</span> 
     </span>
     <span class='ocr_line' id='line_1_3' title="bbox 105 337 1860 409; baseline -0.01 -9"><span class='ocrx_word' id='word_1_12' title='bbox 105 351 379 404; x_wconf 76' lang='lat' dir='ltr'>ascendisset,</span> <span class='ocrx_word' id='word_1_13' title='bbox 414 346 578 409; x_wconf 78' lang='lat' dir='ltr'>yigiles</span> <span class='ocrx_word' id='word_1_14' title='bbox 600 362 676 392; x_wconf 86' lang='lat' dir='ltr'>eos</span> <span class='ocrx_word' id='word_1_15' title='bbox 700 343 946 407; x_wconf 86' lang='lat' dir='ltr'>conspicati</span> <span class='ocrx_word' id='word_1_16' title='bbox 968 342 1166 389; x_wconf 84' lang='lat' dir='ltr'>excitato</span> <span class='ocrx_word' id='word_1_17' title='bbox 1188 339 1332 386; x_wconf 87' lang='lat' dir='ltr'>statim</span> <span class='ocrx_word' id='word_1_18' title='bbox 1367 338 1568 402; x_wconf 86' lang='lat' dir='ltr'>tumultu</span> <span class='ocrx_word' id='word_1_19' title='bbox 1591 338 1690 384; x_wconf 82' lang='lat' dir='ltr'>saxa</span> <span class='ocrx_word' id='word_1_20' title='bbox 1712 337 1860 398; x_wconf 85' lang='lat' dir='ltr'>conji-</span> 
     </span>
     <span class='ocr_line' id='line_1_4' title="bbox 110 402 1860 473; baseline -0.009 -11"><span class='ocrx_word' id='word_1_21' title='bbox 110 418 253 462; x_wconf 89' lang='lat' dir='ltr'>ciunt.</span> <span class='ocrx_word' id='word_1_22' title='bbox 324 411 566 463; x_wconf 79' lang='lat' dir='ltr'>Ramisaeus</span> <span class='ocrx_word' id='word_1_23' title='bbox 591 411 756 473; x_wconf 85' lang='lat' dir='ltr'>impari</span> <span class='ocrx_word' id='word_1_24' title='bbox 786 425 950 472; x_wconf 82' lang='lat' dir='ltr'><strong>genere</strong></span> <span class='ocrx_word' id='word_1_25' title='bbox 985 421 1151 469; x_wconf 82' lang='lat' dir='ltr'>pugnae</span> <span class='ocrx_word' id='word_1_26' title='bbox 1172 402 1490 466; x_wconf 82' lang='lat' dir='ltr'>deprehensus,</span> <span class='ocrx_word' id='word_1_27' title='bbox 1510 416 1614 447; x_wconf 83' lang='lat' dir='ltr'>cum</span> <span class='ocrx_word' id='word_1_28' title='bbox 1638 418 1720 448; x_wconf 89' lang='lat' dir='ltr'>nec</span> <span class='ocrx_word' id='word_1_29' title='bbox 1742 403 1860 455; x_wconf 78' lang='lat' dir='ltr'>saxa,</span> 
     </span>
     <span class='ocr_line' id='line_1_5' title="bbox 109 466 1866 543; baseline -0.009 -16"><span class='ocrx_word' id='word_1_30' title='bbox 109 480 275 543; x_wconf 86' lang='lat' dir='ltr'>quibus</span> <span class='ocrx_word' id='word_1_31' title='bbox 298 478 467 523; x_wconf 79' lang='lat' dir='ltr'>hostem</span> <span class='ocrx_word' id='word_1_32' title='bbox 487 486 676 535; x_wconf 87' lang='lat' dir='ltr'>peteret,</span> <span class='ocrx_word' id='word_1_33' title='bbox 712 489 794 520; x_wconf 88' lang='lat' dir='ltr'>nec</span> <span class='ocrx_word' id='word_1_34' title='bbox 814 473 1005 525; x_wconf 76' lang='lat' dir='ltr'>scutum,</span> <span class='ocrx_word' id='word_1_35' title='bbox 1038 486 1130 532; x_wconf 88' lang='lat' dir='ltr'>quo</span> <span class='ocrx_word' id='word_1_36' title='bbox 1152 469 1193 515; x_wconf 88' lang='lat' dir='ltr'>se</span> <span class='ocrx_word' id='word_1_37' title='bbox 1213 479 1471 531; x_wconf 86' lang='lat' dir='ltr'>protegeret</span> <span class='ocrx_word' id='word_1_38' title='bbox 1490 466 1691 519; x_wconf 86' lang='lat' dir='ltr'>haberet,</span> <span class='ocrx_word' id='word_1_39' title='bbox 1716 471 1739 513; x_wconf 80' lang='lat' dir='ltr'>e</span> <span class='ocrx_word' id='word_1_40' title='bbox 1767 484 1866 512; x_wconf 73' lang='lat' dir='ltr'>mu-</span> 
     </span>
     <span class='ocr_line' id='line_1_6' title="bbox 68 530 1869 596; baseline -0.01 -5"><span class='ocrx_word' id='word_1_41' title='bbox 68 578 71 581; x_wconf 30' lang='lat' dir='ltr'>r</span> <span class='ocrx_word' id='word_1_42' title='bbox 110 562 162 591; x_wconf 86' lang='lat' dir='ltr'>ro</span> <span class='ocrx_word' id='word_1_43' title='bbox 185 541 364 595; x_wconf 74' lang='lat' dir='ltr'>desiliit,</span> <span class='ocrx_word' id='word_1_44' title='bbox 400 543 448 588; x_wconf 85' lang='lat'>&amp;</span> <span class='ocrx_word' id='word_1_45' title='bbox 467 539 800 585; x_wconf 83' lang='lat' dir='ltr'>circumventus</span> <span class='ocrx_word' id='word_1_46' title='bbox 825 554 849 582; x_wconf 91' lang='lat' dir='ltr'>a</span> <span class='ocrx_word' id='word_1_47' title='bbox 873 536 1014 582; x_wconf 88' lang='lat' dir='ltr'>tribus</span> <span class='ocrx_word' id='word_1_48' title='bbox 1036 532 1256 596; x_wconf 82' lang='lat' dir='ltr'>vigilibus</span> <span class='ocrx_word' id='word_1_49' title='bbox 1280 545 1430 579; x_wconf 89' lang='lat' dir='ltr'>tamen</span> <span class='ocrx_word' id='word_1_50' title='bbox 1455 546 1657 592; x_wconf 51' lang='lat' dir='ltr'>pugnam</span> <span class='ocrx_word' id='word_1_51' title='bbox 1685 530 1869 575; x_wconf 78' lang='lat' dir='ltr'>sustinu-</span> 
     </span>
     <span class='ocr_line' id='line_1_7' title="bbox 110 592 1871 665; baseline -0.007 -12"><span class='ocrx_word' id='word_1_52' title='bbox 110 608 164 661; x_wconf 78' lang='lat' dir='ltr'>it,</span> <span class='ocrx_word' id='word_1_53' title='bbox 189 608 334 652; x_wconf 87' lang='lat' dir='ltr'>donec</span> <span class='ocrx_word' id='word_1_54' title='bbox 366 603 554 650; x_wconf 79' lang='lat' dir='ltr'><strong>comites</strong></span> <span class='ocrx_word' id='word_1_55' title='bbox 578 603 724 665; x_wconf 82' lang='lat' dir='ltr'>magis</span> <span class='ocrx_word' id='word_1_56' title='bbox 745 602 884 654; x_wconf 83' lang='lat' dir='ltr'>illius,</span> <span class='ocrx_word' id='word_1_57' title='bbox 911 615 1047 662; x_wconf 86' lang='lat' dir='ltr'>quam</span> <span class='ocrx_word' id='word_1_58' title='bbox 1071 599 1147 644; x_wconf 87' lang='lat' dir='ltr'>suo</span> <span class='ocrx_word' id='word_1_59' title='bbox 1169 597 1374 660; x_wconf 86' lang='lat' dir='ltr'>periculo</span> <span class='ocrx_word' id='word_1_60' title='bbox 1398 594 1562 642; x_wconf 85' lang='lat' dir='ltr'>soliciti</span> <span class='ocrx_word' id='word_1_61' title='bbox 1594 592 1635 638; x_wconf 88' lang='lat' dir='ltr'>se</span> <span class='ocrx_word' id='word_1_62' title='bbox 1659 594 1871 656; x_wconf 68' lang='lat' dir='ltr'>praccipi-</span> 
     </span>
     <span class='ocr_line' id='line_1_8' title="bbox 111 656 1876 728; baseline -0.008 -11"><span class='ocrx_word' id='word_1_63' title='bbox 111 681 282 724; x_wconf 86' lang='lat' dir='ltr'>tarunt,</span> <span class='ocrx_word' id='word_1_64' title='bbox 316 675 354 714; x_wconf 68' lang='grc' dir='ltr'>δε</span> <span class='ocrx_word' id='word_1_65' title='bbox 379 680 465 714; x_wconf 86' lang='lat' dir='ltr'>tres</span> <span class='ocrx_word' id='word_1_66' title='bbox 489 666 652 728; x_wconf 78' lang='lat' dir='ltr'>vigiles</span> <span class='ocrx_word' id='word_1_67' title='bbox 675 666 819 723; x_wconf 84' lang='lat' dir='ltr'>statim</span> <span class='ocrx_word' id='word_1_68' title='bbox 842 665 1151 711; x_wconf 55' lang='lat' dir='ltr'>confecerunt,</span> <span class='ocrx_word' id='word_1_69' title='bbox 1187 672 1193 681; x_wconf 74' lang='lat'><em>&#39;</em></span> <span class='ocrx_word' id='word_1_70' title='bbox 1220 663 1398 723; x_wconf 83' lang='lat' dir='ltr'>Interea</span> <span class='ocrx_word' id='word_1_71' title='bbox 1416 675 1518 706; x_wconf 90' lang='lat' dir='ltr'>cum</span> <span class='ocrx_word' id='word_1_72' title='bbox 1542 656 1707 722; x_wconf 80' lang='lat' dir='ltr'>reliqui</span> <span class='ocrx_word' id='word_1_73' title='bbox 1729 675 1876 720; x_wconf 82' lang='lat' dir='ltr'>quan-</span> 
     </span>
     <span class='ocr_line' id='line_1_9' title="bbox 114 724 1869 796; baseline -0.006 -16"><span class='ocrx_word' id='word_1_74' title='bbox 114 748 214 780; x_wconf 76' lang='lat' dir='ltr'>tum</span> <span class='ocrx_word' id='word_1_75' title='bbox 239 734 410 796; x_wconf 74' lang='lat' dir='ltr'>poffent</span> <span class='ocrx_word' id='word_1_76' title='bbox 432 731 819 793; x_wconf 76' lang='lat' dir='ltr'>subsequerentur,</span> <span class='ocrx_word' id='word_1_77' title='bbox 858 745 1012 774; x_wconf 84' lang='lat' dir='ltr'>murus</span> <span class='ocrx_word' id='word_1_78' title='bbox 1034 728 1250 773; x_wconf 85' lang='lat' dir='ltr'>vetustate</span> <span class='ocrx_word' id='word_1_79' title='bbox 1282 742 1425 788; x_wconf 85' lang='lat' dir='ltr'>prope</span> <span class='ocrx_word' id='word_1_80' title='bbox 1447 724 1616 770; x_wconf 87' lang='lat' dir='ltr'>solutus</span> <span class='ocrx_word' id='word_1_81' title='bbox 1651 724 1869 785; x_wconf 80' lang='lat' dir='ltr'>pondere,</span> 
     </span>
     <span class='ocr_line' id='line_1_10' title="bbox 116 786 1876 856; baseline -0.006 -11"><span class='ocrx_word' id='word_1_82' title='bbox 116 803 166 846; x_wconf 70' lang='grc' dir='ltr'>δε</span> <span class='ocrx_word' id='word_1_83' title='bbox 190 810 358 844; x_wconf 89' lang='lat' dir='ltr'>conatu</span> <span class='ocrx_word' id='word_1_84' title='bbox 381 795 691 842; x_wconf 85' lang='lat' dir='ltr'>scandentium</span> <span class='ocrx_word' id='word_1_85' title='bbox 720 792 965 856; x_wconf 75' lang='lat' dir='ltr'>procubuit</span> <span class='ocrx_word' id='word_1_86' title='bbox 1001 810 1011 837; x_wconf 73' lang='grc' dir='ltr'>ε</span> <span class='ocrx_word' id='word_1_87' title='bbox 1046 807 1096 836; x_wconf 86' lang='lat' dir='ltr'>ac</span> <span class='ocrx_word' id='word_1_88' title='bbox 1132 807 1222 837; x_wconf 88' lang='lat' dir='ltr'>non</span> <span class='ocrx_word' id='word_1_89' title='bbox 1246 803 1422 837; x_wconf 83' lang='lat' dir='ltr'>tant-um</span> <span class='ocrx_word' id='word_1_90' title='bbox 1446 786 1575 835; x_wconf 87' lang='lat' dir='ltr'>ruina</span> <span class='ocrx_word' id='word_1_91' title='bbox 1596 786 1671 836; x_wconf 88' lang='lat' dir='ltr'>sua</span> <span class='ocrx_word' id='word_1_92' title='bbox 1700 786 1876 835; x_wconf 86' lang='lat' dir='ltr'>aditum</span> 
     </span>
     <span class='ocr_line' id='line_1_11' title="bbox 114 851 1876 922; baseline -0.006 -14"><span class='ocrx_word' id='word_1_93' title='bbox 114 862 350 922; x_wconf 79' lang='lat' dir='ltr'>patefecit,</span> <span class='ocrx_word' id='word_1_94' title='bbox 383 860 457 906; x_wconf 90' lang='lat' dir='ltr'>sed</span> <span class='ocrx_word' id='word_1_95' title='bbox 491 877 569 922; x_wconf 89' lang='lat' dir='ltr'>per</span> <span class='ocrx_word' id='word_1_96' title='bbox 590 876 752 922; x_wconf 84' lang='lat' dir='ltr'>rupem</span> <span class='ocrx_word' id='word_1_97' title='bbox 773 856 910 903; x_wconf 85' lang='lat' dir='ltr'>etiam</span> <span class='ocrx_word' id='word_1_98' title='bbox 933 856 1050 902; x_wconf 82' lang='lat' dir='ltr'>intra</span> <span class='ocrx_word' id='word_1_99' title='bbox 1077 869 1224 901; x_wconf 83' lang='lat' dir='ltr'>arcem</span> <span class='ocrx_word' id='word_1_100' title='bbox 1249 854 1498 916; x_wconf 80' lang='lat' dir='ltr'>praealtam‚</span> <span class='ocrx_word' id='word_1_101' title='bbox 1536 858 1576 899; x_wconf 75' lang='grc' dir='ltr'>δε</span> <span class='ocrx_word' id='word_1_102' title='bbox 1599 851 1876 914; x_wconf 82' lang='lat' dir='ltr'>inaequalem</span> 
     </span>
     <span class='ocr_line' id='line_1_12' title="bbox 115 917 1882 983; baseline -0.005 -11"><span class='ocrx_word' id='word_1_103' title='bbox 115 926 367 972; x_wconf 81' lang='lat' dir='ltr'>faciliorem</span> <span class='ocrx_word' id='word_1_104' title='bbox 393 924 649 971; x_wconf 75' lang='lat' dir='ltr'>descensum</span> <span class='ocrx_word' id='word_1_105' title='bbox 674 923 799 970; x_wconf 87' lang='lat' dir='ltr'>fecit.</span> <span class='ocrx_word' id='word_1_106' title='bbox 851 920 1129 967; x_wconf 82' lang='lat' dir='ltr'>Catervatim</span> <span class='ocrx_word' id='word_1_107' title='bbox 1153 919 1296 982; x_wconf 82' lang='lat' dir='ltr'>igitur</span> <span class='ocrx_word' id='word_1_108' title='bbox 1316 917 1492 983; x_wconf 84' lang='lat' dir='ltr'>ingressi</span> <span class='ocrx_word' id='word_1_109' title='bbox 1515 932 1683 980; x_wconf 84' lang='lat' dir='ltr'>magno</span> <span class='ocrx_word' id='word_1_110' title='bbox 1710 918 1882 965; x_wconf 86' lang='lat' dir='ltr'>tumul·</span> 
     </span>
     <span class='ocr_line' id='line_1_13' title="bbox 120 981 1883 1052; baseline -0.006 -15"><span class='ocrx_word' id='word_1_111' title='bbox 120 1005 168 1037; x_wconf 89' lang='lat' dir='ltr'>tu</span> <span class='ocrx_word' id='word_1_112' title='bbox 192 1007 295 1037; x_wconf 87' lang='lat' dir='ltr'>cum</span> <span class='ocrx_word' id='word_1_113' title='bbox 331 991 504 1043; x_wconf 85' lang='lat' dir='ltr'>Deum,</span> <span class='ocrx_word' id='word_1_114' title='bbox 543 1005 595 1034; x_wconf 87' lang='lat' dir='ltr'>ac</span> <span class='ocrx_word' id='word_1_115' title='bbox 616 990 794 1052; x_wconf 83' lang='lat' dir='ltr'>Regem</span> <span class='ocrx_word' id='word_1_116' title='bbox 817 984 1121 1047; x_wconf 75' lang='lat' dir='ltr'>expeditionis</span> <span class='ocrx_word' id='word_1_117' title='bbox 1144 984 1300 1039; x_wconf 90' lang='lat' dir='ltr'>duces,</span> <span class='ocrx_word' id='word_1_118' title='bbox 1337 1000 1388 1030; x_wconf 89' lang='lat' dir='ltr'>ac</span> <span class='ocrx_word' id='word_1_119' title='bbox 1410 999 1575 1034; x_wconf 78' lang='lat' dir='ltr'>nomen</span> <span class='ocrx_word' id='word_1_120' title='bbox 1612 981 1819 1044; x_wconf 87' lang='lat' dir='ltr'>Proregis</span> <span class='ocrx_word' id='word_1_121' title='bbox 1841 983 1883 1030; x_wconf 84' lang='lat' dir='ltr'>i-</span> 
     </span>
     <span class='ocr_line' id='line_1_14' title="bbox 120 1044 1886 1116; baseline -0.005 -16"><span class='ocrx_word' id='word_1_122' title='bbox 120 1055 354 1102; x_wconf 88' lang='lat' dir='ltr'>dentidem</span> <span class='ocrx_word' id='word_1_123' title='bbox 372 1055 719 1116; x_wconf 80' lang='lat' dir='ltr'>proclamareht,</span> <span class='ocrx_word' id='word_1_124' title='bbox 740 1052 941 1098; x_wconf 86' lang='lat' dir='ltr'>custodes</span> <span class='ocrx_word' id='word_1_125' title='bbox 967 1050 1089 1095; x_wconf 81' lang='lat' dir='ltr'>velut</span> <span class='ocrx_word' id='word_1_126' title='bbox 1104 1049 1286 1095; x_wconf 82' lang='lat' dir='ltr'>attoniti</span> <span class='ocrx_word' id='word_1_127' title='bbox 1305 1065 1472 1112; x_wconf 84' lang='lat' dir='ltr'>pugnae</span> <span class='ocrx_word' id='word_1_128' title='bbox 1490 1045 1640 1098; x_wconf 88' lang='lat' dir='ltr'>obliti,</span> <span class='ocrx_word' id='word_1_129' title='bbox 1657 1046 1750 1107; x_wconf 70' lang='lat' dir='ltr'>qua</span> <span class='ocrx_word' id='word_1_130' title='bbox 1763 1044 1886 1107; x_wconf 89' lang='lat' dir='ltr'>quis-</span> 
     </span>
     <span class='ocr_line' id='line_1_15' title="bbox 121 1110 1887 1182; baseline -0.005 -17"><span class='ocrx_word' id='word_1_131' title='bbox 121 1136 211 1181; x_wconf 92' lang='lat' dir='ltr'>que</span> <span class='ocrx_word' id='word_1_132' title='bbox 231 1119 514 1182; x_wconf 81' lang='lat' dir='ltr'>poterat,suae</span> <span class='ocrx_word' id='word_1_133' title='bbox 529 1118 659 1163; x_wconf 71' lang='lat' dir='ltr'>saluti</span> <span class='ocrx_word' id='word_1_134' title='bbox 674 1116 879 1163; x_wconf 81' lang='lat' dir='ltr'>consulit.</span> <span class='ocrx_word' id='word_1_135' title='bbox 901 1113 1043 1160; x_wconf 83' lang='lat' dir='ltr'>Multi</span> <span class='ocrx_word' id='word_1_136' title='bbox 1058 1114 1167 1159; x_wconf 87' lang='lat' dir='ltr'>dum</span> <span class='ocrx_word' id='word_1_137' title='bbox 1187 1112 1358 1174; x_wconf 85' lang='lat' dir='ltr'>primus</span> <span class='ocrx_word' id='word_1_138' title='bbox 1377 1114 1574 1174; x_wconf 79' lang='lat' dir='ltr'>impetus</span> <span class='ocrx_word' id='word_1_139' title='bbox 1589 1110 1887 1165; x_wconf 50' lang='lat' dir='ltr'>desaeviressse</span> 
     </span>
     <span class='ocr_line' id='line_1_16' title="bbox 120 1173 1888 1238; baseline -0.003 -10"><span class='ocrx_word' id='word_1_140' title='bbox 120 1184 241 1230; x_wconf 76' lang='lat' dir='ltr'>intra</span> <span class='ocrx_word' id='word_1_141' title='bbox 259 1185 418 1230; x_wconf 86' lang='lat' dir='ltr'>domos</span> <span class='ocrx_word' id='word_1_142' title='bbox 437 1183 766 1228; x_wconf 78' lang='lat' dir='ltr'>concluserunt.</span> <span class='ocrx_word' id='word_1_143' title='bbox 798 1178 1048 1226; x_wconf 81' lang='lat' dir='ltr'>Fiaminius</span> <span class='ocrx_word' id='word_1_144' title='bbox 1068 1194 1172 1223; x_wconf 88' lang='lat' dir='ltr'>cum</span> <span class='ocrx_word' id='word_1_145' title='bbox 1196 1194 1275 1238; x_wconf 88' lang='lat' dir='ltr'>per</span> <span class='ocrx_word' id='word_1_146' title='bbox 1293 1176 1529 1237; x_wconf 82' lang='lat' dir='ltr'>obliquam</span> <span class='ocrx_word' id='word_1_147' title='bbox 1545 1191 1706 1236; x_wconf 87' lang='lat' dir='ltr'>rupem</span> <span class='ocrx_word' id='word_1_148' title='bbox 1725 1173 1765 1221; x_wconf 90' lang='lat' dir='ltr'>se</span> <span class='ocrx_word' id='word_1_149' title='bbox 1785 1175 1888 1223; x_wconf 85' lang='lat' dir='ltr'>sub·</span> 
     </span>
     <span class='ocr_line' id='line_1_17' title="bbox 123 1239 1888 1309; baseline -0.005 -15"><span class='ocrx_word' id='word_1_150' title='bbox 123 1249 311 1294; x_wconf 81' lang='lat' dir='ltr'>duceret</span> <span class='ocrx_word' id='word_1_151' title='bbox 333 1244 842 1309; x_wconf 75' lang='lat' dir='ltr'>perieulis,comite,qui</span> <span class='ocrx_word' id='word_1_152' title='bbox 868 1261 979 1289; x_wconf 82' lang='lat' dir='ltr'>unus</span> <span class='ocrx_word' id='word_1_153' title='bbox 1002 1259 1109 1288; x_wconf 82' lang='lat' dir='ltr'>eum</span> <span class='ocrx_word' id='word_1_154' title='bbox 1124 1240 1511 1303; x_wconf 61' lang='lat' dir='ltr'>sequebaturietm</span> <span class='ocrx_word' id='word_1_155' title='bbox 1530 1239 1737 1285; x_wconf 82' lang='lat' dir='ltr'>aestatim</span> <span class='ocrx_word' id='word_1_156' title='bbox 1752 1256 1888 1286; x_wconf 87' lang='lat' dir='ltr'>ruen-</span> 
     </span>
     <span class='ocr_line' id='line_1_18' title="bbox 126 1303 1889 1374; baseline -0.005 -16"><span class='ocrx_word' id='word_1_157' title='bbox 126 1325 172 1357; x_wconf 74' lang='lat' dir='ltr'>te</span> <span class='ocrx_word' id='word_1_158' title='bbox 193 1312 409 1358; x_wconf 84' lang='lat' dir='ltr'>attonitus</span> <span class='ocrx_word' id='word_1_159' title='bbox 427 1327 541 1371; x_wconf 85' lang='lat' dir='ltr'>pene</span> <span class='ocrx_word' id='word_1_160' title='bbox 556 1329 635 1374; x_wconf 88' lang='lat' dir='ltr'>per</span> <span class='ocrx_word' id='word_1_161' title='bbox 654 1310 777 1356; x_wconf 86' lang='lat' dir='ltr'>invia</span> <span class='ocrx_word' id='word_1_162' title='bbox 798 1307 1044 1360; x_wconf 84' lang='lat' dir='ltr'>descendit,</span> <span class='ocrx_word' id='word_1_163' title='bbox 1060 1323 1111 1352; x_wconf 83' lang='lat' dir='ltr'>ac</span> <span class='ocrx_word' id='word_1_164' title='bbox 1133 1323 1214 1367; x_wconf 88' lang='lat' dir='ltr'>per</span> <span class='ocrx_word' id='word_1_165' title='bbox 1236 1306 1462 1368; x_wconf 87' lang='lat' dir='ltr'>portulam</span> <span class='ocrx_word' id='word_1_166' title='bbox 1487 1304 1663 1350; x_wconf 68' lang='lat' dir='ltr'>emissus</span> <span class='ocrx_word' id='word_1_167' title='bbox 1699 1303 1889 1350; x_wconf 84' lang='lat' dir='ltr'>flumine</span> 
     </span>
     <span class='ocr_line' id='line_1_19' title="bbox 123 1368 1890 1434; baseline -0.003 -13"><span class='ocrx_word' id='word_1_168' title='bbox 123 1376 187 1423; x_wconf 88' lang='lat' dir='ltr'>ob</span> <span class='ocrx_word' id='word_1_169' title='bbox 212 1376 346 1423; x_wconf 85' lang='lat' dir='ltr'>maris</span> <span class='ocrx_word' id='word_1_170' title='bbox 374 1377 523 1421; x_wconf 65' lang='lat' dir='ltr'>felium</span> <span class='ocrx_word' id='word_1_171' title='bbox 551 1376 778 1420; x_wconf 8' lang='lat' dir='ltr'>adimaros</span> <span class='ocrx_word' id='word_1_172' title='bbox 803 1372 940 1434; x_wconf 87' lang='lat' dir='ltr'>usque</span> <span class='ocrx_word' id='word_1_173' title='bbox 962 1372 1100 1418; x_wconf 82' lang='lat' dir='ltr'>effuso</span> <span class='ocrx_word' id='word_1_174' title='bbox 1124 1369 1378 1416; x_wconf 83' lang='lat' dir='ltr'>naviculam</span> <span class='ocrx_word' id='word_1_175' title='bbox 1403 1372 1557 1416; x_wconf 63' lang='lat' dir='ltr'>naftus</span> <span class='ocrx_word' id='word_1_176' title='bbox 1580 1368 1627 1414; x_wconf 81' lang='lat' dir='ltr'>in</span> <span class='ocrx_word' id='word_1_177' title='bbox 1661 1369 1890 1431; x_wconf 81' lang='lat' dir='ltr'>Argathe-</span> 
     </span>
     <span class='ocr_line' id='line_1_20' title="bbox 125 1433 1891 1504; baseline -0.004 -17"><span class='ocrx_word' id='word_1_178' title='bbox 125 1440 236 1487; x_wconf 75' lang='lat' dir='ltr'>liam</span> <span class='ocrx_word' id='word_1_179' title='bbox 261 1441 483 1504; x_wconf 76' lang='lat' dir='ltr'>profugit.</span> <span class='ocrx_word' id='word_1_180' title='bbox 521 1440 740 1486; x_wconf 78' lang='lat' dir='ltr'>Custodes</span> <span class='ocrx_word' id='word_1_181' title='bbox 762 1437 933 1483; x_wconf 78' lang='lat' dir='ltr'>infimae</span> <span class='ocrx_word' id='word_1_182' title='bbox 957 1436 1087 1489; x_wconf 76' lang='lat' dir='ltr'>arcis,</span> <span class='ocrx_word' id='word_1_183' title='bbox 1111 1452 1162 1481; x_wconf 86' lang='lat' dir='ltr'>ac</span> <span class='ocrx_word' id='word_1_184' title='bbox 1181 1447 1396 1497; x_wconf 68' lang='lat' dir='ltr'>praeterea</span> <span class='ocrx_word' id='word_1_185' title='bbox 1417 1433 1583 1499; x_wconf 83' lang='lat' dir='ltr'>viginti</span> <span class='ocrx_word' id='word_1_186' title='bbox 1607 1433 1813 1494; x_wconf 86' lang='lat' dir='ltr'>quinque</span> <span class='ocrx_word' id='word_1_187' title='bbox 1832 1449 1891 1480; x_wconf 83' lang='lat' dir='ltr'>ex</span> 
     </span>
     <span class='ocr_line' id='line_1_21' title="bbox 80 1498 1890 1568; baseline -0.003 -17"><span class='ocrx_word' id='word_1_188' title='bbox 80 1522 82 1524; x_wconf 68' lang='grc'><strong><em>’</em></strong></span> <span class='ocrx_word' id='word_1_189' title='bbox 129 1504 435 1568; x_wconf 61' lang='lat' dir='ltr'>praefidiaflis,</span> <span class='ocrx_word' id='word_1_190' title='bbox 471 1505 553 1567; x_wconf 88' lang='lat' dir='ltr'>qui</span> <span class='ocrx_word' id='word_1_191' title='bbox 586 1503 706 1549; x_wconf 78' lang='lat' dir='ltr'>inter</span> <span class='ocrx_word' id='word_1_192' title='bbox 728 1501 936 1564; x_wconf 68' lang='lat' dir='ltr'>popinae,</span> <span class='ocrx_word' id='word_1_193' title='bbox 983 1505 1022 1548; x_wconf 73' lang='lat' dir='ltr'>Sc</span> <span class='ocrx_word' id='word_1_194' title='bbox 1047 1499 1190 1546; x_wconf 81' lang='lat' dir='ltr'>scorta</span> <span class='ocrx_word' id='word_1_195' title='bbox 1213 1499 1262 1545; x_wconf 86' lang='lat' dir='ltr'>in</span> <span class='ocrx_word' id='word_1_196' title='bbox 1300 1498 1477 1560; x_wconf 87' lang='lat' dir='ltr'>oppido</span> <span class='ocrx_word' id='word_1_197' title='bbox 1499 1500 1890 1560; x_wconf 65' lang='lat' dir='ltr'>pernoftaverant,</span> 
     </span>
     <span class='ocr_line' id='line_1_22' title="bbox 131 1562 1893 1628; baseline -0.003 -12"><span class='ocrx_word' id='word_1_198' title='bbox 131 1571 335 1616; x_wconf 75' lang='lat' dir='ltr'>tumultu</span> <span class='ocrx_word' id='word_1_199' title='bbox 365 1568 518 1624; x_wconf 77' lang='lat' dir='ltr'>exciti,</span> <span class='ocrx_word' id='word_1_200' title='bbox 555 1586 611 1615; x_wconf 88' lang='lat' dir='ltr'>ne</span> <span class='ocrx_word' id='word_1_201' title='bbox 649 1579 822 1614; x_wconf 80' lang='lat' dir='ltr'>tentata</span> <span class='ocrx_word' id='word_1_202' title='bbox 855 1581 1012 1628; x_wconf 80' lang='lat' dir='ltr'>pugna</span> <span class='ocrx_word' id='word_1_203' title='bbox 1047 1581 1140 1627; x_wconf 83' lang='lat' dir='ltr'>qua</span> <span class='ocrx_word' id='word_1_204' title='bbox 1177 1563 1385 1626; x_wconf 78' lang='lat' dir='ltr'>proxime</span> <span class='ocrx_word' id='word_1_205' title='bbox 1414 1568 1625 1624; x_wconf 83' lang='lat' dir='ltr'>poterant</span> <span class='ocrx_word' id='word_1_206' title='bbox 1658 1562 1705 1607; x_wconf 87' lang='lat' dir='ltr'>fu</span> <span class='ocrx_word' id='word_1_207' title='bbox 1743 1576 1893 1613; x_wconf 76' lang='lat' dir='ltr'>erunt.</span> 
     </span>
     <span class='ocr_line' id='line_1_23' title="bbox 138 1626 1898 1697; baseline -0.003 -17"><span class='ocrx_word' id='word_1_208' title='bbox 138 1635 276 1697; x_wconf 81' lang='lat' dir='ltr'>Capti</span> <span class='ocrx_word' id='word_1_209' title='bbox 299 1634 485 1680; x_wconf 85' lang='lat' dir='ltr'>fuerunt</span> <span class='ocrx_word' id='word_1_210' title='bbox 510 1635 580 1693; x_wconf 86' lang='lat'>(1)</span> <span class='ocrx_word' id='word_1_211' title='bbox 601 1632 648 1678; x_wconf 83' lang='lat' dir='ltr'>in</span> <span class='ocrx_word' id='word_1_212' title='bbox 672 1647 772 1677; x_wconf 87' lang='lat' dir='ltr'>arce</span> <span class='ocrx_word' id='word_1_213' title='bbox 797 1631 986 1676; x_wconf 76' lang='lat' dir='ltr'>loannes</span> <span class='ocrx_word' id='word_1_214' title='bbox 1007 1628 1322 1676; x_wconf 84' lang='lat' dir='ltr'>Hamiltonius</span> <span class='ocrx_word' id='word_1_215' title='bbox 1345 1629 1458 1673; x_wconf 85' lang='lat' dir='ltr'>Fani</span> <span class='ocrx_word' id='word_1_216' title='bbox 1482 1628 1678 1674; x_wconf 80' lang='lat' dir='ltr'>Andreae</span> <span class='ocrx_word' id='word_1_217' title='bbox 1749 1626 1898 1674; x_wconf 82' lang='lat' dir='ltr'>rchie-</span> 
     </span>
     <span class='ocr_line' id='line_1_24' title="bbox 134 1691 1898 1762; baseline -0.003 -17"><span class='ocrx_word' id='word_1_218' title='bbox 134 1698 364 1762; x_wconf 75' lang='lat' dir='ltr'>piscopus,</span> <span class='ocrx_word' id='word_1_219' title='bbox 382 1700 573 1744; x_wconf 72' lang='lat' dir='ltr'>loannes</span> <span class='ocrx_word' id='word_1_220' title='bbox 592 1694 843 1742; x_wconf 75' lang='lat' dir='ltr'>Flaminius</span> <span class='ocrx_word' id='word_1_221' title='bbox 869 1697 939 1756; x_wconf 84' lang='lat'>(2)</span> <span class='ocrx_word' id='word_1_222' title='bbox 962 1693 1212 1757; x_wconf 82' lang='lat' dir='ltr'>Bogallius,</span> <span class='ocrx_word' id='word_1_223' title='bbox 1232 1691 1412 1754; x_wconf 83' lang='lat' dir='ltr'>juvenis</span> <span class='ocrx_word' id='word_1_224' title='bbox 1430 1692 1618 1754; x_wconf 86' lang='lat' dir='ltr'>quidam</span> <span class='ocrx_word' id='word_1_225' title='bbox 1641 1692 1822 1754; x_wconf 78' lang='lat' dir='ltr'>Angius</span> <span class='ocrx_word' id='word_1_226' title='bbox 1841 1709 1898 1739; x_wconf 81' lang='lat' dir='ltr'>ex</span> 
     </span>
     <span class='ocr_line' id='line_1_25' title="bbox 117 1756 1899 1825; baseline -0.005 -17"><span class='ocrx_word' id='word_1_227' title='bbox 117 1764 348 1825; x_wconf 72' lang='lat' dir='ltr'>⁴proxima</span> <span class='ocrx_word' id='word_1_228' title='bbox 372 1762 630 1825; x_wconf 70' lang='lat' dir='ltr'>Anglorum</span> <span class='ocrx_word' id='word_1_229' title='bbox 652 1759 870 1805; x_wconf 80' lang='lat' dir='ltr'>seditione</span> <span class='ocrx_word' id='word_1_230' title='bbox 885 1757 1131 1821; x_wconf 75' lang='lat' dir='ltr'>profugus.</span> <span class='ocrx_word' id='word_1_231' title='bbox 1198 1759 1400 1804; x_wconf 78' lang='lat' dir='ltr'>Veracus</span> <span class='ocrx_word' id='word_1_232' title='bbox 1425 1756 1608 1811; x_wconf 77' lang='lat' dir='ltr'>GalluS,</span> <span class='ocrx_word' id='word_1_233' title='bbox 1644 1757 1726 1816; x_wconf 86' lang='lat' dir='ltr'>qui</span> <span class='ocrx_word' id='word_1_234' title='bbox 1749 1757 1899 1803; x_wconf 80' lang='lat' dir='ltr'>nomi-</span> 
     </span>
     <span class='ocr_line' id='line_1_26' title="bbox 136 1820 1898 1889; baseline -0.003 -16"><span class='ocrx_word' id='word_1_235' title='bbox 136 1845 193 1874; x_wconf 82' lang='lat' dir='ltr'>ne</span> <span class='ocrx_word' id='word_1_236' title='bbox 217 1828 280 1873; x_wconf 89' lang='lat' dir='ltr'>sui</span> <span class='ocrx_word' id='word_1_237' title='bbox 304 1827 444 1889; x_wconf 80' lang='lat' dir='ltr'>Regis</span> <span class='ocrx_word' id='word_1_238' title='bbox 469 1827 615 1872; x_wconf 84' lang='lat' dir='ltr'>multo</span> <span class='ocrx_word' id='word_1_239' title='bbox 638 1823 742 1871; x_wconf 73' lang='lat' dir='ltr'>ante</span> <span class='ocrx_word' id='word_1_240' title='bbox 781 1839 885 1869; x_wconf 88' lang='lat' dir='ltr'>cum</span> <span class='ocrx_word' id='word_1_241' title='bbox 920 1823 1085 1869; x_wconf 86' lang='lat' dir='ltr'>bellico</span> <span class='ocrx_word' id='word_1_242' title='bbox 1125 1834 1362 1885; x_wconf 82' lang='lat' dir='ltr'>apparatu,</span> <span class='ocrx_word' id='word_1_243' title='bbox 1403 1826 1442 1866; x_wconf 64' lang='grc' dir='ltr'>ἃν</span> <span class='ocrx_word' id='word_1_244' title='bbox 1476 1820 1807 1867; x_wconf 81' lang='lat' dir='ltr'>commeatibus</span> <span class='ocrx_word' id='word_1_245' title='bbox 1841 1823 1898 1868; x_wconf 73' lang='lat' dir='ltr'>eo</span> 
     </span>
     <span class='ocr_line' id='line_1_27' title="bbox 138 1885 1901 1951; baseline -0.004 -12"><span class='ocrx_word' id='word_1_246' title='bbox 138 1893 291 1939; x_wconf 82' lang='lat' dir='ltr'>miffus</span> <span class='ocrx_word' id='word_1_247' title='bbox 313 1892 410 1938; x_wconf 73' lang='lat' dir='ltr'>illie</span> <span class='ocrx_word' id='word_1_248' title='bbox 449 1891 715 1943; x_wconf 82' lang='lat' dir='ltr'>substiterat,</span> <span class='ocrx_word' id='word_1_249' title='bbox 741 1901 789 1934; x_wconf 88' lang='lat' dir='ltr'>ut</span> <span class='ocrx_word' id='word_1_250' title='bbox 812 1889 989 1951; x_wconf 84' lang='lat' dir='ltr'>Regem</span> <span class='ocrx_word' id='word_1_251' title='bbox 1014 1888 1208 1937; x_wconf 75' lang='lat' dir='ltr'>Gallum</span> <span class='ocrx_word' id='word_1_252' title='bbox 1231 1888 1287 1932; x_wconf 79' lang='lat' dir='ltr'>=de</span> <span class='ocrx_word' id='word_1_253' title='bbox 1312 1887 1422 1932; x_wconf 82' lang='lat' dir='ltr'>statu</span> <span class='ocrx_word' id='word_1_254' title='bbox 1446 1902 1593 1932; x_wconf 87' lang='lat' dir='ltr'>rerum</span> <span class='ocrx_word' id='word_1_255' title='bbox 1619 1885 1901 1937; x_wconf 86' lang='lat' dir='ltr'>Scoticarum</span> 
     </span>
     <span class='ocr_line' id='line_1_28' title="bbox 139 1947 1903 2012; baseline -0.005 -8"><span class='ocrx_word' id='word_1_256' title='bbox 139 1957 306 2004; x_wconf 75' lang='lat' dir='ltr'>faceret</span> <span class='ocrx_word' id='word_1_257' title='bbox 329 1957 585 2005; x_wconf 73' lang='lat' dir='ltr'>certiorem.</span> <span class='ocrx_word' id='word_1_258' title='bbox 653 1952 916 2000; x_wconf 81' lang='lat' dir='ltr'>Alexander</span> <span class='ocrx_word' id='word_1_259' title='bbox 947 1952 1177 1998; x_wconf 85' lang='lat' dir='ltr'>Gulielmi</span> <span class='ocrx_word' id='word_1_260' title='bbox 1213 1947 1459 2001; x_wconf 81' lang='lat' dir='ltr'>Levistonii</span> <span class='ocrx_word' id='word_1_261' title='bbox 1492 1950 1629 2005; x_wconf 73' lang='lat' dir='ltr'>filius,</span> <span class='ocrx_word' id='word_1_262' title='bbox 1670 1950 1752 2012; x_wconf 84' lang='lat' dir='ltr'>qui</span> <span class='ocrx_word' id='word_1_263' title='bbox 1775 1950 1903 1997; x_wconf 76' lang='lat' dir='ltr'>cultu</span> 
     </span>
     <span class='ocr_line' id='line_1_29' title="bbox 143 2017 1196 2080; baseline -0.007 -10"><span class='ocrx_word' id='word_1_264' title='bbox 143 2034 319 2070; x_wconf 82' lang='lat' dir='ltr'>mutato</span> <span class='ocrx_word' id='word_1_265' title='bbox 342 2022 533 2067; x_wconf 84' lang='lat' dir='ltr'>evadere</span> <span class='ocrx_word' id='word_1_266' title='bbox 557 2031 767 2072; x_wconf 87' lang='lat' dir='ltr'>tentarat,</span> <span class='ocrx_word' id='word_1_267' title='bbox 784 2034 809 2062; x_wconf 90' lang='lat' dir='ltr'>a</span> <span class='ocrx_word' id='word_1_268' title='bbox 833 2017 943 2080; x_wconf 82' lang='lat' dir='ltr'>fuga</span> <span class='ocrx_word' id='word_1_269' title='bbox 965 2020 1196 2064; x_wconf 66' lang='lat' dir='ltr'>retraetuS.</span> 
     </span>
    </p>

    <p class='ocr_par' dir='ltr' id='par_1_3' title="bbox 142 2079 1931 3179">
     <span class='ocr_line' id='line_1_30' title="bbox 207 2079 1906 2146; baseline -0.002 -14"><span class='ocrx_word' id='word_1_270' title='bbox 207 2087 434 2132; x_wconf 76' lang='lat' dir='ltr'>XXXIII.</span> <span class='ocrx_word' id='word_1_271' title='bbox 468 2086 636 2146; x_wconf 78' lang='lat' dir='ltr'>Prorex</span> <span class='ocrx_word' id='word_1_272' title='bbox 659 2085 715 2129; x_wconf 91' lang='lat' dir='ltr'>de</span> <span class='ocrx_word' id='word_1_273' title='bbox 739 2099 838 2128; x_wconf 81' lang='lat' dir='ltr'>arce</span> <span class='ocrx_word' id='word_1_274' title='bbox 863 2095 997 2145; x_wconf 88' lang='lat' dir='ltr'>capta</span> <span class='ocrx_word' id='word_1_275' title='bbox 1019 2081 1183 2128; x_wconf 87' lang='lat' dir='ltr'>certior</span> <span class='ocrx_word' id='word_1_276' title='bbox 1205 2080 1348 2127; x_wconf 57' lang='lat' dir='ltr'>faetus</span> <span class='ocrx_word' id='word_1_277' title='bbox 1371 2090 1474 2126; x_wconf 86' lang='lat' dir='ltr'>ante</span> <span class='ocrx_word' id='word_1_278' title='bbox 1498 2079 1737 2127; x_wconf 75' lang='lat' dir='ltr'>meridiem</span> <span class='ocrx_word' id='word_1_279' title='bbox 1767 2081 1906 2128; x_wconf 84' lang='lat' dir='ltr'>adve-</span> 
     </span>
     <span class='ocr_line' id='line_1_31' title="bbox 142 2144 1911 2211; baseline -0.005 -14"><span class='ocrx_word' id='word_1_280' title='bbox 142 2150 228 2197; x_wconf 77' lang='lat' dir='ltr'>nit.</span> <span class='ocrx_word' id='word_1_281' title='bbox 298 2149 474 2196; x_wconf 81' lang='lat' dir='ltr'>Milites</span> <span class='ocrx_word' id='word_1_282' title='bbox 495 2149 695 2211; x_wconf 85' lang='lat' dir='ltr'>primum</span> <span class='ocrx_word' id='word_1_283' title='bbox 714 2145 995 2193; x_wconf 69' lang='lat' dir='ltr'>collaudavit</span> <span class='ocrx_word' id='word_1_284' title='bbox 1019 2165 1029 2191; x_wconf 77' lang='lat' dir='ltr'><em>z</em></span> <span class='ocrx_word' id='word_1_285' title='bbox 1064 2146 1231 2192; x_wconf 80' lang='lat' dir='ltr'>deinde</span> <span class='ocrx_word' id='word_1_286' title='bbox 1254 2144 1469 2191; x_wconf 79' lang='lat' dir='ltr'>Flaminii</span> <span class='ocrx_word' id='word_1_287' title='bbox 1494 2160 1680 2191; x_wconf 79' lang='lat' dir='ltr'>uxorem</span> <span class='ocrx_word' id='word_1_288' title='bbox 1704 2145 1911 2195; x_wconf 82' lang='lat' dir='ltr'>consola.</span> 
     </span>
     <span class='ocr_line' id='line_1_32' title="bbox 145 2209 1911 2272; baseline -0.002 -11"><span class='ocrx_word' id='word_1_289' title='bbox 145 2228 218 2262; x_wconf 79' lang='lat' dir='ltr'>tus</span> <span class='ocrx_word' id='word_1_290' title='bbox 242 2231 333 2261; x_wconf 83' lang='lat' dir='ltr'>non</span> <span class='ocrx_word' id='word_1_291' title='bbox 358 2213 496 2260; x_wconf 84' lang='lat' dir='ltr'>modo</span> <span class='ocrx_word' id='word_1_292' title='bbox 532 2213 755 2259; x_wconf 86' lang='lat' dir='ltr'>mundum</span> <span class='ocrx_word' id='word_1_293' title='bbox 797 2210 1086 2263; x_wconf 85' lang='lat' dir='ltr'>muliebrem,</span> <span class='ocrx_word' id='word_1_294' title='bbox 1127 2211 1203 2257; x_wconf 88' lang='lat' dir='ltr'>sed</span> <span class='ocrx_word' id='word_1_295' title='bbox 1223 2209 1324 2256; x_wconf 82' lang='lat' dir='ltr'>vasa</span> <span class='ocrx_word' id='word_1_296' title='bbox 1347 2221 1578 2272; x_wconf 85' lang='lat' dir='ltr'>argentea,</span> <span class='ocrx_word' id='word_1_297' title='bbox 1616 2222 1751 2272; x_wconf 86' lang='lat' dir='ltr'>atque</span> <span class='ocrx_word' id='word_1_298' title='bbox 1774 2227 1911 2257; x_wconf 85' lang='lat' dir='ltr'>omne</span> 
     </span>
     <span class='ocr_line' id='line_1_33' title="bbox 145 2274 1912 2339; baseline -0.002 -14"><span class='ocrx_word' id='word_1_299' title='bbox 145 2279 441 2325; x_wconf 88' lang='lat' dir='ltr'>domesticum</span> <span class='ocrx_word' id='word_1_300' title='bbox 466 2277 811 2324; x_wconf 85' lang='lat' dir='ltr'>instrumentum</span> <span class='ocrx_word' id='word_1_301' title='bbox 834 2275 877 2325; x_wconf 86' lang='lat' dir='ltr'>ei</span> <span class='ocrx_word' id='word_1_302' title='bbox 900 2275 1109 2321; x_wconf 73' lang='lat' dir='ltr'>concessit</span> <span class='ocrx_word' id='word_1_303' title='bbox 1135 2295 1146 2322; x_wconf 89' lang='lat'>:</span> <span class='ocrx_word' id='word_1_304' title='bbox 1181 2274 1400 2339; x_wconf 86' lang='lat' dir='ltr'>agrosque</span> <span class='ocrx_word' id='word_1_305' title='bbox 1424 2274 1449 2319; x_wconf 76' lang='grc' dir='ltr'>ἐ</span> <span class='ocrx_word' id='word_1_306' title='bbox 1468 2274 1600 2320; x_wconf 81' lang='lat' dir='ltr'>bonis</span> <span class='ocrx_word' id='word_1_307' title='bbox 1621 2275 1786 2328; x_wconf 85' lang='lat' dir='ltr'>mariti,</span> <span class='ocrx_word' id='word_1_308' title='bbox 1808 2292 1912 2337; x_wconf 78' lang='lat' dir='ltr'>quae</span> 
     </span>
     <span class='ocr_line' id='line_1_34' title="bbox 148 2338 1915 2405; baseline -0.003 -15"><span class='ocrx_word' id='word_1_309' title='bbox 148 2345 296 2390; x_wconf 67' lang='lat' dir='ltr'>multo</span> <span class='ocrx_word' id='word_1_310' title='bbox 314 2355 418 2389; x_wconf 86' lang='lat' dir='ltr'>ante</span> <span class='ocrx_word' id='word_1_311' title='bbox 441 2342 488 2388; x_wconf 87' lang='lat' dir='ltr'>in</span> <span class='ocrx_word' id='word_1_312' title='bbox 509 2342 745 2405; x_wconf 85' lang='lat' dir='ltr'>publicum</span> <span class='ocrx_word' id='word_1_313' title='bbox 769 2341 949 2386; x_wconf 53' lang='lat' dir='ltr'>reda&amp;</span> <span class='ocrx_word' id='word_1_314' title='bbox 971 2340 1165 2395; x_wconf 77' lang='lat' dir='ltr'>fuerant,</span> <span class='ocrx_word' id='word_1_315' title='bbox 1202 2340 1324 2385; x_wconf 89' lang='lat' dir='ltr'>unde</span> <span class='ocrx_word' id='word_1_316' title='bbox 1344 2338 1455 2401; x_wconf 87' lang='lat' dir='ltr'>ipsa,</span> <span class='ocrx_word' id='word_1_317' title='bbox 1491 2338 1716 2401; x_wconf 85' lang='lat' dir='ltr'>liberique</span> <span class='ocrx_word' id='word_1_318' title='bbox 1740 2341 1915 2386; x_wconf 78' lang='lat' dir='ltr'>aleren-</span> 
     </span>
     <span class='ocr_line' id='line_1_35' title="bbox 148 2403 1916 2470; baseline -0.002 -16"><span class='ocrx_word' id='word_1_319' title='bbox 148 2420 223 2455; x_wconf 87' lang='lat' dir='ltr'>tur</span> <span class='ocrx_word' id='word_1_320' title='bbox 245 2407 493 2470; x_wconf 80' lang='lat' dir='ltr'>affignavit.</span> <span class='ocrx_word' id='word_1_321' title='bbox 562 2407 760 2468; x_wconf 76' lang='lat' dir='ltr'>Reliqua</span> <span class='ocrx_word' id='word_1_322' title='bbox 782 2405 936 2466; x_wconf 83' lang='lat' dir='ltr'>praeda</span> <span class='ocrx_word' id='word_1_323' title='bbox 959 2403 1095 2451; x_wconf 82' lang='lat' dir='ltr'>militi</span> <span class='ocrx_word' id='word_1_324' title='bbox 1130 2405 1347 2451; x_wconf 77' lang='lat' dir='ltr'>concefl‘a.</span> <span class='ocrx_word' id='word_1_325' title='bbox 1448 2403 1537 2449; x_wconf 85' lang='lat' dir='ltr'>His</span> <span class='ocrx_word' id='word_1_326' title='bbox 1572 2403 1636 2450; x_wconf 85' lang='lat' dir='ltr'>ita</span> <span class='ocrx_word' id='word_1_327' title='bbox 1665 2404 1916 2452; x_wconf 85' lang='lat' dir='ltr'>constitutis</span> 
     </span>
     <span class='ocr_line' id='line_1_36' title="bbox 149 2462 1920 2534; baseline -0.002 -15"><span class='ocrx_word' id='word_1_328' title='bbox 149 2473 283 2520; x_wconf 83' lang='lat' dir='ltr'>rebus</span> <span class='ocrx_word' id='word_1_329' title='bbox 306 2489 386 2534; x_wconf 86' lang='lat' dir='ltr'>per</span> <span class='ocrx_word' id='word_1_330' title='bbox 408 2472 560 2518; x_wconf 85' lang='lat' dir='ltr'>ocium</span> <span class='ocrx_word' id='word_1_331' title='bbox 585 2473 644 2517; x_wconf 87' lang='lat' dir='ltr'>ad</span> <span class='ocrx_word' id='word_1_332' title='bbox 682 2487 828 2516; x_wconf 87' lang='lat' dir='ltr'>arcem</span> <span class='ocrx_word' id='word_1_333' title='bbox 848 2469 1078 2515; x_wconf 84' lang='lat' dir='ltr'>visendam</span> <span class='ocrx_word' id='word_1_334' title='bbox 1100 2469 1390 2523; x_wconf 74' lang='lat' dir='ltr'>circumiens,</span> <span class='ocrx_word' id='word_1_335' title='bbox 1416 2485 1522 2514; x_wconf 91' lang='lat' dir='ltr'>cum</span> <span class='ocrx_word' id='word_1_336' title='bbox 1539 2462 1602 2514; x_wconf 63' lang='lat' dir='ltr'>‘ad</span> <span class='ocrx_word' id='word_1_337' title='bbox 1625 2480 1803 2530; x_wconf 86' lang='lat' dir='ltr'>rupem,</span> <span class='ocrx_word' id='word_1_338' title='bbox 1828 2486 1920 2531; x_wconf 88' lang='lat' dir='ltr'>qua</span> 
     </span>
     <span class='ocr_line' id='line_1_37' title="bbox 154 2532 1920 2590; baseline -0.003 -7"><span class='ocrx_word' id='word_1_339' title='bbox 154 2536 322 2583; x_wconf 88' lang='lat' dir='ltr'>milites</span> <span class='ocrx_word' id='word_1_340' title='bbox 345 2536 649 2590; x_wconf 81' lang='lat' dir='ltr'>ascenderant,</span> <span class='ocrx_word' id='word_1_341' title='bbox 674 2541 860 2581; x_wconf 83' lang='lat' dir='ltr'>veritum</span> <span class='ocrx_word' id='word_1_342' title='bbox 874 2535 951 2588; x_wconf 85' lang='lat' dir='ltr'>est,</span> <span class='ocrx_word' id='word_1_343' title='bbox 972 2550 1040 2579; x_wconf 90' lang='lat' dir='ltr'>res</span> <span class='ocrx_word' id='word_1_344' title='bbox 1066 2546 1156 2580; x_wconf 88' lang='lat' dir='ltr'>tam</span> <span class='ocrx_word' id='word_1_345' title='bbox 1177 2533 1317 2579; x_wconf 87' lang='lat' dir='ltr'>ardua</span> <span class='ocrx_word' id='word_1_346' title='bbox 1339 2532 1512 2579; x_wconf 59' lang='lat' dir='ltr'>cunctis</span> <span class='ocrx_word' id='word_1_347' title='bbox 1542 2534 1602 2579; x_wconf 92' lang='lat' dir='ltr'>est</span> <span class='ocrx_word' id='word_1_348' title='bbox 1624 2533 1730 2588; x_wconf 84' lang='lat' dir='ltr'>visa,</span> <span class='ocrx_word' id='word_1_349' title='bbox 1760 2546 1808 2580; x_wconf 89' lang='lat' dir='ltr'>ut</span> <span class='ocrx_word' id='word_1_350' title='bbox 1830 2533 1920 2580; x_wconf 84' lang='lat' dir='ltr'>rni-</span> 
     </span>
     <span class='ocr_line' id='line_1_38' title="bbox 154 2597 1923 2661; baseline -0.001 -14"><span class='ocrx_word' id='word_1_351' title='bbox 154 2602 258 2648; x_wconf 78' lang='lat' dir='ltr'>l-ites</span> <span class='ocrx_word' id='word_1_352' title='bbox 281 2601 420 2647; x_wconf 86' lang='lat' dir='ltr'>etiam</span> <span class='ocrx_word' id='word_1_353' title='bbox 450 2601 715 2654; x_wconf 79' lang='lat' dir='ltr'>faterentur,</span> <span class='ocrx_word' id='word_1_354' title='bbox 757 2600 798 2645; x_wconf 89' lang='lat' dir='ltr'>se</span> <span class='ocrx_word' id='word_1_355' title='bbox 838 2601 866 2645; x_wconf 81' lang='lat' dir='ltr'>si</span> <span class='ocrx_word' id='word_1_356' title='bbox 911 2599 1169 2661; x_wconf 86' lang='lat' dir='ltr'>periculum</span> <span class='ocrx_word' id='word_1_357' title='bbox 1203 2597 1523 2661; x_wconf 72' lang='lat' dir='ltr'>praevidissent,</span> <span class='ocrx_word' id='word_1_358' title='bbox 1563 2597 1701 2644; x_wconf 86' lang='lat' dir='ltr'>nullis</span> <span class='ocrx_word' id='word_1_359' title='bbox 1723 2598 1923 2645; x_wconf 88' lang='lat' dir='ltr'>conduci</span> 
     </span>
     <span class='ocr_line' id='line_1_39' title="bbox 154 2664 1924 2728; baseline -0.002 -17"><span class='ocrx_word' id='word_1_360' title='bbox 154 2666 356 2728; x_wconf 83' lang='lat' dir='ltr'>praemiis</span> <span class='ocrx_word' id='word_1_361' title='bbox 387 2665 593 2725; x_wconf 74' lang='lat' dir='ltr'>potuiffe,</span> <span class='ocrx_word' id='word_1_362' title='bbox 623 2677 670 2711; x_wconf 89' lang='lat' dir='ltr'>ut</span> <span class='ocrx_word' id='word_1_363' title='bbox 708 2664 814 2710; x_wconf 89' lang='lat' dir='ltr'>illac</span> <span class='ocrx_word' id='word_1_364' title='bbox 841 2664 906 2709; x_wconf 92' lang='lat' dir='ltr'>ire</span> <span class='ocrx_word' id='word_1_365' title='bbox 938 2674 1178 2711; x_wconf 79' lang='lat' dir='ltr'>tentarent.</span> <span class='ocrx_word' id='word_1_366' title='bbox 1243 2664 1453 2709; x_wconf 72' lang='lat' dir='ltr'>‘Veracus</span> <span class='ocrx_word' id='word_1_367' title='bbox 1482 2678 1589 2708; x_wconf 91' lang='lat' dir='ltr'>cum</span> <span class='ocrx_word' id='word_1_368' title='bbox 1613 2674 1876 2726; x_wconf 86' lang='lat' dir='ltr'>argueretur</span> <span class='ocrx_word' id='word_1_369' title='bbox 1896 2679 1924 2708; x_wconf 82' lang='lat' dir='ltr'>a</span> 
     </span>
     <span class='ocr_line' id='line_1_40' title="bbox 156 2725 1924 2792; baseline -0.002 -16"><span class='ocrx_word' id='word_1_370' title='bbox 156 2729 505 2786; x_wconf 84' lang='lat' dir='ltr'>mercatoribus,</span> <span class='ocrx_word' id='word_1_371' title='bbox 529 2745 645 2791; x_wconf 89' lang='lat' dir='ltr'>quos</span> <span class='ocrx_word' id='word_1_372' title='bbox 666 2729 833 2776; x_wconf 75' lang='lat' dir='ltr'>fretum</span> <span class='ocrx_word' id='word_1_373' title='bbox 857 2729 1033 2790; x_wconf 73' lang='lat' dir='ltr'>Glottae</span> <span class='ocrx_word' id='word_1_374' title='bbox 1054 2727 1273 2791; x_wconf 85' lang='lat' dir='ltr'>ingressus</span> <span class='ocrx_word' id='word_1_375' title='bbox 1295 2725 1516 2773; x_wconf 83' lang='lat' dir='ltr'>hostiliter</span> <span class='ocrx_word' id='word_1_376' title='bbox 1537 2725 1766 2792; x_wconf 85' lang='lat' dir='ltr'>spoliarat,</span> <span class='ocrx_word' id='word_1_377' title='bbox 1803 2727 1924 2773; x_wconf 87' lang='lat' dir='ltr'>mul-</span> 
     </span>
     <span class='ocr_line' id='line_1_41' title="bbox 156 2792 1925 2855; baseline -0.002 -14"><span class='ocrx_word' id='word_1_378' title='bbox 156 2795 215 2842; x_wconf 82' lang='lat' dir='ltr'>tis</span> <span class='ocrx_word' id='word_1_379' title='bbox 239 2794 284 2840; x_wconf 89' lang='lat' dir='ltr'>in</span> <span class='ocrx_word' id='word_1_380' title='bbox 308 2794 495 2840; x_wconf 77' lang='lat' dir='ltr'>consilio</span> <span class='ocrx_word' id='word_1_381' title='bbox 517 2794 802 2840; x_wconf 87' lang='lat' dir='ltr'>censentibus</span> <span class='ocrx_word' id='word_1_382' title='bbox 824 2809 927 2840; x_wconf 90' lang='lat' dir='ltr'>cum</span> <span class='ocrx_word' id='word_1_383' title='bbox 954 2809 1009 2839; x_wconf 91' lang='lat' dir='ltr'>eo</span> <span class='ocrx_word' id='word_1_384' title='bbox 1032 2793 1143 2854; x_wconf 74' lang='lat' dir='ltr'>furti</span> <span class='ocrx_word' id='word_1_385' title='bbox 1164 2792 1412 2855; x_wconf 84' lang='lat' dir='ltr'>agendum,</span> <span class='ocrx_word' id='word_1_386' title='bbox 1444 2803 1596 2839; x_wconf 83' lang='lat' dir='ltr'>tamen</span> <span class='ocrx_word' id='word_1_387' title='bbox 1620 2792 1742 2853; x_wconf 83' lang='lat' dir='ltr'>apud</span> <span class='ocrx_word' id='word_1_388' title='bbox 1764 2792 1925 2838; x_wconf 81' lang='lat' dir='ltr'>Prore-</span> 
     </span>
     <span class='ocr_line' id='line_1_42' title="bbox 157 2853 1926 2922; baseline -0.002 -17"><span class='ocrx_word' id='word_1_389' title='bbox 157 2876 263 2922; x_wconf 87' lang='lat' dir='ltr'>gem</span> <span class='ocrx_word' id='word_1_390' title='bbox 289 2853 595 2922; x_wconf 50' lang='lat' dir='ltr'>valuit‘legati</span> <span class='ocrx_word' id='word_1_391' title='bbox 617 2875 785 2905; x_wconf 88' lang='lat' dir='ltr'>nomen</span> <span class='ocrx_word' id='word_1_392' title='bbox 808 2858 960 2912; x_wconf 85' lang='lat' dir='ltr'>inane,</span> <span class='ocrx_word' id='word_1_393' title='bbox 985 2857 1108 2921; x_wconf 89' lang='lat' dir='ltr'>quod</span> <span class='ocrx_word' id='word_1_394' title='bbox 1128 2856 1221 2918; x_wconf 89' lang='lat' dir='ltr'>ipse</span> <span class='ocrx_word' id='word_1_395' title='bbox 1245 2855 1330 2901; x_wconf 87' lang='lat' dir='ltr'>suis</span> <span class='ocrx_word' id='word_1_396' title='bbox 1354 2856 1542 2919; x_wconf 83' lang='lat' dir='ltr'>flagitiis</span> <span class='ocrx_word' id='word_1_397' title='bbox 1559 2855 1824 2905; x_wconf 84' lang='lat' dir='ltr'>violaverat.</span> <span class='ocrx_word' id='word_1_398' title='bbox 1880 2858 1926 2902; x_wconf 86' lang='lat'>1-</span> 
     </span>
     <span class='ocr_line' id='line_1_43' title="bbox 156 2920 1928 2987; baseline -0.002 -17"><span class='ocrx_word' id='word_1_399' title='bbox 156 2924 283 2987; x_wconf 81' lang='lat' dir='ltr'>gitur</span> <span class='ocrx_word' id='word_1_400' title='bbox 307 2936 356 2970; x_wconf 89' lang='lat' dir='ltr'>ut</span> <span class='ocrx_word' id='word_1_401' title='bbox 377 2923 578 2985; x_wconf 87' lang='lat' dir='ltr'>spoliatis</span> <span class='ocrx_word' id='word_1_402' title='bbox 601 2924 734 2970; x_wconf 84' lang='lat' dir='ltr'>abeo</span> <span class='ocrx_word' id='word_1_403' title='bbox 753 2924 828 2969; x_wconf 87' lang='lat' dir='ltr'>sua</span> <span class='ocrx_word' id='word_1_404' title='bbox 849 2921 1148 2983; x_wconf 80' lang='lat' dir='ltr'>recuperandi</span> <span class='ocrx_word' id='word_1_405' title='bbox 1169 2920 1326 2972; x_wconf 82' lang='lat' dir='ltr'>saltem</span> <span class='ocrx_word' id='word_1_406' title='bbox 1354 2921 1450 2981; x_wconf 65' lang='lat' dir='ltr'>spes</span> <span class='ocrx_word' id='word_1_407' title='bbox 1473 2920 1752 2982; x_wconf 89' lang='lat' dir='ltr'>injiceretur,</span> <span class='ocrx_word' id='word_1_408' title='bbox 1777 2920 1835 2972; x_wconf 88' lang='lat' dir='ltr'>ad</span> <span class='ocrx_word' id='word_1_409' title='bbox 1850 2920 1928 2982; x_wconf 88' lang='lat' dir='ltr'>ju·-</span> 
     </span>
     <span class='ocr_line' id='line_1_44' title="bbox 161 2983 1930 3049; baseline -0.002 -15"><span class='ocrx_word' id='word_1_410' title='bbox 161 2988 330 3036; x_wconf 87' lang='lat' dir='ltr'>dicium</span> <span class='ocrx_word' id='word_1_411' title='bbox 351 2987 511 3034; x_wconf 90' lang='lat' dir='ltr'>servari</span> <span class='ocrx_word' id='word_1_412' title='bbox 528 2988 667 3049; x_wconf 84' lang='lat' dir='ltr'>juffus</span> <span class='ocrx_word' id='word_1_413' title='bbox 689 2988 766 3043; x_wconf 91' lang='lat' dir='ltr'>est,</span> <span class='ocrx_word' id='word_1_414' title='bbox 789 2994 826 3034; x_wconf 59' lang='grc' dir='ltr'>ἂν</span> <span class='ocrx_word' id='word_1_415' title='bbox 852 2987 908 3033; x_wconf 91' lang='lat' dir='ltr'>ad</span> <span class='ocrx_word' id='word_1_416' title='bbox 932 2989 1103 3036; x_wconf 84' lang='lat' dir='ltr'>Fanum</span> <span class='ocrx_word' id='word_1_417' title='bbox 1127 2984 1325 3036; x_wconf 81' lang='lat' dir='ltr'>Andreae</span> <span class='ocrx_word' id='word_1_418' title='bbox 1347 2985 1469 3047; x_wconf 87' lang='lat' dir='ltr'>apud</span> <span class='ocrx_word' id='word_1_419' title='bbox 1487 2983 1712 3046; x_wconf 86' lang='lat' dir='ltr'>hospitem</span> <span class='ocrx_word' id='word_1_420' title='bbox 1731 3001 1823 3033; x_wconf 87' lang='lat' dir='ltr'>non</span> <span class='ocrx_word' id='word_1_421' title='bbox 1845 2984 1930 3033; x_wconf 84' lang='lat' dir='ltr'>ali-</span> 
     </span>
     <span class='ocr_line' id='line_1_45' title="bbox 159 3048 1930 3115; baseline -0.002 -17"><span class='ocrx_word' id='word_1_422' title='bbox 159 3069 300 3098; x_wconf 84' lang='lat' dir='ltr'>enum</span> <span class='ocrx_word' id='word_1_423' title='bbox 323 3068 349 3098; x_wconf 88' lang='lat' dir='ltr'>a</span> <span class='ocrx_word' id='word_1_424' title='bbox 370 3052 499 3098; x_wconf 86' lang='lat' dir='ltr'>causa</span> <span class='ocrx_word' id='word_1_425' title='bbox 521 3052 760 3098; x_wconf 88' lang='lat' dir='ltr'>rebellium</span> <span class='ocrx_word' id='word_1_426' title='bbox 796 3051 1023 3105; x_wconf 83' lang='lat' dir='ltr'>diversari,</span> <span class='ocrx_word' id='word_1_427' title='bbox 1050 3050 1169 3096; x_wconf 86' lang='lat' dir='ltr'>unde</span> <span class='ocrx_word' id='word_1_428' title='bbox 1190 3050 1318 3095; x_wconf 91' lang='lat' dir='ltr'>velut</span> <span class='ocrx_word' id='word_1_429' title='bbox 1352 3048 1401 3096; x_wconf 89' lang='lat' dir='ltr'>vi</span> <span class='ocrx_word' id='word_1_430' title='bbox 1437 3061 1617 3112; x_wconf 83' lang='lat' dir='ltr'>ereptus</span> <span class='ocrx_word' id='word_1_431' title='bbox 1640 3051 1809 3115; x_wconf 80' lang='lat' dir='ltr'>paucos</span> <span class='ocrx_word' id='word_1_432' title='bbox 1835 3051 1930 3113; x_wconf 88' lang='lat' dir='ltr'>post</span> 
     </span>
     <span class='ocr_line' id='line_1_46' title="bbox 163 3113 1931 3179; baseline -0.003 -16"><span class='ocrx_word' id='word_1_433' title='bbox 163 3117 261 3163; x_wconf 83' lang='lat' dir='ltr'>dies</span> <span class='ocrx_word' id='word_1_434' title='bbox 288 3118 434 3179; x_wconf 86' lang='lat' dir='ltr'>(quod</span> <span class='ocrx_word' id='word_1_435' title='bbox 456 3115 765 3178; x_wconf 77' lang='lat' dir='ltr'>quaerebatur)</span> <span class='ocrx_word' id='word_1_436' title='bbox 790 3115 994 3163; x_wconf 81' lang='lat' dir='ltr'>disceffit.</span> <span class='ocrx_word' id='word_1_437' title='bbox 1064 3115 1244 3178; x_wconf 85' lang='lat' dir='ltr'>Anglus</span> <span class='ocrx_word' id='word_1_438' title='bbox 1263 3113 1472 3178; x_wconf 88' lang='lat' dir='ltr'>quamvis</span> <span class='ocrx_word' id='word_1_439' title='bbox 1496 3113 1650 3160; x_wconf 83' lang='lat' dir='ltr'>multis</span> <span class='ocrx_word' id='word_1_440' title='bbox 1673 3113 1931 3176; x_wconf 89' lang='lat' dir='ltr'>suspitioni-</span> 
     </span>
    </p>

    <p class='ocr_par' dir='ltr' id='par_1_4' title="bbox 141 3177 1932 3371">
     <span class='ocr_line' id='line_1_47' title="bbox 141 3177 1930 3244; baseline -0.003 -16"><span class='ocrx_word' id='word_1_441' title='bbox 141 3182 249 3228; x_wconf 85' lang='lat' dir='ltr'>·bus</span> <span class='ocrx_word' id='word_1_442' title='bbox 273 3194 568 3243; x_wconf 87' lang='lat' dir='ltr'>premeretur,</span> <span class='ocrx_word' id='word_1_443' title='bbox 592 3180 902 3244; x_wconf 68' lang='lat' dir='ltr'>ex‘literisque</span> <span class='ocrx_word' id='word_1_444' title='bbox 924 3179 1060 3226; x_wconf 88' lang='lat' dir='ltr'>etiam</span> <span class='ocrx_word' id='word_1_445' title='bbox 1085 3178 1482 3226; x_wconf 86' lang='lat' dir='ltr'>commendaticiis</span> <span class='ocrx_word' id='word_1_446' title='bbox 1505 3177 1688 3225; x_wconf 87' lang='lat' dir='ltr'>Ioannis</span> <span class='ocrx_word' id='word_1_447' title='bbox 1713 3177 1846 3224; x_wconf 89' lang='lat' dir='ltr'>Lessii</span> <span class='ocrx_word' id='word_1_448' title='bbox 1868 3179 1930 3223; x_wconf 88' lang='lat' dir='ltr'>E·</span> 
     </span>
     <span class='ocr_line' id='line_1_48' title="bbox 161 3242 1931 3307; baseline -0.001 -18"><span class='ocrx_word' id='word_1_449' title='bbox 161 3244 339 3307; x_wconf 63' lang='lat' dir='ltr'>piscopi</span> <span class='ocrx_word' id='word_1_450' title='bbox 362 3245 599 3290; x_wconf 84' lang='lat' dir='ltr'>Rossienfis</span> <span class='ocrx_word' id='word_1_451' title='bbox 636 3244 694 3289; x_wconf 90' lang='lat' dir='ltr'>ad</span> <span class='ocrx_word' id='word_1_452' title='bbox 716 3245 991 3292; x_wconf 85' lang='lat' dir='ltr'>Flaminium</span> <span class='ocrx_word' id='word_1_453' title='bbox 1027 3259 1129 3291; x_wconf 86' lang='lat' dir='ltr'>arce</span> <span class='ocrx_word' id='word_1_454' title='bbox 1166 3255 1300 3305; x_wconf 89' lang='lat' dir='ltr'>capta</span> <span class='ocrx_word' id='word_1_455' title='bbox 1325 3242 1523 3290; x_wconf 88' lang='lat' dir='ltr'>inventis</span> <span class='ocrx_word' id='word_1_456' title='bbox 1558 3256 1839 3306; x_wconf 87' lang='lat' dir='ltr'>argueretur,</span> <span class='ocrx_word' id='word_1_457' title='bbox 1882 3242 1931 3287; x_wconf 90' lang='lat' dir='ltr'>in</span> 
     </span>
     <span class='ocr_line' id='line_1_49' title="bbox 167 3307 1932 3371; baseline -0.001 -18"><span class='ocrx_word' id='word_1_458' title='bbox 167 3309 388 3371; x_wconf 85' lang='lat' dir='ltr'>Angliam</span> <span class='ocrx_word' id='word_1_459' title='bbox 411 3309 468 3353; x_wconf 82' lang='lat' dir='ltr'>ad</span> <span class='ocrx_word' id='word_1_460' title='bbox 492 3308 599 3354; x_wconf 83' lang='lat' dir='ltr'>suos&#39;</span> <span class='ocrx_word' id='word_1_461' title='bbox 614 3309 914 3356; x_wconf 27' lang='lat' dir='ltr'>estxremiffus.</span> <span class='ocrx_word' id='word_1_462' title='bbox 982 3310 1082 3355; x_wconf 88' lang='lat' dir='ltr'>Post</span> <span class='ocrx_word' id='word_1_463' title='bbox 1105 3308 1199 3367; x_wconf 85' lang='lat' dir='ltr'>ejus</span> <span class='ocrx_word' id='word_1_464' title='bbox 1222 3307 1454 3354; x_wconf 80' lang='lat' dir='ltr'>discessum</span> <span class='ocrx_word' id='word_1_465' title='bbox 1479 3308 1763 3353; x_wconf 62' lang='lat' dir='ltr'>inteileffitum</span> <span class='ocrx_word' id='word_1_466' title='bbox 1786 3307 1862 3359; x_wconf 90' lang='lat' dir='ltr'>est,</span> <span class='ocrx_word' id='word_1_467' title='bbox 1881 3322 1932 3351; x_wconf 90' lang='lat' dir='ltr'>e-</span> 
     </span>
    </p>
   </div>
   <div class='ocr_carea' id='block_1_3' title="bbox 164 3370 1932 3498">
    <p class='ocr_par' dir='ltr' id='par_1_5' title="bbox 164 3370 1932 3498">
     <span class='ocr_line' id='line_1_50' title="bbox 170 3370 1932 3436; baseline -0.002 -16"><span class='ocrx_word' id='word_1_468' title='bbox 170 3389 245 3422; x_wconf 86' lang='lat' dir='ltr'>um</span> <span class='ocrx_word' id='word_1_469' title='bbox 272 3389 296 3417; x_wconf 88' lang='lat' dir='ltr'>a</span> <span class='ocrx_word' id='word_1_470' title='bbox 318 3371 631 3418; x_wconf 88' lang='lat' dir='ltr'>Norfolcianis</span> <span class='ocrx_word' id='word_1_471' title='bbox 649 3371 913 3420; x_wconf 84' lang='lat' dir='ltr'>submiffum</span> <span class='ocrx_word' id='word_1_472' title='bbox 937 3373 1080 3428; x_wconf 74' lang='lat' dir='ltr'>fuisse,</span> <span class='ocrx_word' id='word_1_473' title='bbox 1107 3386 1156 3418; x_wconf 91' lang='lat' dir='ltr'>ut</span> <span class='ocrx_word' id='word_1_474' title='bbox 1178 3373 1355 3436; x_wconf 87' lang='lat' dir='ltr'>Regem</span> <span class='ocrx_word' id='word_1_475' title='bbox 1381 3373 1622 3421; x_wconf 88' lang='lat' dir='ltr'>Scotorum</span> <span class='ocrx_word' id='word_1_476' title='bbox 1643 3386 1821 3422; x_wconf 75' lang='lat' dir='ltr'>veneno</span> <span class='ocrx_word' id='word_1_477' title='bbox 1844 3370 1932 3417; x_wconf 87' lang='lat' dir='ltr'>tol-</span> 
     </span>
     <span class='ocr_line' id='line_1_51' title="bbox 164 3435 1128 3498; baseline 0 -15"><span class='ocrx_word' id='word_1_478' title='bbox 164 3437 295 3484; x_wconf 86' lang='lat' dir='ltr'>leret.</span> <span class='ocrx_word' id='word_1_479' title='bbox 364 3435 597 3498; x_wconf 83' lang='lat' dir='ltr'>Bogallius</span> <span class='ocrx_word' id='word_1_480' title='bbox 618 3435 668 3482; x_wconf 88' lang='lat' dir='ltr'>in</span> <span class='ocrx_word' id='word_1_481' title='bbox 690 3438 890 3484; x_wconf 86' lang='lat' dir='ltr'>custodia</span> <span class='ocrx_word' id='word_1_482' title='bbox 909 3449 1128 3485; x_wconf 84' lang='lat' dir='ltr'>retentus.</span> 
     </span>
    </p>
   </div>
   <div class='ocr_carea' id='block_1_4' title="bbox 224 3564 1601 3620">
    <p class='ocr_par' dir='ltr' id='par_1_6' title="bbox 224 3564 1601 3620">
     <span class='ocr_line' id='line_1_52' title="bbox 224 3564 1601 3620; baseline 0.001 -18"><span class='ocrx_word' id='word_1_483' title='bbox 224 3564 284 3618; x_wconf 85' lang='lat'>(1)</span> <span class='ocrx_word' id='word_1_484' title='bbox 313 3564 400 3610; x_wconf 75' lang='lat' dir='ltr'>The</span> <span class='ocrx_word' id='word_1_485' title='bbox 413 3565 520 3612; x_wconf 81' lang='lat' dir='ltr'>castle</span> <span class='ocrx_word' id='word_1_486' title='bbox 540 3579 613 3604; x_wconf 78' lang='lat' dir='ltr'>was</span> <span class='ocrx_word' id='word_1_487' title='bbox 629 3579 713 3605; x_wconf 79' lang='lat' dir='ltr'>won</span> <span class='ocrx_word' id='word_1_488' title='bbox 728 3566 838 3617; x_wconf 81' lang='lat' dir='ltr'>April</span> <span class='ocrx_word' id='word_1_489' title='bbox 854 3579 892 3608; x_wconf 83' lang='lat'>2.</span> <span class='ocrx_word' id='word_1_490' title='bbox 913 3579 1028 3620; x_wconf 72' lang='lat'>1571,</span> <span class='ocrx_word' id='word_1_491' title='bbox 1141 3566 1201 3618; x_wconf 86' lang='lat'>(2)</span> <span class='ocrx_word' id='word_1_492' title='bbox 1232 3566 1340 3611; x_wconf 80' lang='lat' dir='ltr'>Laird</span> <span class='ocrx_word' id='word_1_493' title='bbox 1362 3566 1406 3604; x_wconf 87' lang='lat' dir='ltr'>of</span> <span class='ocrx_word' id='word_1_494' title='bbox 1417 3565 1601 3620; x_wconf 40' lang='lat' dir='ltr'>thghall„</span> 
     </span>
    </p>
   </div>
   <div class='ocr_carea' id='block_1_5' title="bbox 1710 3668 1934 3716">
    <p class='ocr_par' dir='ltr' id='par_1_7' title="bbox 1710 3668 1934 3716">
     <span class='ocr_line' id='line_1_53' title="bbox 1710 3668 1934 3716; baseline 0.004 -1"><span class='ocrx_word' id='word_1_495' title='bbox 1710 3668 1934 3716; x_wconf 80' lang='lat' dir='ltr'>XXXIV.</span> 
     </span>
    </p>
   </div>
  </div>
 </body>
</html>
