2091 3796
199 169 334 239 ¹52
524 152 889 222 RERUM
977 153 1664 223 Sco‘rmARuM

194 253 399 313 Adjectae
422 251 447 299 s
441 263 523 299 unt
540 256 582 300 &
599 251 700 303 aliae
721 253 864 317 leges,
892 261 942 299 ut
957 250 1348 314 quemadmodum
1365 251 1487 315 Regi
1504 249 1732 299 maximus
1748 258 1859 298 natu
1877 250 1969 299 fili·

196 334 245 363 us
268 317 314 362 in
336 332 530 381 regnum
548 316 823 369 succederet,
846 317 911 363 ita
928 315 1023 361 filio
1041 327 1145 362 ante
1165 327 1340 378 patrem
1358 315 1577 364 defuneto
1596 330 1739 378 nepos
1754 331 1839 362 avo
1858 315 1965 363 sub-

194 392 445 443 rogaretur.
511 382 582 430 Ut
602 383 733 444 Rege
752 380 992 444 impubere
1014 389 1165 434 tutor,
1180 379 1263 442 qui
1285 396 1368 440 pro
1389 381 1519 443 Rege
1537 381 1661 435 esset,
1684 379 1857 426 interea
1878 378 1964 427 eli-

192 448 377 507 geretur
397 445 466 493 vir
485 446 729 509 prudentia
746 451 787 492 δε
808 442 976 508 opibus
991 442 1198 507 insignis,
1222 442 1306 507 qui
1326 444 1385 490 ad
1405 455 1617 507 quartum
1643 443 1876 491 decimum
1895 443 1968 491 fis-

192 524 282 571 que
304 526 472 558 annum
493 511 635 573 Regis
666 507 852 556 nomine
875 524 970 554 rem
994 507 1339 555 administraret.
1407 507 1484 554 Ad
1514 508 1564 554 id
1598 507 1741 554 aetatis
1766 507 1844 555 ubi
1866 508 1970 554 Rex

189 575 464 636 pervenerit,
479 574 572 637 ipse
591 574 672 621 fibi
692 585 923 621 curatores
941 571 1114 634 eligere
1136 572 1293 634 posset.
1363 571 1518 619 Multa
1533 583 1752 634 praeterea
1772 572 1830 619 de
1852 571 1973 635 legi-

193 636 305 685 tima
327 639 560 686 haeredum
577 637 841 685 succeffione
862 635 1103 684 constituta
1124 639 1241 693 sunt,
1265 654 1369 701 quae
1391 635 1479 684 toti
1497 635 1729 686 nobilitati
1747 651 1854 683 cum
1872 638 1965 683 Re-

194 719 254 766 ge
272 704 516 750 voluerunt
537 703 620 749 effe
643 701 922 749 communia.

205 801 207 803 -
255 768 355 815 XL.
393 769 464 814 Ita
481 768 583 815 Rex
603 783 683 830 per
704 766 845 814 scelus
874 766 1078 830 posteris,
1115 764 1184 812 uti
1215 763 1425 828 putabat,
1449 781 1594 828 regno
1618 764 1831 820 stabilito,
1867 763 1969 812 ani-

189 848 317 879 mum
340 845 491 878 tamen
509 831 641 878 suum
662 832 929 878 confirmare
951 838 1042 877 no‘n
1066 829 1235 894 potuit.
1271 831 1551 892 Qanquam
1573 830 1698 877 enim
1719 845 1858 876 omne
1882 846 1966 892 ge-

192 913 275 945 nus
299 896 536 943 hominum
559 895 735 941 summo
757 895 921 949 studio,
946 900 987 940 &
1009 895 1307 941 ostentatione
1331 893 1663 949 benevolentiae
1686 895 1968 956 complecte-

191 972 331 1015 retur,
356 960 574 1024 plurimos
599 959 726 1005 omni
746 975 925 1021 genere-
940 957 1196 1004 officiorum
1216 957 1578 1019 prosequeretur,
1616 962 1657 1003 δε
1679 957 1746 1003 ita
1768 973 1964 1020 regnum
1986 955 1988 958 ’

192 1038 386 1088 gereret,
413 1037 463 1070 ut
485 1024 662 1070 nullum
685 1022 798 1068 boni
818 1022 959 1085 Regis
979 1038 1143 1068 munus
1161 1021 1209 1068 in
1232 1037 1288 1067 eo
1310 1020 1549 1083 quisquam
1569 1020 1842 1068 desideraret
1863 1038 1876 1067 ε
1902 1031 1971 1068 ta-

195 1105 300 1136 men
331 1090 510 1135 animus
534 1085 810 1135 conscientia
830 1085 1007 1132 sceleris
1030 1084 1264 1149 inquietus
1287 1085 1467 1131 nullum
1488 1084 1702 1140 solidum,
1743 1088 1791 1135 δε
1816 1085 1971 1146 synce-

195 1171 294 1200 rum
320 1154 361 1200 ei
382 1152 603 1217 gaudium
625 1152 710 1198 effe
733 1150 1027 1214 permittebat
1052 1169 1062 1196 :
1100 1149 1175 1197 sed
1196 1148 1599 1197 intercursantibus
1617 1166 1701 1212 per
1721 1148 1874 1196 ocium
1893 1165 1971 1196 co·

194 1218 495 1282 gitationibus
518 1213 941 1263 sceleris'foediflimi
960 1214 1163 1262 interdiu
1181 1213 1461 1262 vexabatur:
1486 1218 1536 1263 &
1556 1230 1636 1276 per
1658 1214 1866 1261 somnum
1887 1214 1971 1260 ob-

192 1282 414 1330 versantia
430 1281 522 1328 visa
543 1278 740 1328 horroris
757 1281 895 1344 plena
911 1278 1114 1342 quietem
1131 1277 1503 1342 interpellabant.
1537 1278 1752 1325 Tandem
1778 1278 1866 1325 five
1887 1295 1971 1326 ve·-

193 1347 261 1400 re,
284 1348 410 1409 quod
431 1345 621 1408 quidam
642 1345 845 1400 tradunt,
869 1360 961 1392 vox
986 1345 1105 1390 coelo
1128 1342 1252 1390 edita
1274 1343 1352 1397 est,
1371 1342 1461 1389 five
1493 1343 1702 1389 turbatus
1724 1340 1904 1390 animus
1925 1359 1973 1389 e-

196 1427 270 1458 am
289 1411 371 1458 fibi
387 1412 480 1473 ipse
501 1410 696 1474 speciem
722 1409 928 1464 finxerat,
952 1409 1080 1471 quod
1101 1407 1324 1455 sceleratis
1346 1407 1616 1470 plaerunque
1633 1406 1816 1454 evenire
1838 1407 1967 1461 solet,

193 1476 313 1523 visus
327 1477 388 1523 est
410 1474 490 1522 fibi
510 1492 590 1540 per
610 1474 818 1522 somnum
834 1473 900 1520 ita
914 1471 1170 1526 admoneri,
1191 1470 1772 1533 Putasne(1)Milcolumbe
1794 1471 1970 1518 caedem

197 1541 398 1588 hominis
422 1539 600 1587 innoxii
622 1556 649 1586 a
675 1551 719 1586 te
740 1555 822 1601 per
850 1537 1077 1585 summum
1102 1536 1227 1584 nefas
1247 1537 1367 1583 clam
1392 1547 1618 1599 patratam
1644 1549 1724 1582 aut
1749 1534 1865 1584 mihi
1887 1537 1974 1583 esse

198 1604 425 1669 ignotam,
450 1615 528 1651 aut
558 1616 602 1651 te
623 1602 796 1650 diutius
828 1601 1021 1665 impune
1041 1603 1242 1649 laturum
1263 1619 1274 1647 :
1305 1600 1401 1662 jam
1423 1599 1549 1647 enim
1578 1599 1769 1656 infidiae,
1793 1617 1906 1664 quas
1924 1611 1976 1648 tu

199 1672 401 1733 effugere
419 1685 510 1716 non
529 1680 676 1732 poteS,
696 1667 744 1714 in
763 1679 900 1730 caput
918 1680 1046 1714 tuum
1066 1677 1283 1729 parantur
1306 1683 1318 1712 ε
1350 1680 1452 1720 nec,
1479 1677 1530 1711 ut
1552 1677 1603 1712 tu
1625 1677 1775 1728 putas,
1800 1664 1974 1720 stabile,

202 1740 243 1790 δι
261 1734 484 1789 securum,
504 1733 577 1780 sed
601 1731 948 1785 tumultuosum,
971 1737 1011 1778 δε
1035 1731 1336 1793 procellarum
1361 1731 1550 1792 plenum
1568 1746 1764 1793 regnum
1784 1729 1872 1776 tuis
1890 1746 1975 1793 po-

202 1799 325 1846 steris
348 1799 595 1860 relinques.
663 1798 767 1844 Hac
789 1795 1073 1843 formidabili
1094 1793 1242 1857 specie
1265 1795 1367 1840 Rex
1387 1793 1658 1841 conterritus
1681 1794 1856 1840 summo
1881 1809 1978 1841 ma-

200 1880 259 1911 ne
289 1863 346 1910 ad
382 1862 651 1926 Episcopoe,
684 1867 724 1908 &
747 1861 996 1908 monachos
1018 1859 1233 1922 confugit
1257 1876 1269 1906 ε
1302 1857 1445 1905 animi
1478 1857 1545 1904 sui
1567 1857 1898 1914 confufionem‚
1922 1873 1976 1905 ac

201 1928 378 1976 sceleris
399 1926 719 1992 poenitentiam
741 1926 967 1972 denarrat.
1034 1923 1112 1971 Illi
1129 1940 1238 1971 vero
1259 1939 1353 1970 non
1374 1938 1533 1970 verum
1556 1922 1599 1969 ei
1626 1938 1652 1968 e
1672 1921 1838 1969 Christi
1863 1923 1975 1969 doc-

203 1993 322 2039 trina
355 1990 610 2039 remedium
634 1991 748 2054 (jam
770 1990 896 2037 enim
926 1989 952 2036 a
975 2000 1182 2036 veterum
1245 1988 1400 2042 ietate‚
1424 1989 1476 2037 δε
1496 1985 1755 2034 eruditione
1776 1987 1976 2033 deflexe-

201 2059 323 2118 rant)
348 2056 709 2120 praescripserunt
730 2073 741 2102 :
773 2054 847 2102 sed
863 2054 945 2101 illa
966 2053 1114 2101 multo
1134 2005 1440 2109 abliirdisfima
1454 2050 1732 2112 jamdudum
1757 2066 1784 2097 a
1802 2050 1973 2098 maliti-

204 2123 290 2169 ofis
328 2122 387 2168 ad
407 2122 629 2185 quaestum
650 2118 927 2182 excogitata,
960 2119 1018 2165 ab
1039 2116 1251 2172 incautis,
1276 2122 1318 2164 &
1340 2133 1469 2179 aeque
1490 2114 1686 2162 indoffis
1710 2127 1879 2162 temere
1900 2131 1974 2163 ac-

204 2199 355 2250 cepta,
381 2198 432 2233 ut
452 2186 553 2233 loca
569 2185 706 2240 sacra,
733 2183 998 2246 templaque
1019 2181 1219 2228 donariis
1240 2182 1535 2243 locupletata,
1569 2185 1610 2227 δι
1628 2180 1832 2244 sepulcra
1852 2179 1976 2227 sanc·
2053 2225 2065 2242 ,

205 2265 357 2299 torum
379 2249 620 2299 hominum
641 2248 869 2304 inviseret,
895 2247 1108 2311 reliquias
1130 2245 1422 2300 oscularetur,
1446 2244 1596 2300 miffis,
1620 2250 1662 2292 &
1683 2243 1979 2307 eleemosynis

205 2329 393 2380 peccata
409 2314 652 2363 redimeret
676 2331 688 2361 ε
721 2313 988 2368 monachos,
1013 2317 1053 2358 δε
1075 2310 1325 2358 sacerdotes
1347 2309 1536 2370 majore,
1551 2324 1691 2372 quam
1717 2323 1850 2356 antea
1869 2325 1980 2356 con-

206 2381 408 2428 sueverat
428 2380 622 2434 honore,
639 2383 680 2425 &
701 2377 955 2425 reverentia
974 2375 1334 2440 prosequeretur.
1401 2374 1507 2421 Nec
1526 2374 1606 2420 ille
1623 2372 1872 2436 quicquam
1892 2373 1978 2420 ho-

206 2462 328 2500 rum,
350 2444 407 2492 iis
429 2442 620 2508 piaculis
642 2442 844 2497 sanatum
864 2441 922 2489 iri
943 2440 985 2488 se
1006 2440 1212 2495 credens,
1235 2438 1494 2486 omittebat.

272 2511 399 2557 XLI.
435 2508 652 2556 Tandem
684 2523 791 2553 cum
823 2505 873 2553 in
894 2505 1124 2553 Merniam
1151 2505 1221 2566 (2)
1246 2504 1303 2550 ad
1324 2501 1518 2551 Palladii
1554 2500 1807 2549 sanetiffimi
1827 2500 1981 2550 homi-

205 2574 277 2622 nis
311 2575 400 2621 offa
431 2571 780 2620 venerabundus
813 2570 1016 2625 veniffet,
1057 2570 1115 2616 ad
1137 2567 1394 2632 proximam
1419 2582 1568 2614 arcem
1591 2565 1979 2629 (Fethercarniam

206 2639 454 2698 vocabant)
479 2650 597 2692 tum,
621 2649 672 2684 ut
689 2635 890 2690 tradunt,
916 2633 1138 2688 aedificiis,
1163 2638 1203 2680 &
1222 2631 1484 2680 nemoribus
1507 2647 1754 2685 amoenam,
1778 2645 1983 2693 quorum.

207 2719 330 2751 nunc
352 2702 478 2751 nulla
498 2718 643 2766 prope
663 2697 852 2763 vestigia
866 2699 1046 2754 restant,
1061 2696 1264 2746 divertit.
1297 2697 1406 2759 Ejus
1428 2695 1543 2743 arcis
1566 2695 1754 2742 domina
1773 2706 1870 2742 erat
1894 2696 1981 2742 Fe·
2061 2735 2064 2738 ⁴
2082 2727 2087 2742 2,

210 2768 332 2815 nella
345 2766 493 2829 (cujus
515 2780 620 2814 ante
641 2764 958 2822 meminimus)
974 2779 1068 2811 non
1089 2774 1269 2811 tantum
1286 2761 1347 2808 ob
1366 2759 1449 2808 filii
1471 2758 1774 2808 Crathilinthi
1794 2774 1986 2822 poenam
2042 2794 2047 2798 .
2082 2795 2091 2821 ¹.

210 2847 320 2895 erga
340 2834 518 2899 Regem
535 2829 726 2878 inimico
745 2827 918 2884 animo,
932 2828 1006 2875 sed
1020 2827 1082 2874 ob
1097 2824 1510 2880 Constantinum,&
1525 2823 1745 2871 Grimum
1762 2823 1862 2871 suos
1875 2839 1984 2886 pro-

209 2896 410 2958 pinquos
433 2913 553 2946 nova
571 2895 656 2942 illa
676 2894 780 2958 lege
794 2893 927 2956 regni
943 2891 1209 2951 haereditate
1229 2888 1448 2938 exclusos.
1479 2887 1558 2935 Ab
1576 2887 1759 2935 cairam
1782 2885 2002 2935 dissimum
2068 2903 2089 2932 .·

210 2961 334 3007 lante
365 2961 467 3008 Rex
480 2959 748 3014 liberaliter,
761 2960 811 3010 δε
822 2956 1071 3004 honorifice
1093 2955 1321 3019 susceptus
1348 2968 1375 3001 a
1391 2951 1585 3017 prandio
1603 2968 1684 3014 per
1700 2950 1856 3001 ocium
1869 2949 1985 3003 >cum

211 3024 418 3071 locorum
432 3023 761 3078 amoenitatem,
775 3027 816 3070 &
831 3020 945 3069 arcis
962 3021 1227 3068 strusturam
1244 3016 1510 3082 diligentius
1528 3015 1786 3079 inspiceret,
1798 3018 1834 3066 F
1836 3015 1987 3066 enella
2022 3059 2026 3069 ,

210 3104 318 3135 eum
333 3087 380 3134 in
391 3089 658 3150 ;(3)diaetam
676 3086 869 3134 seorsum
887 3085 946 3133 ad
958 3086 1146 3133 statuam
1161 3098 1332 3132 aeneam
1351 3092 1446 3130 arte
1463 3080 1680 3145 singulari
1694 3079 1838 3133 fusam
1855 3078 1988 3130 ducit
2075 3114 2091 3136 .,

209 3151 449 3199 visendum
474 3170 486 3200 :
519 3169 660 3216 quam
680 3150 748 3199 ita
774 3149 1010 3223 ingeniose
1029 3145 1434 3218 confestam-fuiss‘e
1452 3144 1632 3218 dicunt,
1657 3156 1707 3218 u:
1724 3160 1783 3192 ex
1798 3143 1986 3195 occulto

213 3218 286 3280 (4)
322 3217 426 3265 loco
452 3216 678 3272 funiculo,
714 3214 798 3279 qui
825 3224 1029 3263 intentus
1064 3224 1160 3262 erat
1191 3211 1370 3260 remiss‘o
1412 3209 1596 3275 sagittas
1630 3212 1931 3271 ejacularetur
1966 3224 1982 3256 ε

266 3345 327 3396 (ι)
355 3345 465 3386 rorte
492 3359 557 3397 pro
584 3345 863 3386 Milcolumbae.
919 3340 1092 3383 θεων»
1177 3339 1240 3393 (3)
1268 3326 1554 3380 Aninn'eraau
1573 3351 1614 3389 ος
1633 3337 1903 3390 ‹lating-mom
1920 3320 1987 3388 {a
2064 3310 2088 3374 ᾖξ’

211 3398 472 3439 Milcolumbi.
1124 3395 1398 3443 dining-room.

265 3451 330 3502 (2)
357 3453 419 3490 To
446 3451 688 3498 Padie-kirk,
710 3450 836 3490 where
859 3451 920 3490 St·
943 3451 1071 3488 Pana·
1180 3447 1242 3502 (4)
1268 3448 1358 3486 Vox
1377 3447 1458 3486 loco
1476 3444 1573 3486 abest
1589 3457 1611 3486 a
1628 3444 1717 3488 MS·

213 3503 294 3543 dius
322 3518 364 3546 or
381 3505 494 3544 Padie
522 3506 554 3543 is
582 3505 709 3546 buried
736 3519 751 3558 3
788 3505 834 3545 of
852 3503 986 3548 ,whom
1017 3503 1074 3544 see.

211 3557 279 3597 lib.
310 3571 346 3612 5.
374 3563 453 3610 cap.
486 3558 549 3599 16.
1896 3601 1938 3651 R
