2112 3786
162 144 207 221 6
473 145 832 212 RERUM
922 146 1632 220 Sco'FrtsARtrM‘-

160 259 317 292 onem.
385 241 462 288 Sin
494 243 552 290 ad
573 244 824 307 genuinum
848 245 978 293 latini
1011 246 1227 295 sermonis
1248 249 1404 297 sonum
1427 250 1631 298 inflectet
1651 268 1786 300 voces
1807 269 1947 317 pereo

157 309 332 371 grincis,
357 323 448 353 non
471 306 622 372 minus
644 309 863 372 flagitiose
885 311 1112 373 peccabit,
1135 329 1273 376 quam
1295 314 1444 362 Caesar
1463 316 1511 361 in
1533 315 1674 362 verbo
1693 318 1938 368 Britannus

157 372 308 425 fecisse
329 370 512 419 dicitur.
583 373 709 436 Qid
730 373 872 437 igitur
893 375 1061 425 Luddo
1082 376 1299 436 faciemus
1319 382 1338 426 ?
1385 391 1434 428 ut
1455 379 1691 430 hominem
1715 387 1756 429 δε
1792 386 1937 436 mole-

158 438 290 492 stum,
317 441 358 484 δι
378 435 606 484 morosum
629 438 860 500 placemus
882 442 900 486 ?
941 440 1234 489 Prudamiam
1256 443 1479 498 dicemus,
1502 445 1653 509 potius
1676 461 1815 506 quam
1838 449 1952 500 Bri-t

156 500 363 556 tanniam
388 505 406 548 ἓ
441 503 548 549 Hoc
566 518 654 549 nec
676 504 869 551 Luddus
892 516 984 551 tam
1007 504 1184 554 severus
1207 508 1401 555 aliorum
1423 510 1580 556 censor
1600 507 1756 572 exiget
1778 505 1793 558 ‘z
1828 514 1938 560 Per-

158 567 314 613 mittet
333 566 459 614 enim
481 579 534 614 ut
551 567 577 616 ὲ
600 569 798 615 Prudam
820 569 1096 617 Prudaniam
1120 572 1420 620 declinemus.
1492 574 1634 636 Qod
1658 575 1688 621 fi
1710 575 1813 637 quis
1837 577 1939 624 Bri-

158 631 381 690 tanniam,
406 643 485 679 aut
507 632 787 680 Brettaniam
812 634 924 681 aufit
963 634 1133 691 dicere,
1173 637 1287 700 quid
1326 637 1450 685 aliud
1489 654 1630 700 quam
1652 638 1941 693 sacrosanffitae

157 696 391 747 vetustatis
411 697 613 755 violatae,
641 703 681 745 δε
704 697 920 746 sermonis
939 699 1135 763 antiqui,
1157 701 1408 776 sincerique
1426 704 1741 761 contaminati,
1760 710 1801 753 δε
1821 705 1845 753 ὲ
1863 723 1937 753 ro-

158 759 288 820 busto
309 761 392 808 illo
426 768 467 810 &
492 762 690 809 masculo
724 762 832 810 sono
861 763 909 811 in
933 764 1206 813 muliebrem
1228 767 1472 815 mollitiem
1495 767 1626 815 fraffl
1648 786 1777 824 reum
1806 788 1938 833 pera-

156 829 276 890 get?
313 826 513 887 Nihilne.
527 844 638 890 ergo
659 843 716 874 ex
739 828 937 881 horroris
960 830 1121 876 vetusti
1143 830 1350 893 squalore
1371 846 1547 880 mutare
1571 827 1702 879 nobis
1725 833 1791 881 fas
1810 835 1897 882 erit
1916 840 1936 884 ἓ

157 898 238 939 aut
260 886 290 938 fi
314 907 407 955 non
434 904 625 948 mutare,
652 892 805 939 saltem
829 893 949 941 male
972 906 1150 941 tornata
1170 896 1400 958 perpolire
1420 899 1648 945 vocabula
1669 901 1689 945 ἓ
1722 905 1763 946 &
1786 900 1844 946 ab
1865 900 1939 947 in-

159 956 285 1003 culta
300 955 385 1005 ‚illa
405 956 691 1004 immanitate
715 957 934 1019 paulatim
958 957 1022 1004 ita
1050 958 1299 1014 insterilem,
1337 974 1385 1006 ut
1409 961 1564 1008 saltem
1586 979 1679 1007 vox
1700 963 1938 1012 hominem

158 1019 288 1068 sonet
317 1024 335 1067 ?
388 1027 429 1069 δε
463 1022 589 1085 quod
627 1021 820 1082 majores
853 1022 990 1068 nostri
1019 1021 1068 1068 in
1106 1025 1176 1084 (1)
1221 1023 1437 1079 Morinis,
1475 1029 1515 1071 δι
1540 1026 1868 1085 Moremarusa‚
1895 1034 1940 1077 85

157 1085 413 1133 Armoricis
446 1085 595 1146 seciffe
632 1085 877 1150 videmus:
913 1096 964 1133 ut
998 1087 1070 1148 (z)
1108 1087 1138 1133 fi
1170 1086 1248 1133 has
1271 1103 1406 1135 voces
1441 1089 1610 1136 donare
1637 1089 1825 1139 civitate
1846 1093 1949 1143 La-,

156 1149 257 1201 tina
288 1167 381 1197 non
419 1149 647 1214 posthum,
685 1149 809 1198 certe
837 1149 886 1197 in
926 1150 990 1197 eis
1023 1150 1258 1206 amifitum,
1283 1158 1323 1199 δε
1356 1152 1574 1200 incessum
1593 1154 1809 1202 Latinum
1832 1155 1938 1203 imi-

157 1218 340 1263 temur?
391 1215 481 1262 Sed
515 1232 596 1278 per
618 1217 835 1268 Luddum
861 1219 932 1277 (ut
956 1215 1112 1276 video)
1139 1232 1231 1263 non
1265 1216 1387 1264 licet.
1461 1218 1535 1264 Ad
1557 1220 1790 1282 augustam
1808 1220 1938 1269 illam

157 1297 241 1328 nos
276 1292 460 1328 revocat
491 1281 805 1328 Prudanorum
842 1281 1145 1331 vetustatem:
1180 1286 1221 1328 δι
1260 1280 1288 1328 ὲ
1321 1281 1502 1338 Bardis‚
1530 1289 1571 1331 &
1610 1280 1951 1337 Senecionibus.

157 1357 283 1392 vetat
307 1345 490 1407 usquam
513 1345 753 1392 divertere.

224 1411 283 1457 X.
320 1412 382 1456 At
408 1433 412 1438 ·
433 1410 711 1456 etustiflimos
737 1411 1027 1466 Graecorum,
1046 1416 1085 1457 &
1103 1409 1371 1459 Latinorum
1394 1415 1629 1476 nunquam
1652 1413 1751 1460 haec
1772 1413 1943 1478 religio

158 1475 322 1522 tenuit.
392 1476 559 1538 Neque
598 1476 833 1538 postquam
868 1475 1082 1522 sermonis
1111 1475 1288 1539 antiqui
1310 1476 1435 1541 rigor
1458 1477 1500 1524 se
1522 1477 1754 1527 remittere
1774 1479 1936 1541 coepit‚

159 1538 399 1603 quisquam
424 1540 527 1595 fuit,
552 1539 634 1604 qui
658 1543 726 1602 (3)
754 1540 914 1595 famul,
943 1546 984 1587 Sc
1006 1541 1150 1605 volup
1169 1542 1365 1589 retinere
1398 1542 1628 1597 maluerit,
1657 1560 1794 1605 quam
1832 1561 1940 1606 quas

157 1604 208 1651 in
231 1621 387 1651 eorum
410 1605 561 1652 locum
582 1606 876 1652 luccefferunt
897 1604 1117 1667 recipere,
1139 1612 1179 1653 δι
1197 1606 1245 1652 in
1262 1607 1587 1658 transferendis
1611 1607 1636 1653 ὲ
1658 1608 1827 1654 Graeco
1848 1609 1938 1655 La·-

158 1668 286 1723 tinis,
311 1682 388 1725 aut
410 1669 435 1716 ὲ
456 1670 621 1716 Latino
645 1669 822 1716 Graecis
844 1670 1018 1716 summa
1039 1671 1223 1717 libertas
1242 1672 1345 1718 luit.
1415 1671 1532 1733 Qis
1574 1688 1777 1733 unquam
1810 1665 1937 1720 Lati*-

159 1732 230 1792 nis
254 1733 368 1781 vitio
381 1734 535 1789 vertit,
561 1736 685 1798 quod
705 1736 994 1797 Polydeucen
1014 1735 1059 1782 in
1081 1737 1335 1790 Pollucem,
1357 1737 1484 1800 quod
1505 1736 1733 1790 Heraclea
1750 1737 1796 1783 in
1814 1739 1938 1784 Her·

160 1799 330 1854 colem,
354 1800 480 1862 quod
497 1799 740 1862 Asclepion
764 1800 812 1846 in
834 1801 1149 1863 AEsculapium
1168 1800 1388 1847 verterint
1412 1804 1429 1847 ἒ
1468 1801 1562 1848 Aut
1588 1801 1784 1856 Graeci5‚
1810 1803 1940 1865 quod.

160 1863 247 1928 pro
267 1864 437 1910 Catulo
456 1865 660 1919 Catlum‚
674 1881 758 1927 pro
777 1867 925 1912 Remo
946 1866 1148 1912 Romum
1172 1864 1403 1912 dixerint?
1430 1865 1560 1929 Qid
1581 1864 1627 1912 in
1654 1866 1859 1914 Barbaris
1879 1868 1949 1926 ad„

159 1928 204 1975 se
224 1927 549 1975 transferendis
574 1932 591 1974 ?
640 1946 751 1976 num
788 1929 945 1976 Graeci
979 1928 1247 1982 dubitarunt
1286 1931 1371 1977 AL
1415 1929 1639 1978 Punicum
1678 1930 1727 1984 in
1763 1932 1940 1980 ultimis

160 1993 414 2040 diflionum
438 1993 619 2055 syllabis
653 1988 700 2040 in
731 1995 802 2041 AS
825 2007 1092 2042 convertere
1112 1998 1129 2041 ?
1163 2012 1271 2042 num
1295 1996 1327 2042 fi
1351 1995 1452 2058 quis
1477 1994 1686 2042 Annibas
1728 2012 1813 2058 pro
1835 1998 1937 2042 An-

160 2058 288 2106 nibal
311 2058 445 2112 dixit,
462 2075 647 2105 omnem
678 2058 871 2106 historiae
896 2060 1171 2122 majestatem
1194 2059 1499 2123 proculcavit,
1520 2060 1760 2106 veritatem
1782 2076 1950 2109 corru-.

160 2124 248 2186 pit,
273 2136 350 2170 aut
375 2126 618 2170 Poenorum
653 2123 822 2186 linguae
862 2125 1089 2172 maculam
1115 2124 1256 2170 ullam
1280 2124 1430 2171 inussit
1455 2128 1471 2170 ?
1508 2124 1677 2171 Videte
1709 2136 1952 2187 quantum,

159 2202 369 2238 veterum
392 2189 640 2243 Saxonum,
667 2189 707 2235 δι’
730 2189 988 2244 Danorum,
1010 2188 1090 2251 qui
1113 2189 1327 2251 posterius
1349 2187 1674 2252 immigrarunt
1692 2188 1740 2235 in
1761 2189 1938 2236 Britan-

160 2253 304 2308 niam,
320 2253 613 2300 humanitatis
640 2258 679 2300 &
698 2254 844 2300 cultus
868 2254 1064 2317 studium
1086 2254 1144 2300 ab
1167 2253 1251 2301 hac
1274 2253 1428 2301 Luddi
1444 2253 1788 2310 immanitate&
1808 2253 1943 2317 squa-

160 2317 270 2364 loris
305 2318 591 2364 affeitatione
618 2317 840 2364 diffident.
911 2317 1189 2373 Illiinculti,
1223 2325 1263 2366 &
1298 2317 1444 2366 omni·
1476 2315 1747 2372 eruditionis
1768 2316 1948 2384 ignari,¹

161 2383 268 2429 cum
290 2382 508 2429 venissent
531 2384 585 2428 ad
609 2382 818 2428 homines
839 2383 1069 2438 barbaros,
1096 2387 1136 2428 δι
1156 2382 1480 2436 balbutientes,
1499 2398 1591 2428 non
1614 2381 1757 2438 solum
1780 2377 1957 2441 eorumi

162 2447 414 2511 stribligine
445 2447 486 2492 se
521 2446 624 2510 paffi
664 2463 756 2493 non
791 2447 891 2494 sunt
920 2447 1061 2503 infici,
1082 2442 1166 2493 „sed
1190 2449 1363 2511 gustata
1385 2446 1519 2493 semel
1544 2447 1699 2492 Graeci
1723 2452 1764 2493 &
1786 2447 1942 2500 Latini

161 2510 380 2561 sermonis
398 2510 614 2559 suavitate
637 2513 833 2558 multum
856 2528 912 2558 ex
935 2529 1007 2566 eo,
1048 2518 1187 2574 quem
1216 2511 1298 2574 ipsi
1320 2511 1590 2558 invexerant
1612 2511 1818 2566 horrore,
1841 2511 1941 2572 abs-

161 2575 384 2623 terserunt
417 2594 427 2622 :
463 2578 672 2639 quaedam
697 2577 924 2623 vocabula
954 2576 1178 2638 asperiora
1200 2578 1240 2622 le
1260 2576 1495 2641 'igarunt3
1527 2575 1592 2621 ita
1632 2588 1681 2623 ut
1722 2575 1812 2622 sine
1849 2577 1958 2624 ulla

162 2640 342 2689 aurium
382 2641 628 2690 offensione
663 2640 845 2688 tolerari
877 2641 1055 2704 poffint,
1091 2639 1247 2704 qualia
1276 2639 1587 2705 suntzoxonia
1608 2645 1648 2686 &
1679 2641 1831 2696 Roff'a,
1857 2656 1944 2704 pro

164 2705 458 2754 Oxonfordia
479 2706 865 2759 &Raufchestria‚
900 2710 940 2753 δε
962 2708 1194 2769 plaeraque
1230 2704 1320 2751 alia
1357 2721 1413 2751 ne
1446 2705 1943 2768 repugnante-quidem

163 2770 348 2821 Luddo.
418 2770 508 2818 Sed
528 2787 613 2818 nec
630 2768 723 2834 ipse
744 2771 934 2833 quidem
951 2772 1001 2819 in
1019 2772 1109 2819 hoc
1129 2786 1296 2836 genere
1313 2786 1477 2833 parum
1493 2768 1576 2830 sibi
1593 2769 1837 2833 permittit,
1860 2769 1945 2834 qui

1088 2901 1327 2950 Polydeuces,
1344 2901 1536 2945 Heracles,
1555 2899 1764 2950 Asclepius,
1793 2908 1833 2938 to
1851 2901 1941 2938 Pot-

218 2901 279 2953 (1)
301 2901 362 2953 (2)
391 2901 515 2943 These
541 2915 639 2939 were
670 2914 796 2940 names
828 2903 874 2941 of
892 2903 1026 2953 people,
1475 2949 1477 2953 Α

1087 2956 1167 3011 lux,
1180 2955 1375 3000 Hercules,
1389 2953 1632 3003 AEsculapius
1647 2968 1656 2991 z
1671 2967 1709 2996 as
1722 2953 1943 2995 theGreeks

165 2958 234 3007 and
254 2956 359 2994 cities
378 2969 427 2992 on
454 2955 519 2992 the
548 2956 601 2992 N.
624 2956 668 2992 E.
697 2957 791 2992 coast
809 2956 856 2993 of
866 2957 1022 3003 France,

165 3011 298 3046 named
318 3010 415 3046 from
438 3007 503 3054 the
521 3008 582 3045 old
606 3009 634 3044 F
638 3008 751 3044 rench
771 3012 869 3047 word
895 3010 1022 3056 More,

164 3062 248 3099 that
266 3062 310 3108 is,
332 3063 456 3098 Mare.
512 3061 584 3098 His
603 3062 778 3109 meaning
797 3062 842 3108 is,
855 3062 938 3100 that
957 3062 1023 3099 the

164 3116 316 3152 ancient
346 3115 457 3152 Latin
484 3114 649 3159 authors,
669 3115 820 3162 writing
846 3115 890 3154 of
919 3115 1022 3153 these

164 3169 300 3218 places,
336 3169 397 3205 did
440 3176 506 3204 not
539 3177 626 3217 turn
659 3167 766 3204 them
798 3168 879 3205 into
909 3169 1023 3206 Latin

164 3225 302 3268 words,
323 3220 451 3259 which
470 3220 519 3258 he
537 3220 676 3257 caneth
698 3223 726 3242 “
746 3220 897 3258 civitate
916 3222 1001 3259 Lati

167 3278 197 3308 ‘.‘
224 3289 270 3312 na
302 3275 482 3319 donares
506 3283 566 3323 yet
594 3273 683 3322 they
712 3274 881 3311 declined
915 3274 1022 3312 them

165 3329 248 3365 like
284 3328 395 3364 Latin
431 3340 565 3372 nouus,
604 3325 730 3363 which
775 3326 823 3363 he
858 3328 1022 3370 termeth

167 3385 197 3404 “
224 3381 403 3418 incessum
431 3378 467 3417 8c¹
500 3379 683 3417 amisium
718 3380 897 3417 Latinum
931 3381 1022 3418 imi-

167 3438 198 3456 “
224 3434 341 3471 tari.'’

220 3487 282 3538 (3)
311 3487 460 3532 Famul,
474 3486 618 3535 Volup.
637 3498 746 3523 lwere
777 3484 861 3522 used
881 3486 929 3535 by
957 3485 1022 3523 the

151 3541 314 3586 ancient
326 3541 454 3576 Latins
469 3539 526 3576 for
540 3539 718 3584 famulus,
733 3540 914 3588 voluptas.
1010 3570 1016 3576 .

166 3592 357 3632 Likewise
371 3592 435 3630 the
448 3592 577 3632 Latius
589 3601 675 3630 turn
687 3591 753 3631 the
766 3592 897 3634 Greek
907 3594 1026 3631 words

1087 3017 1175 3048 turn
1190 3009 1361 3054 Catulus,
1381 3008 1540 3053 Remus,
1563 3015 1603 3044 to
1622 3000 1750 3044 Catlos
1769 3008 1839 3044 and
1858 3008 1942 3045 Ro-

1088 3074 1169 3099 mos
1187 3076 1198 3111 3
1220 3063 1290 3098 and
1309 3060 1373 3097 the
1386 3059 1658 3108 Carthaginian
1669 3073 1711 3097 or
1721 3059 1840 3102 Punic
1855 3063 1959 3104 Ane,

1088 3115 1206 3161 nibal,
1227 3114 1426 3160 Asdrubal,
1457 3114 1702 3163 tonAnnibas,
1723 3112 1907 3150 Asdrubas
1928 3127 1938 3150 ε

1088 3181 1126 3205 as
1153 3168 1240 3216 also,
1262 3168 1327 3205 the
1353 3168 1506 3212 Saxone,
1526 3166 1664 3214 having
1693 3166 1851 3204 subdued
1876 3165 1944 3204 the

1088 3221 1251 3268 Emona,
1270 3220 1452 3258 mollified
1466 3219 1532 3256 the
1550 3232 1679 3259 names
1696 3215 1965 3275 Oxenfordi'aff'

1087 3274 1362 3320 Raufchestria,
1380 3282 1420 3310 to
1438 3274 1601 3324 Oxonia,
1620 3271 1757 3323 Roffaz
1776 3281 1842 3310 not
1860 3275 1944 3311 that

1090 3327 1336 3374 Oxenfordia,
1370 3324 1633 3364 Raufchestria
1668 3339 1764 3363 were
1804 3325 1942 3363 Britith

1089 3394 1231 3428 names,
1263 3381 1330 3417 but
1360 3380 1489 3416 indeed
1508 3393 1604 3417 were
1635 3379 1794 3427 brought
1811 3379 1856 3427 by
1876 3378 1952 3421 the-

1089 3434 1227 3471 Saxons
1243 3434 1534 3481 fromGermany
1544 3431 1620 3481 (for
1631 3430 1735 3469 there
1751 3429 1812 3468 are
1824 3439 1944 3468 towns

1087 3487 1132 3524 of
1153 3487 1219 3531 the
1245 3487 1341 3523 same
1360 3499 1469 3523 name
1487 3484 1610 3532 there)
1642 3487 1712 3522 and
1730 3485 1943 3523 afterwards

1089 3541 1271 3578 mollified
1290 3540 1346 3591 by·
1365 3538 1432 3578 the
1461 3538 1614 3589 English
1633 3537 1748 3593 being,
1766 3549 1870 3576 more
1889 3537 1944 3575 ci-

1087 3592 1238 3636 vilized.
1559 3603 1563 3606 ’
1596 3592 1598 3595 ’

1897 3667 1973 3730 itt.
