2091 3796
167 124 252 189 62
477 122 838 189 RERUM
933 123 1638 195 ScoTrcauuM

162 224 368 287 primum
388 217 437 265 in
450 218 688 268 Britannia
708 223 902 285 coeperit
930 222 1053 270 sedes
1076 240 1196 270 anno
1218 238 1245 269 a
1267 224 1447 271 Christo
1471 243 1591 288 4203
1617 228 1952 290 quorum,Gil-·

163 289 244 334 das
271 284 389 333 nihil
419 301 505 347 pro
536 286 704 334 Luddo
739 287 865 342 facit,
883 288 1015 335 ,Beda
1042 305 1146 335 eum
1170 288 1398 335 mendacii
1419 291 1645 354 coarguit.
1716 293 1795 339 Tu
1817 311 1950 349 vero,

162 353 322 405 lector,
347 366 433 396 nec
455 350 640 406 Luddo‚
665 367 750 398 nec
772 352 905 408 mihi,
936 352 1011 400 sed
1030 352 1119 400 tuis
1142 352 1287 400 oculis
1309 354 1462 408 crede,
1488 360 1528 401 δε
1568 355 1800 421 utriusque
1837 358 1952 405 scri·

150 415 308 481 rptoris
331 415 456 461 locos
479 415 727 478 diligenter
747 419 972 481 expende·

228 481 382 527 XLII.
419 481 479 525 At
511 497 621 526 vero
655 480 781 527 Dion
807 482 999 544 (inquit)
1027 480 1306 529 Caledonios
1329 494 1467 530 vocat
1487 483 1730 533 Britannos
1756 507 1767 534 z
1803 497 1944 535 vocat

87 593 92 596 ,
161 545 265 593 sane
283 551 324 596 δε
343 546 574 600 Lucanus,
598 558 647 591 ut
669 558 775 592 ante
797 545 969 594 dictum
990 549 1066 601 est,
1090 550 1135 596 δι’
1163 547 1395 594 Martialis
1417 546 1465 594 in
1487 548 1571 597 illo
1591 550 1738 605 versu,

419 619 595 682 Qinte
616 619 897 667 Caledonios
921 620 1067 668 Ovidi
1088 619 1235 669 visure
1260 622 1520 670 Britannos.

160 693 250 742 Sed
273 693 426 741 nullus
449 709 607 741 eorum
633 706 876 758 propterea
898 695 1048 741 Pieros
1073 711 1150 741 eos
1174 695 1301 743 fuiss‘e
1318 718 1321 719 ⁷
1337 709 1475 761 negat
1501 716 1511 743 :
1561 696 1636 744 sed
1665 696 1767 758 jure
1786 709 1952 749 tamen:

159 757 342 823 optimo
363 757 602 806 Britannos
624 772 807 806 vocant.
869 760 995 807 Nam
1021 762 1413 808 ouemadmodum
1429 773 1526 810 tota
1546 761 1692 808 insula
1711 761 1953 812 Britannia

155 835 362 878 vocatur,
388 823 452 869 ita
474 823 667 875 univerfi
692 825 787 885 ejus
810 824 978 871 incola:
1002 825 1209 872 Britanni
1234 826 1398 873 merito
1419 827 1726 874 vocabuntur.
1764 828 1944 877 Verum

158 889 556 953 quemadmodum
578 888 735 935 insulae
769 889 937 935 Siciliae
960 889 1237 938 habitatores
1261 909 1286 938 a
1308 891 1530 939 Romanis
1554 891 1746 939 univerfi
1770 909 1941 941 vocan-

159 965 235 1000 tur
259 952 403 1000 Siculi
422 953 511 1000 fine
537 953 630 1000 ullo
652 952 929 1008 discrimine,
949 954 1033 1016 ipfi
1055 971 1164 1010 vero
1191 952 1232 1001 se
1255 954 1335 1002 alii
1365 957 1435 1016 (ι)
1467 956 1661 1010 Sicelus,
1685 957 1756 1002 vel
1782 956 1944 1004 Siceli-

156 1032 255 1066 otas
279 1018 590 1081 appellabant,
614 1016 678 1063 ita
702 1017 946 1064 Britanniae
970 1017 1111 1064 totius
1130 1018 1299 1066 incolae
1341 1018 1550 1066 Britanni
1582 1019 1747 1066 exteris
1783 1023 1944 1084 appel-

154 1083 339 1130 lantur:
378 1082 461 1144 ipfi
492 1098 600 1129 vero
632 1082 846 1144 antiquos
881 1081 1160 1129 habitatores
1195 1083 1426 1146 saepissime
1450 1082 1704 1140 Brittones,
1741 1086 1944 1138 reliquas

153 1164 264 1195 vero
285 1160 444 1211 gentes
468 1146 517 1194 in
539 1164 592 1194 ea
615 1147 833 1209 degentes
865 1149 1135 1211 plaerunque
1157 1147 1349 1211 privatis
1373 1148 1611 1196 nationum
1648 1149 1936 1206 nominibus,

152 1212 341 1260 interim
361 1214 472 1260 vero
495 1212 733 1259 communi
750 1213 1072 1260 Britannorum
1095 1214 1323 1260 vocabulo
1340 1227 1618 1276 nuncupant.
1680 1214 1827 1277 Igitur
1847 1217 1940 1263 Ca-

153 1277 348 1332 ledonii,
373 1276 504 1332 Picti,
533 1277 657 1325 Scoti
689 1279 877 1325 interim
912 1277 991 1325 suo
1017 1294 1214 1342 quaeque
1235 1295 1347 1342 gens
1367 1277 1572 1332 nomine,
1597 1277 1783 1326 interim
1808 1295 1938 1327 com-

152 1343 286 1390 muni
305 1342 627 1390 Britannorum
651 1343 880 1390 vocabulo
905 1359 990 1390 nec
1012 1344 1127 1390 adeo
1160 1360 1260 1391 raro
1296 1343 1549 1390 censentur.
1618 1344 1689 1406 (2)
1733 1345 1798 1392 At
1820 1345 1938 1392 ss1it-

152 1420 283 1456 tones
320 1423 395 1455 eos
430 1421 655 1472 quantum
688 1407 880 1456 memini
903 1425 1039 1455 nemo
1058 1409 1207 1456 adhuc
1229 1408 1427 1478 vocavitl.
1497 1409 1571 1454 Est
1609 1411 1658 1457 δε
1694 1407 1818 1456 aliud
1842 1409 1934 1455 dis-

152 1474 328 1520 crimen
356 1474 480 1538 apud
515 1490 592 1520 eos
615 1473 1072 1521 animadvertendum
1093 1474 1141 1520 in
1159 1490 1273 1521 voce
1294 1472 1545 1526 Britannia,
1571 1474 1708 1535 quale
1730 1475 1790 1520 est
1811 1475 1939 1537 apud

152 1538 346 1586 Graecos
371 1543 415 1587 ὅτ
439 1538 628 1586 Latinos
650 1537 699 1586 in
720 1553 834 1585 voce
858 1539 979 1585 Afia.
1049 1540 1123 1585 Est
1144 1539 1268 1586 enim
1292 1539 1399 1585 Afia
1418 1538 1652 1585 interdum
1679 1538 1811 1585 tertia
1833 1555 1936 1603 pars

151 1615 281 1650 terrae
300 1602 582 1660 habitabilis,
606 1603 791 1652 interim
816 1604 999 1665 majoris
1029 1603 1154 1650 illius
1178 1605 1296 1651 Afiae
1321 1621 1437 1666 pars,
1459 1619 1563 1665 quae
1586 1603 1701 1650 citra
1722 1604 1937 1652 Taurum

152 1682 376 1724 montem,
402 1673 448 1717 Sc
474 1669 627 1716 minor
646 1669 754 1716 Afia
774 1669 998 1732 aopellari
1022 1668 1148 1717 solet.
1219 1671 1289 1716 Ita
1319 1668 1554 1716 Britannia
1587 1668 1729 1716 mode>
1764 1685 1939 1717 nomen

149 1736 212 1780 est
234 1733 392 1782 insulae
420 1734 666 1782 universae:
706 1736 847 1782 modo
871 1733 1011 1798 partis
1046 1734 1159 1795 ejus,
1197 1752 1299 1797 quae
1330 1733 1554 1781 Romanis
1577 1733 1769 1780 fascibus
1803 1751 1937 1797 pare·

152 1800 267 1846 bat:
301 1816 445 1863 eaque
476 1816 579 1863 pars
615 1816 735 1846 nunc
772 1799 989 1847 Humbro
1024 1800 1182 1854 fluvio,
1215 1814 1338 1846 nunc
1371 1797 1583 1852 Adriani,
1620 1815 1742 1845 nunc
1778 1798 1936 1846 Severi

149 1865 272 1910 vallo
297 1865 554 1911 finiebatur.
650 1865 760 1926 Ejus
784 1877 938 1911 autem
972 1864 1113 1926 partis
1135 1864 1412 1911 habitatores
1445 1862 1606 1926 saepius
1644 1862 1670 1908 a
1701 1863 1943 1910 Britannisv

147 1929 444 1992 scriptoribus
469 1929 715 1985 Brittones,
748 1946 887 1993 quam
914 1928 1120 1977 Britanni
1143 1930 1438 1976 nominantur
1463 1948 1472 1975 :
1509 1941 1694 1974 caeteros
1728 1930 1835 1975 vero
1857 1929 1932 1974 in-

145 1993 256 2043 sulae
280 1995 578 2046 habitatores,
619 2012 784 2057 nempe
808 1995 985 2051 Scotos,
1011 1997 1061 2045 δί
1083 1993 1232 2042 Pictos
1250 1993 1438 2042 interim
1460 1993 1721 2046 Britannos,
1744 1992 1933 2042 interim

145 2060 434 2124 peregrinos,
456 2066 496 2107 δε
515 2059 835 2107 transmarinos
855 2061 979 2107 Beda
1000 2075 1149 2107 vocat.
1184 2059 1315 2106 Idem
1335 2074 1523 2120 quoque
1541 2056 1782 2104 discrimen
1807 2058 1933 2120 apud

147 2125 551 2172 Monumetensem
574 2126 879 2180 Monachum,
913 2128 960 2175 δι
986 2124 1278 2172 Gulielmum
1301 2121 1750 2171 Malmesburiensem
1776 2123 1930 2169 obser-

143 2204 254 2237 vare
276 2191 352 2238 est.
423 2191 738 2252 Quamobrem
764 2190 1011 2237 Caledonii
1048 2189 1196 2236 nihilo
1233 2190 1378 2254 magis
1413 2201 1546 2235 erunt
1575 2185 1817 2235 Britonnes
1849 2188 1880 2234 fi
1904 2204 1931 2235 a

146 2255 320 2310 Dione,
346 2256 572 2311 Martiali,
599 2257 805 2310 Lucam,
843 2269 922 2302 aut
945 2255 1035 2302 alio
1057 2255 1205 2319 probo
1227 2254 1442 2318 scriptore
1465 2252 1673 2309 Britanni
1694 2252 1927 2309 dicantur,

145 2336 287 2382 quam
310 2319 457 2367 Brutii
483 2321 593 2367 fient
628 2319 847 2376 Romani,
886 2320 1025 2367 etiarn
1058 2320 1088 2366 fi
1130 2320 1312 2383 utrique
1348 2319 1432 2365 s1nt
1459 2317 1582 2364 Itali.
1667 2318 1785 2364 Haec
1816 2318 1848 2364 fi
1879 2334 1927 2365 a-

132 2383 506 2433 nimadvertisset
529 2386 721 2433 Luddus
743 2403 983 2447 nunquam
1012 2385 1060 2431 in
1091 2395 1235 2431 tantas
1256 2383 1464 2432 tenebras
1487 2382 1528 2428 se
1550 2381 1780 2437 induisset,
1806 2388 1847 2430 ἅτ
1870 2383 1929 2430 de

143 2466 194 2497 re
216 2467 310 2497 non
331 2449 435 2497 satis
466 2450 656 2514 cognita
677 2464 768 2498 tam
795 2463 965 2498 temere
1000 2456 1039 2497 δι
1061 2449 1390 2496 inconsiderate
1413 2446 1764 2510 pronunciasset,
1790 2448 1928 2494 Cale-

145 2512 417 2578 douiosque,
442 2514 557 2578 quia
567 2529 795 2571 ¹vocentur
816 2532 841 2561 a
858 2515 1014 2562 Dione
1039 2513 1262 2567 Britanni,
1286 2513 1435 2561 Pieros
1459 2510 1584 2559 fuisse
1607 2524 1812 2576 negaret.

98 2638 100 2641 .
191 2581 389 2627 XLIII.
423 2581 528 2628 Nec
544 2581 605 2628 est
625 2582 753 2644 quod
777 2580 968 2627 miretur
986 2579 1197 2633 Luddus,
1217 2579 1341 2643 qubd
1363 2595 1469 2625 cum
1490 2575 1633 2632 Scoti,
1654 2580 1703 2625 ὃς
1723 2575 1840 2624 Piffi
1858 2589 1929 2625 tot

142 2660 237 2691 non
261 2645 368 2692 dico
386 2661 548 2701 annos,
585 2645 659 2692 sed
694 2645 855 2693 saecula
892 2644 939 2692 in
965 2644 1202 2692 Britannia
1234 2642 1558 2695 habitaverint,
1602 2658 1739 2688 nemo
1776 2653 1928 2689 tamen

68 2752 69 2755 ,
142 2710 283 2772 paulo
305 2710 521 2768 vetustior
543 2709 734 2774 scriptor
750 2727 908 2757 eorum
933 2709 1212 2765 meminerit,
1237 2722 1341 2755 ante
1364 2707 1664 2755 Arnmianurn
1689 2707 1928 2754 Marcelli-

141 2791 271 2829 num,
298 2781 336 2822 &
358 2775 687 2822 Claudianum.
720 2817 722 2819 .
758 2776 881 2822 Nam
908 2788 957 2823 ut
979 2775 1191 2822 omittam
1226 2774 1408 2830 Vallos,
1434 2772 1678 2825 Cambros,
1720 2771 1926 2835 Loegros

140 2856 290 2902 nuper
312 2855 422 2886 nota
450 2840 627 2887 mundo
658 2840 864 2896 nomina,
890 2841 1067 2902 possum
1093 2846 1241 2903 &ego
1260 2855 1368 2886 eum
1389 2853 1553 2901 rogare
1574 2852 1681 2883 cum
1705 2846 1774 2883 tot
1791 2837 1927 2884 Grae—

126 2902 185 2950 ,ci
204 2909 244 2951 δε
268 2903 424 2952 Latini
445 2921 514 2952 res
539 2906 813 2953 Graecorum
831 2904 1092 2952 mandarint
1127 2905 1380 2958 memoriae,
1419 2903 1490 2964 (3)
1524 2917 1605 2948 cur
1626 2915 1764 2951 nemo
1790 2901 1926 2947 Grae-

125 2984 221 3017 ,cus
255 2970 467 3025 Graecos,
507 2982 586 3017 aut
619 2972 859 3017 Romanus
890 2971 1114 3017 Hellenas
1150 2969 1358 3016 nominet
1393 2970 1410 3014 ?
1459 2982 1542 3012 cur
1579 2979 1672 3014 tam
1705 2964 1804 3014 sero
1842 2980 1926 3012 no-

138 3032 268 3081 mina
288 3033 549 3090 nationum,
575 3052 769 3098 quarum
789 3036 938 3083 mod&
956 3033 1166 3091 memini,
1189 3034 1237 3082 in
1276 3030 1508 3081 historiam
1526 3029 1841 3081 Britannicam
1863 3029 1928 3076 ir⁴

193 3161 256 3214 (1)
285 3163 374 3212 The
393 3165 468 3202 first
486 3165 719 3204 inhabitants
737 3166 782 3204 of
798 3165 863 3204 the
882 3166 999 3204 issand
1072 3178 1186 3203 never
1205 3164 1324 3202 called
1341 3163 1547 3208 Brittones,
1566 3160 1697 3200 which
1729 3161 1759 3199 is
1778 3160 1844 3207 the
1862 3174 1926 3210 pe·

140 3216 272 3273 Sicily,
291 3218 421 3256 which
444 3232 546 3268 came
568 3220 665 3257 from
687 3220 840 3268 Liguria
859 3218 899 3257 in
920 3221 997 3257 Ita·
1071 3219 1190 3256 culiar
1216 3230 1328 3255 name
1359 3217 1404 3254 of
1423 3216 1489 3254 the
1519 3215 1595 3252 first
1625 3215 1858 3252 inhabitants
1887 3213 1934 3250 of

138 3271 197 3320 ly,
211 3271 330 3308 called
362 3271 586 3310 themselves
615 3273 756 3311 Sicelos
778 3288 786 3310 :
819 3275 888 3310 and
908 3272 998 3322 they
1071 3271 1232 3318 Britain,
1253 3270 1378 3308 before
1395 3269 1462 3307 the
1486 3270 1606 3316 Scots,
1639 3269 1753 3320 Piets.
1769 3268 1926 3313 arrdfia-

137 3325 273 3361 ¹named
293 3325 344 3362 all
363 3325 429 3362 the
449 3325 560 3363 other
572 3327 737 3364 colonies
754 3326 838 3364 that
855 3326 996 3364 arrived
1066 3336 1163 3368 ‚xons
1182 3325 1331 3362 entered
1350 3323 1415 3360 the
1434 3322 1512 3368 isse,
1543 3322 1588 3359 of
1600 3322 1731 3359 whom
1751 3321 1815 3358 the
1827 3321 1926 3357 'Cor-

138 3377 246 3415 there
265 3378 364 3416 from
387 3380 545 3425 Greece,
569 3379 778 3417 Siceliotas.
1070 3379 1241 3416 nishmen
1264 3379 1334 3414 and
1348 3375 1479 3413 Welsh
1498 3375 1643 3413 remain
1661 3383 1700 3414 to
1718 3373 1795 3412 this
1813 3375 1895 3422 day,

191 3431 256 3482 (2)
293 3431 382 3470 The
414 3432 628 3479 caledonii,
655 3434 759 3470 Scots
788 3434 860 3469 and
891 3432 995 3470 Piens
1126 3430 1189 3482 (3)
1205 3433 1277 3468 'For
1292 3431 1358 3468 the
1374 3428 1524 3466 Greeks
1539 3430 1612 3466 call
1625 3437 1691 3466 not
1704 3426 1928 3464 themselves

137 3495 199 3520 are
222 3485 282 3522 oft
310 3485 422 3523 times
451 3485 497 3535 by
528 3485 679 3529 ancient
702 3485 846 3524 writers
876 3487 996 3523 called
1069 3486 1237 3530 Graecos,
1271 3484 1335 3520 but
1368 3484 1549 3520 Hellenes
1569 3496 1579 3519 ε
1596 3483 1667 3520 and
1698 3480 1764 3518 the
1796 3479 1929 3517 Latius

137 3536 327 3582 Britanni,
343 3538 473 3577 which
494 3539 524 3576 is
548 3553 570 3576 a
588 3541 736 3591 general
758 3544 867 3576 name
887 3548 926 3576 to
943 3540 995 3576 all
1068 3540 1141 3578 call
1160 3537 1268 3578 them
1288 3537 1442 3578 Graecos
1459 3537 1534 3576 and
1551 3543 1618 3575 not
1638 3533 1851 3578 Hellenes„

137 3588 204 3626 the
223 3590 458 3634 inhabitants
476 3593 521 3633 of
533 3592 600 3632 the
621 3593 684 3633 isse
699 3607 712 3643 5
745 3593 810 3638 but
829 3591 918 3642 they
935 3606 994 3631 are
1573 3612 1576 3615 ’

1826 3641 1932 3731 ap-
