2016 3801
104 170 189 233 42
370 147 549 215 DE
637 148 1012 238 JURE
1104 128 1596 218 REGNJ

106 264 235 295 mero
264 263 354 294 non
379 249 516 297 essent
549 250 765 299 babendi.
832 251 1093 299 Violatores
1123 250 1366 299 enimsunt
1386 253 1597 300 humanae
1620 248 1863 309 societatis,-

105 325 185 359 aut
205 325 326 358 certe
339 313 601 374 proditores
626 333 637 362 ε
662 317 787 379 quod
805 314 968 362 vitium
990 316 1027 362 si*
1042 315 1090 361 in
1115 317 1243 378 Rege
1265 316 1501 364 ferendum
1526 334 1617 363 non
1642 317 1718 370 est,
1741 319 1862 365 mule·

107 389 156 422 to
178 376 329 423 minus
362 376 410 423 in
435 378 611 440 privato
642 382 701 426 est
724 380 977 427 tolerabile.
1046 379 1144 441 Qui
1166 379 1311 443 igitur
1341 379 1462 428 cives
1484 381 1683 427 habendi
1710 380 1811 427 sunt
1844 383 1862 428 ἓ

107 441 203 504 Qi
224 440 406 505 legibus
420 456 595 505 parent,
619 443 875 491 societatem
899 443 1138 491 hominum
1165 456 1365 499 tuentur,
1385 444 1467 507 qui
1488 445 1663 492 labores
1685 461 1864 500 omnes,

105 505 487 567 omniapericula
510 508 685 554 malunt
707 525 789 570 pro
809 509 989 556 suorum
1010 509 1150 555 salute
1167 510 1313 565 obire,
1352 525 1491 571 quam
1514 508 1561 555 in
1584 509 1679 555 otio
1702 510 1758 556 ab
1781 510 1868 556 hoa·

105 570 272 616 nestate
293 570 492 637 sejunfto
515 589 595 632 per
635 572 868 635 ignaviam
897 573 1209 620 consenescere
1233 591 1243 620 ε
1264 575 1342 638 qui
1370 589 1461 619 non
1482 572 1721 635 praesentes
1744 574 1867 621 fruc-

106 647 196 688 tus,
218 634 294 682 sed
312 635 576 682 aeternitatis
599 638 864 684 memoriam
886 650 991 684 ante
1013 638 1170 685 oeulos
1191 638 1467 701 propositam
1493 637 1678 684 habent.
1724 637 1866 702 Qod

105 699 137 745 fi
160 715 275 762 quos
298 701 434 746 timor
456 702 503 747 Sc
523 716 673 746 rerum
696 700 873 749 suarum
896 702 1120 764 respefius
1142 720 1167 749 a
1184 704 1399 764 perieulis
1421 714 1623 754 revocat,
1655 714 1806 748 tamen
1825 708 1868 750 δι’

105 763 318 810 facinoris
341 764 546 826 praeclari
568 764 794 827 splendor,
817 773 855 813 δι
883 766 1059 813 virtutis
1084 768 1380 829 pulchr¹tudo
1402 767 1578 813 animos
1601 765 1798 825 dejeftos
1820 784 1871 813 e·

106 827 226 891 riget
251 846 262 874 :
291 835 330 876 δε
353 828 433 890 qui
453 831 673 882 aunores,
698 831 777 892 qui
800 832 939 878 duces
964 832 1048 878 effe
1068 848 1156 878 non
1174 832 1424 884 audebunt,
1445 828 1636 876 comites
1660 830 1754 876 fieri
1777 847 1870 878 non

103 892 388 938 recusabunt.
456 894 617 956 Itaque
641 895 669 940 fi
694 895 816 942 cives
839 913 932 942 non
955 914 979 942 e
1003 911 1210 949 numero,
1237 896 1311 942 sed
1335 894 1560 958 dignitate
1583 894 1867 949 censeantur,

105 973 199 1007 non
228 957 373 1003 solum
397 973 497 1020 pars
521 957 698 1013 melior,
733 959 806 1007 sed
829 961 964 1007 etiam
991 961 1151 1022 major,
1187 975 1269 1022 pro
1292 959 1520 1011 libertate,
1562 973 1644 1018 pro
1667 958 1871 1011 honesto,

103 1038 191 1082 pro
211 1021 530 1068 incolumitate
550 1023 697 1070 stabit.
765 1025 905 1081 Quod
930 1025 959 1070 fi
982 1022 1120 1071 etiarn
1145 1037 1239 1071 tota
1259 1023 1387 1086 plebs
1405 1023 1648 1076 dissentiat,
1676 1022 1792 1068 nihil
1815 1021 1874 1081 is-

106 1086 190 1132 tud
224 1086 282 1131 ad
304 1085 568 1148 praesentem
605 1087 957 1150 disputationem
983 1089 1092 1135 facit
1117 1108 1128 1136 :
1163 1105 1255 1135 non
1278 1087 1399 1134 enim
1424 1086 1500 1133 hic
1527 1087 1647 1148 ⁴quid
1671 1085 1873 1132 futuram

108 1150 178 1203 fit,
203 1148 276 1196 sed
302 1150 530 1214 quidjure
553 1152 649 1198 fieri
668 1154 796 1215 poffit
819 1153 1083 1217 quaerimus·
1154 1154 1351 1215 Sedjam
1374 1152 1432 1198 ad
1454 1150 1873 1213 ordinariajudicia

100 1214 357 1262 veniamus.
422 1217 494 1263 M.
525 1217 644 1263 Istud
664 1218 936 1277 jamdudum
958 1220 1166 1280 expedio.

170 1279 392 1327 LXXXI.
425 1281 482 1326 B.
524 1281 571 1327 Si
594 1281 794 1343 privatus
817 1282 1043 1346 quispiam
1087 1281 1327 1347 praedium,
1371 1292 1449 1328 aut
1470 1279 1568 1344 agri
1607 1280 1671 1327 sui
1698 1292 1878 1343 partem

105 1358 264 1391 contra
286 1359 424 1406 quarn
450 1361 631 1408 aequum
656 1348 715 1393 est
738 1363 762 1393 a
784 1347 913 1412 Rege
936 1347 1080 1396 teneri
1095 1348 1356 1401 contendat,
1372 1346 1485 1408 quid
1508 1345 1584 1392 hic
1605 1347 1783 1409 privato
1806 1344 1875 1390 fa·
1924 1397 1927 1400 μ

106 1407 318 1459 ciendum
345 1408 493 1456 censes
519 1414 537 1457 ?
572 1411 763 1458 cedetne
782 1429 910 1477 agi-0,
931 1413 1152 1476 quonlam
1173 1411 1505 1475 Regijudicem
1532 1409 1649 1456 ferre
1672 1425 1763 1456 non
1789 1423 1874 1470 po·

105 1473 250 1520 terit?
282 1475 351 1521 M.
385 1474 601 1526 Minime.
671 1477 760 1524 Sed
794 1478 1104 1542 nonRegem,
1150 1477 1225 1524 sed
1248 1488 1587 1538 procuratorem
1610 1475 1707 1535 ejus
1729 1470 1873 1520 adesse

96 1537 301 1598 jubebit.
367 1542 424 1587 B.
456 1541 556 1602 Jam
579 1540 696 1587 istud
719 1542 1000 1606 perfugium,
1040 1557 1136 1605 quo
1157 1555 1207 1589 tu
1232 1541 1384 1594 uteris,
1409 1557 1544 1604 quam
1580 1539 1675 1586 vim
1709 1537 1875 1584 habeat

28 1645 32 1650 .
105 1601 226 1650 vide.
296 1605 406 1651 Mea
427 1605 549 1651 enim
573 1605 689 1652 nihil
711 1607 865 1661 refert,
890 1624 946 1654 an
968 1607 1061 1671 ipse
1084 1609 1183 1654 Rex
1205 1606 1369 1660 aderit,
1390 1621 1446 1651 an
1468 1603 1564 1664 ejus
1588 1615 1874 1666 procurator;

104 1680 302 1731 utroque
319 1670 441 1716 enim
464 1671 602 1716 modo
624 1671 765 1733 Regis
801 1671 1003 1733 periculo
1025 1671 1284 1735 litigabitur
1327 1688 1338 1716 :
1373 1669 1433 1723 ei,
1457 1685 1549 1715 non
1575 1666 1892 1730 procuratori„

102 1747 162 1779 ex
182 1748 346 1781 eventu
364 1735 530 1797 judieii
548 1736 767 1782 damnum
789 1748 869 1782 aut
887 1736 1067 1782 lucrum
1087 1736 1289 1786 accedet.
1341 1733 1442 1796 Ipse·
1460 1732 1659 1795 denique
1672 1749 1772 1779 reus
1796 1731 1874 1787 est,

103 1799 156 1847 id
174 1800 251 1852 est,
276 1798 312 1844 is
336 1800 464 1862 cujus
489 1815 555 1845 res
578 1800 747 1862 agitur.
815 1801 957 1847 Nunc
980 1815 1027 1847 tu
1051 1801 1189 1851 velim
1213 1799 1482 1851 confidereS,
1497 1812 1633 1860 quam
1660 1814 1749 1844 non
1775 1813 1876 1842 mo-

106 1866 168 1912 do
191 1865 244 1910 sit
266 1864 525 1918 absurdum,
550 1864 622 1910 sed
646 1865 783 1912 etiam
819 1864 1052 1927 iniquum,
1090 1867 1147 1912 de
1185 1862 1426 1928 praediolo‚
1486 1863 1544 1909 de
1603 1861 1873 1916 luminibus,

105 1930 165 1976 de
200 1928 439 1976 stillicidiis
474 1929 682 1977 adversus
720 1931 895 1994 Regem
934 1930 1162 1992 judicium
1207 1928 1305 1975 dari
1352 1944 1362 1974 :
1423 1925 1677 1987 parricidii,
1735 1941 1876 1972 vene-

105 1994 217 2048 ficii,
260 1993 590 2056 perduellionis
626 1996 801 2042 nullum
856 1994 941 2041 effe
971 1994 1201 2055 judicium
1244 2005 1255 2040 ἐ
1306 1993 1354 2039 in
1382 1990 1632 2038 minoribus
1654 1991 1787 2037 rebus
1810 1983 1877 2037 se-

104 2059 295 2106 veritate
311 2058 425 2120 juris
452 2058 535 2113 uti,
560 2057 607 2105 in
631 2060 840 2107 maximis
865 2058 1050 2122 flagitiis
1091 2060 1313 2106 summam
1335 2057 1568 2104 licentiam
1593 2061 1633 2102 <Sc
1673 2055 1877 2118 impuni-

106 2128 245 2173 tatem
270 2124 475 2186 permitti
507 2141 518 2169 :
555 2137 602 2170 ut
624 2127 758 2188 plane
793 2140 952 2171 verum
974 2125 1059 2171 effe
1080 2125 1290 2172 videatur
1310 2122 1549 2185 antiquum
1570 2120 1707 2175 illud,
1751 2121 1878 2184 Legat

105 2208 361 2237 aranearum
381 2190 473 2236 telis
493 2190 562 2251 ff
596 2189 833 2253 persimiles,
875 2207 958 2252 qua
999 2189 1154 2249 muſsas
1191 2191 1420 2239 detineant,
1464 2186 1675 2232 animalia
1709 2189 1877 2250 majbra

105 2254 415 2314 transtnittant.
481 2255 652 2316 Neque
683 2255 799 2316 justa
818 2255 876 2301 est
901 2255 981 2300 illa
1015 2255 1303 2317 quorundam
1327 2250 1514 2315 querela
1536 2256 1575 2297 δε
1597 2249 1876 2313 indignatio,-

105 2319 187 2384 qui
205 2320 366 2365 dicunt
383 2334 531 2382 neque
553 2321 787 2366 honestum
828 2335 912 2366 nec
936 2333 1121 2382 aequum
1144 2319 1228 2365 effe
1269 2330 1316 2364 ut
1338 2318 1396 2363 de
1419 2317 1549 2378 Rege
1571 2315 1628 2361 ab
1651 2314 1879 2362 inferioris

107 2383 282 2431 ordinis
312 2383 498 2430 homine
522 2385 868 2446 pronuncietur,
892 2400 997 2431 cum
1021 2385 1067 2430 in
1091 2382 1173 2430 lite
1196 2384 1253 2430 de
1271 2381 1469 2446 pecunia
1490 2380 1562 2426 vel
1585 2395 1694 2443 agro
1710 2380 1805 2441 jam
1828 2379 1878 2426 id.

107 2448 293 2496 videant
315 2461 547 2511 receptum
575 2466 586 2495 :
620 2453 667 2498 δε
691 2449 855 2496 summi
878 2449 1122 2511 secundum
1147 2448 1324 2511 Regem
1367 2444 1454 2492 viri
1491 2445 1748 2507 plerunque
1770 2459 1879 2489 cau-

106 2513 196 2560 sam
220 2512 376 2559 dicant
398 2513 519 2576 apud
536 2511 734 2573 judices,
769 2530 918 2577 neque
961 2512 1153 2567 divitiis,
1188 2526 1336 2575 neque
1359 2508 1600 2557 nobilitate
1638 2522 1722 2554 nec
1745 2508 1876 2555 rebus

45 2590 50 2597 ‘
105 2578 240 2642 gestis
262 2590 391 2639 pares
417 2595 428 2623 ε
461 2593 514 2623 ac
537 2593 686 2641 neque
707 2580 822 2625 adeo
845 2579 1041 2625 multum
1064 2576 1197 2640 supra
1217 2580 1380 2640 vulgus
1404 2573 1674 2627 en‘i‘inenteS,
1715 2572 1879 2633 longe·

105 2659 198 2706 que
235 2643 406 2704 majore
427 2642 669 2689 intervallo
706 2643 826 2690 infra
863 2658 962 2690 reos
984 2658 1124 2706 quam
1149 2641 1345 2704 supremi
1366 2636 1769 2686 ordinishomines
1795 2639 1880 2685 sint

106 2706 228 2754 infra
253 2707 417 2771 Reges.
485 2708 589 2754 Nee
609 2724 662 2754 ea
683 2719 834 2754 tamen
856 2723 905 2754 ie
936 2707 1180 2771 optimates
1203 2706 1271 2752 illi
1295 2722 1347 2752 ae
1369 2703 1458 2750 viri
1496 2701 1703 2766 primarii
1724 2701 1781 2748 de
1803 2702 1880 2749 sua
1950 2729 1952 2731 >

104 2770 334 2836 dignitate
355 2771 604 2835 quicquam
628 2772 878 2819 detractum
902 2771 1172 2819 existimant·
1241 2770 1383 2833 Qod
1407 2768 1435 2814 fi
1468 2766 1603 2815 semel
1625 2766 1740 2813 illud
1762 2767 1882 2814 reci-

107 2835 307 2898 piamus,
331 2851 380 2886 ut
419 2853 555 2884 nemo
578 2837 699 2900 apud
736 2836 944 2898 judicem
967 2835 1048 2884 nifi
1082 2835 1296 2892 omnibus
1329 2833 1464 2881 rebus
1485 2829 1761 2894 superiorem
1795 2827 1881 2879 sisti

106 2899 256 2962 poffit,
275 2902 609 2964 expeflandum
632 2900 718 2948 erit
740 2901 1021 2949 tenuioribus
1043 2900 1192 2949 donec
1209 2899 1330 2965 Regi
1366 2909 1446 2946 aut
1474 2897 1617 2944 libeat
1637 2909 1716 2942 aut
1732 2895 1881 2943 otium

107 2965 162 3012 fit
184 2976 235 3012 ut
255 2965 312 3011 de
335 2964 480 3013 nobili
502 2982 579 3012 reo
602 2956 861 3029 cognoscit.
1814 2962 1817 2966 ‘

173 3031 428 3077 LXXXII.
463 3030 608 3094 Qud,
632 3031 757 3094 quod
780 3031 963 3078 istorum
985 3031 1172 3093 querela
1190 3044 1281 3076 non
1305 3027 1445 3075 modo
1466 3025 1628 3088 injusta
1645 3024 1719 3072 sed
1741 3023 1880 3072 etiam

109 3094 219 3142 falsa
239 3094 300 3141 est
335 3097 353 3140 ?
381 3095 544 3143 'Nemo
564 3094 689 3141 enim
712 3095 794 3157 qui
833 3096 890 3143 ad
923 3095 1132 3155 judicem
1169 3093 1311 3147 venit,
1352 3093 1410 3139 ad
1431 3090 1693 3139 inferiorem
1716 3087 1842 3136 venit
1867 3102 1881 3137 ε

108 3157 355 3223 praesertim
376 3175 482 3206 cum
505 3171 654 3206 tantus
677 3159 822 3206 honos
854 3177 880 3207 a
916 3160 1021 3207 Deo
1043 3159 1141 3222 ipso
1157 3157 1367 3221 judicum
1390 3155 1543 3204 ordini
1567 3155 1807 3209 habeatur,
1833 3165 1884 3201 ut

104 3238 187 3272 ees
210 3239 302 3270 non
328 3225 478 3286 Reges
494 3223 637 3270 modo
658 3223 733 3271 sed
754 3222 893 3272 etiam
915 3225 1042 3272 Deos
1063 3228 1228 3278 vocet,
1246 3221 1480 3285 suamque,
1501 3220 1655 3283 quoad
1679 3219 1776 3266 fieri
1796 3232 1885 3282 po-

108 3289 208 3342 test,
231 3287 507 3351 dignitatem
528 3304 633 3334 cum
651 3289 716 3336 eis
745 3288 1073 3336 communicet.
1143 3289 1306 3352 Itaque
1327 3285 1569 3334 Pontifices
1589 3284 1660 3332 illi
1682 3282 1885 3331 Romani

109 3351 193 3415 qui
215 3351 424 3416 Regibus
446 3353 584 3415 pedes
613 3352 712 3401 suos
733 3354 928 3418 gratiose
960 3352 1264 3426 indulgebant
1284 3351 1568 3405 osculandos,
1592 3347 1674 3412 qui
1694 3346 1895 3395 adveni*

109 3416 293 3464 entibus
315 3417 372 3464 ad
394 3411 439 3464 se
456 3418 602 3465 mulas
624 3415 721 3463 suas
739 3417 925 3466 obviam
948 3417 1133 3465 honoris
1152 3416 1282 3464 causa
1302 3415 1563 3481 mittebant,
1588 3412 1670 3476 qui
1686 3412 1886 3484 pedibus

112 3479 446 3543 Imperatorum
469 3482 667 3530 eervices
688 3481 1041 3545 conculcabant,⁷
1060 3479 1108 3530 in
1125 3482 1203 3545 jus
1224 3480 1376 3528 vocati
1409 3479 1631 3544 parebant
1668 3487 1743 3533 3'a
1758 3476 1886 3538 judu

111 3545 240 3591 cibus
260 3546 407 3593 coaeti
429 3547 471 3594 se
506 3544 776 3610 magistratu*
799 3547 1092 3607 abdicabant.
1148 3546 1353 3593 loannes
1385 3543 1640 3592 Vicesimus
1666 3539 1886 3589 secundus

110 3623 137 3654 e
159 3608 272 3674 fuga
291 3613 530 3668 retractus,
552 3611 763 3661 etiam-in
795 3626 1021 3661 carcetem
1043 3609 1296 3672 conicetus,
1318 3625 1370 3658 ac
1388 3609 1470 3655 vix
1485 3609 1670 3656 tandem
1698 3600 1890 3711 peclqgia

1791 3681 1806 3710 l
1840 3682 1885 3710 ἐν·
