2010 3851
416 154 716 223 Lrssssu
794 141 1595 222 DnchusnoNus
1733 178 1861 240 573

92 255 280 305 nomine
303 254 524 316 imperata
541 264 652 307 erat,
671 268 772 313 repr
778 254 1003 304 aesentata‚
1030 257 1070 296 δι
1092 252 1152 298 ab
1170 250 1269 299 aliis
1288 251 1461 312 praedes
1481 254 1592 299 dati.
1620 253 1693 299 Ab
1715 254 1874 300 Hunc-

97 324 201 375 lae0‚
242 325 291 371 &
314 319 539 371 tribuum,
567 332 620 363 ac
644 333 913 378 magnarum
939 317 1254 363 clientelarum
1280 315 1565 378 principibus
1589 317 1766 363 obsdes
1788 320 1875 363 ab-

93 385 240 432 ducti.
315 385 385 429 Ita
420 381 701 454 nationibus,
737 397 843 443 quae
867 383 923 428 ad
948 381 1274 452 leptentriones
1301 393 1514 442 vergunt,
1536 382 1726 441 pacatis,
1764 399 1834 427 cu
1826 399 1874 428 n

96 450 272 514 summa
295 448 520 493 bonorum
542 445 751 501 omnium
776 462 856 507 per
880 458 1027 492 totum
1051 445 1138 492 iter
1156 443 1463 518 gratulatione
1482 444 1698 490 Perthurn
1726 448 1786 491 est
1807 464 1879 492 re-

96 512 170 561 dii
177 504 265 559 tim.
333 509 402 556 Eo
425 520 679 556 conventus
713 509 967 556 nobilitatis
998 523 1093 555 erat
1117 509 1315 557 indictus
1339 508 1402 555 ob
1427 508 1598 564 literaS,
1640 525 1751 568 quas
1782 512 1881 556 Ro-

99 579 252 625 bertus
275 574 447 623 Bodius
469 575 688 637 Elginam
714 590 771 620 ex
791 574 964 637 Anglia
987 574 1043 619 ad
1067 576 1316 638 Proregem
1338 573 1568 620 attulerat
1635 573 1778 619 Erant
1799 590 1884 620 au-

97 655 192 689 tem
217 641 362 687 literae
389 639 573 700 perlatae
604 640 756 686 altera:
778 638 987 698 privatae,
1010 639 1125 686 alter
1108 656 1166 685 ae
1188 639 1404 712 publicae.
1473 638 1669 685 Privatae
1691 639 1882 698 quidem

98 705 158 752 ab
180 703 342 751 aulicis
364 704 640 766 quibusdam
666 688 832 765 Anglis
868 703 926 749 de
950 703 1146 750 Hauarti
1170 704 1503 765 conjuratione.
1573 709 1609 731 ‘⁶
1639 702 1753 748 Eam
1781 716 1884 747 tan-

98 782 146 816 ta
167 768 375 832 potentia
398 768 655 823 subnixam,
696 780 823 814 tanta
844 767 1089 830 prudentii
1124 767 1406 830 dispositam,
1436 779 1575 829 atque
1604 766 1883 821 ἰηᾶιπυξὶιιῑτ,

99 846 152 880 ut
174 833 343 880 nullius
361 832 558 888 viribus,
583 831 788 879 nullius
776 848 967 896 ingenio
989 832 1033 878 ei
1055 832 1192 878 refisti
1217 834 1374 895 poffet,
1397 848 1454 878 ne
1478 833 1507 877 fi
1531 831 1720 893 reliquae
1744 832 1880 878 totinf⁸

98 898 351 946 Britanniae
372 898 491 945 vires
514 896 725 944 adversus
748 913 850 943 eam
874 900 1054 944 coeant.
1123 897 1443 943 Hortabantur
1466 909 1620 943 autem
1644 895 1800 950 amici,
1829 914 1885 942 nc

100 962 336 1010 fortunam
358 963 481 1010 suam
504 962 745 1009 florentem
775 978 881 1008 cum
905 962 1040 1008 rebus
1062 960 1255 1008 aliorum
1281 961 1410 1024 perdi
1416 961 1471 1008 tis
1494 962 1733 1008 misceret·
1723 999 1734 1007 .
1776 963 1886 1009 sibi-

100 1045 193 1092 que
218 1027 404 1089 pariter,
428 1043 480 1074 ac
502 1027 637 1074 rebus
662 1026 746 1074 suis
769 1026 951 1073 adhuc
940 1025 1132 1090 mtegris
1155 1025 1424 1073 consuleret.

167 1093 391 1139 XXXIX.
425 1092 579 1139 Status
618 1108 768 1139 rerum
793 1091 1094 1155 Anglicarum
1133 1092 1205 1152 (1)
1248 1091 1318 1137 his
1342 1107 1424 1137 nos
1447 1089 1637 1153 paulum
1661 1089 1889 1138 divertere

102 1158 248 1220 cogit,
269 1157 395 1219 quod
416 1173 471 1204 eo
494 1168 703 1219 tempore
721 1156 836 1204 adeo
855 1155 1087 1218 utriusque
1102 1155 1233 1219 regni
1249 1156 1477 1217 prospera,
1503 1159 1552 1204 ὃς
1574 1156 1661 1200 adr
1666 1156 1758 1201 ersi
1775 1173 1888 1203 con-

101 1221 261 1282 junc'ta
281 1234 427 1276 erant,
455 1233 503 1268 ut
529 1222 672 1269 altera
703 1222 794 1269 fine
816 1220 967 1268 alteris
992 1220 1213 1282 explicari
1236 1221 1496 1283 nequirent.
1563 1220 1689 1266 Scoti
1714 1233 1819 1267 ante
1840 1239 1889 1267 a·

104 1286 256 1348 liquot
279 1302 420 1333 annos
446 1286 707 1350 Anglorum
730 1284 913 1333 auxiliis
950 1304 974 1332 e
997 1285 1212 1331 servitute
1238 1285 1424 1331 Gallica
1446 1284 1628 1330 liberati
1650 1285 1887 1349 religionis

104 1350 270 1406 cultui,
294 1356 336 1398 δε
355 1350 519 1398 ritibus
543 1367 651 1398 cum
676 1351 842 1414 Anglis
865 1350 1190 1396 communibus
1215 1349 1356 1396 lubsc
1346 1349 1582 1413 ipserunt.
1651 1352 1718 1395 Ea
1742 1351 1890 1398 lubita

106 1430 260 1463 rerum
295 1415 494 1463 mutatio
527 1415 749 1477 spondere
771 1415 1032 1470 videbatur,
1077 1414 1362 1461 Britanniam
1394 1413 1647 1461 universam
1681 1416 1739 1461 ab
1759 1417 1891 1464 omni

106 1480 358 1528 domestico
391 1482 594 1528 tumultu
626 1480 993 1542 conquieturam.
1060 1481 1098 1528 E
1122 1478 1378 1526 continenti
1415 1495 1524 1525 vero
1554 1480 1648 1525 Por*
1640 1479 1771 1526 tifex
1792 1482 1891 1527 Ro-

107 1560 270 1591 manus
277 1545 564 1600 ,Gallorum,
587 1551 627 1592 δι
647 1545 959 1608 Hispanorum
979 1546 1132 1607 Reges
1156 1545 1328 1591 bellum
1350 1543 1658 1597 minabantur,
1678 1548 1724 1593 fx
1745 1547 1892 1592 confi..

109 1609 172 1656 lia
195 1626 418 1656 novarum
450 1627 603 1657 rerum
641 1609 762 1656 inter
800 1609 841 1657 se
874 1610 994 1656 clam
1019 1609 1290 1656 traclabant.
1364 1609 1426 1655 Et
1462 1606 1679 1655 Pontircx
1700 1610 1893 1670 quidem

109 1675 360 1730 hortandO,
384 1679 434 1724 δε
459 1674 727 1746 pollicendo
745 1674 919 1722 strenue
943 1674 1063 1721 faces
1082 1672 1251 1720 animis
1274 1673 1341 1721 ira
1365 1673 1648 1731 tumentibus
1670 1683 1778 1720 aum
1784 1693 1840 1721 υτ.-

112 1738 207 1785 bat.
275 1738 485 1804 Regibus
503 1752 659 1786 autem
679 1738 800 1786 inter
814 1740 856 1786 se
880 1756 973 1786 non
995 1738 1098 1785 satis
1121 1738 1251 1785 dorni
1272 1738 1636 1792 concordibus,
1624 1753 1688 1785 ita
1711 1755 1821 1802 opes
1845 1759 1893 1788 e-

110 1817 213 1851 rant
233 1804 478 1858 exhaustae,
498 1816 561 1851 ut
568 1802 714 1866 magis
737 1820 922 1866 cupere,
940 1820 1081 1867 quarn
1100 1803 1320 1866 suscipere
1343 1804 1464 1850 bella
1488 1802 1766 1852 viderentur.
1806 1806 1894 1851 Su-

120 1869 247 1917 berat
270 1875 310 1917 δι
331 1869 416 1916 illa
450 1868 703 1923 aemulatio,
728 1870 856 1931 quod
895 1883 1057 1916 neuter
1089 1868 1321 1916 videretur
1361 1884 1495 1941 aequo
1531 1867 1689 1914 animo
1722 1869 1894 1916 laturus

111 1943 295 1982 tantum
321 1933 450 1981 alteri
465 1933 629 1981 virium
649 1934 917 1990 accrescere,
936 1947 1160 1998 quantum
1177 1933 1351 1997 Anglia
1372 1932 1478 1979 devi
1482 1934 1553 1979 &a
1573 1933 1806 1992 adjec‘tura
1825 1939 1895 1982 vi-

117 1999 319 2046 deretur.
387 2000 514 2046 Inter
530 2016 609 2050 eos
630 1999 822 2054 interea,
846 2001 896 2049 &
917 1999 1017 2046 suos
1034 2000 1157 2045 cives
1180 2000 1251 2044 hae
1272 1997 1592 2045 contentiones
1614 1997 1894 2099 inciderunt,

113 2080 220 2126 quae
258 2062 436 2110 animos
470 2080 670 2111 aretum
710 2076 1001 2111 externarum
1023 2062 1385 2126 cogitationibus
1406 2076 1694 2109 averterent:
1750 2081 1899 2127 quan-

116 2145 257 2191 quam
282 2133 322 2176 &
345 2128 524 2175 novitas
555 2127 705 2192 regni,
745 2129 876 2190 quod
897 2128 1157 2175 adolescens
1178 2127 1373 2174 foemina
1392 2127 1561 2191 abique
1585 2128 1684 2174 viro
1710 2128 1899 2177 summae

117 2209 271 2240 rerum
290 2193 598 2266 apudAnglos
621 2194 1149 2266 praeeffet(quamqu1e1
1170 2192 1425 2256 iniquiores
1447 2205 1594 2248 erant,
1626 2209 1683 2239 ex
1705 2192 1900 2259 illegiti-

121 2257 209 2305 mis
232 2257 406 2321 nuptiis
432 2257 639 2305 Henrico
660 2259 822 2305 ostavo
842 2258 1050 2322 genitam
1072 2258 1397 2316 asseverabant)
1422 2263 1463 2305 δε
1484 2256 1790 2319 superioribus
1806 2275 1900 2307 tam

120 2323 179 2369 de
201 2339 361 2388 regno,
386 2339 526 2386 quarn
549 2323 608 2369 de
628 2321 854 2394 religione
875 2322 1061 2370 diffidiis
1082 2322 1231 2386 magis
1261 2322 1481 2386 repreffis,
1503 2340 1641 2387 quarn
1664 2323 1897 2380 extinfi‘tis,

119 2387 336 2435 odiorum
357 2400 510 2434 tamen
529 2386 738 2436 scintillae
759 2387 940 2435 adhuc
927 2405 977 2435 ιιι
998 2387 1164 2435 animis
1187 2387 1420 2442 vivebant,
1446 2404 1548 2450 quae
1570 2404 1680 2435 mox
1701 2388 1749 2435 in
1769 2407 1902 2454 mag-

121 2468 233 2499 num
255 2451 522 2500 incendium
543 2464 774 2515 erupturae
793 2452 1103 2500 crederentur.
1172 2453 1340 2500 Multis
1373 2453 1561 2499 interim
1595 2454 1835 2502 conatibus
1873 2474 1902 2503 a

121 2517 319 2580 Papanis
343 2517 509 2581 Anglis
533 2530 703 2565 temere
726 2516 936 2581 sumptiS,
959 2521 1008 2567 δε
1032 2517 1126 2566 cito
1148 2517 1340 2581 pacatis,
1380 2534 1483 2564 cum
1514 2516 1690 2580 semper
1715 2518 1809 2566 fere
1831 2536 1901 2568 res

121 2581 372 2631 infeliciter
407 2582 684 2639 succederet,
719 2582 884 2630 exteris
907 2581 1073 2631 affidue
1094 2582 1220 2646 spem
1244 2582 1539 2645 quantumvis
1562 2600 1732 2629 variam
1753 2587 1904 2632 osten-

121 2646 348 2703 tantibus,
386 2661 472 2694 nec
502 2647 675 2695 auxilia
713 2647 807 2694 ulla
825 2646 1094 2704 ferentibus,
1118 2647 1418 2711 pervicaciter
1440 2661 1591 2694 tamen
1629 2649 1679 2694 in
1713 2650 1904 2697 consilio

123 2711 329 2774 suscepto
351 2712 679 2775 persistebant:
707 2710 950 2777 magisque
971 2712 1067 2760 dux
1086 2713 1393 2769 multitudini,
1417 2729 1557 2775 quam
1581 2729 1711 2776 opes,
1738 2720 1784 2772 δε
1804 2715 1906 2762 ani·

123 2776 193 2823 mi
216 2777 362 2824 deesse
383 2777 674 2826 videbantur.

190 2843 295 2889 XL.
330 2841 744 2906 Circumspiciebat
778 2842 947 2907 vulgus
984 2857 1065 2890 ora
1086 2859 1366 2905 procerum.
1400 2858 1484 2890 nec
1509 2842 1612 2889 satis
1635 2829 1904 2895 occurrebat

127 2906 401 2971 quisquam
388 2908 599 2963 ιάοηειιε,
619 2909 748 2971 cujus
774 2909 880 2956 fidei
901 2908 962 2962 se,
993 2907 1179 2981 suasque
1213 2924 1371 2955 omnes
1405 2908 1610 2954 fortunas
1644 2911 1909 2957 committe-

126 2983 246 3019 rent.
282 2972 468 3020 Turbul
471 2972 700 3021 entiorum
722 2973 846 3021 enim
869 2989 995 3020 arma
1015 2971 1172 3019 civilia
1192 2974 1363 3021 multos
1385 2972 1759 3035 absumplerant:
1789 2977 1908 3023 mul-

130 3036 167 3084 ti
185 3035 232 3084 in
255 3036 479 3085 diversam
498 3037 662 3085 sectam
684 3039 966 3086 tranfierant.
1032 3037 1299 3085 Nonnullos
1321 3052 1399 3085 aut
1417 3037 1602 3085 vivendi
1624 3041 1859 3086 maturitas
1881 3058 1910 3087 a

130 3101 421 3164 gravioribus
443 3101 643 3175 negotiis
665 3101 892 3150 obeundis
913 3101 1206 3158 subduxerat,
1230 3116 1310 3150 aut
1331 3102 1463 3150 fimul
1484 3118 1591 3149 cum
1612 3104 1815 3166 corporis
1840 3106 1910 3153 vi·-

131 3165 258 3212 ribus
280 3166 465 3213 fractis
452 3178 519 3213 ita
540 3181 718 3214 ammos
739 3168 1016 3222 molliverat,
1043 3179 1094 3214 ut
1125 3183 1285 3231 pacem
1309 3169 1450 3216 modo
1469 3183 1560 3214 non
1583 3167 1907 3241 iniquiflirnam

131 3230 230 3300 pati
252 3231 443 3292 possent.
479 3231 616 3278 Unus
637 3232 902 3280 eminebat
890 3245 1011 3279 inter
1036 3245 1226 3280 caeteros
1247 3233 1457 3280 Thomas
1480 3234 1556 3280 Ha
1563 3247 1734 3288 uanus,
1758 3231 1836 3280 cui
1859 3239 1912 3284 ὃς

135 3309 332 3349 animus,
359 3300 397 3341 Sc
421 3310 532 3356 opes
557 3296 713 3370 essent,
737 3310 788 3344 ut
811 3310 983 3357 tantam
1006 3298 1255 3372 procellam
1279 3297 1489 3346 sustinere
1512 3299 1668 3359 posset.
1721 3299 1780 3343 Et
1801 3313 1911 3344 cau-

134 3359 192 3403 sae
225 3357 454 3411 suberant,
493 3374 597 3421 quae
634 3360 840 3410 animum
863 3361 1040 3424 alioqui
1077 3362 1290 3425 quietum
1328 3363 1387 3411 ad
1421 3379 1573 3410 rerum
1596 3362 1910 3409 novandarum

134 3420 260 3485 spem
298 3422 607 3486 impellerent.
675 3428 805 3475 Avus
838 3426 963 3475 enim
986 3425 1100 3490 ejuS,
1125 3431 1175 3478 ὃς
1198 3444 1395 3491 proavus
1433 3429 1504 3491 (2)
1538 3428 1670 3474 rebis
1692 3426 1910 3488 praeclare

183 3551 246 3599 (1)
266 3552 357 3590 scil.
378 3553 485 3592 rebus
503 3554 672 3597 Scoticis.
724 3555 773 3594 al.
793 3552 875 3596 hic.
1044 3557 1250 3602 ini-*iebant-

184 3607 248 3661 (2)
278 3608 414 3661 Supple
441 3620 506 3661 per
523 3607 682 3662 ellipsin,
710 3622 922 3662 quanquam
947 3623 987 3650 e·
1112 3610 1120 3613 '⁷

1765 3710 1769 3727 s
1811 3660 1909 3710 bel-
