1992 3801
122 156 252 244 246
382 157 789 233 ‚RERUM
879 152 1567 247 Sco'r1czinunt

123 256 267 302 ercitu
286 252 335 301 in
356 254 576 320 Angliam
598 257 772 304 reverso
788 255 1052 303 Gulielmus
1066 256 1324 321 Duglaffius
1344 256 1678 313 Gallovidiam,
1702 260 1773 321 (ιι)
1796 253 1901 309 Ro}

122 318 275 382 gerius
299 317 459 366 acella
487 321 672 368 Patricii
692 320 925 376 Nithiam,
965 322 1036 381 (z)
1069 323 1267 378 Ioannes
1295 324 1500 372 Stuartus
1533 323 1743 389 Proregis
1777 326 1900 375 filius

121 383 416 431 Annandiam
442 386 586 432 Scotis
608 386 731 432 hoste
751 385 939 447 exPulso
959 384 1260 433 restituerunt.
1633 386 1636 389 ’

189 449 438 499 XXXVII.
472 448 767 496 Eodem'fere
789 462 996 512 tempore
1016 449 1209 497 Ioannes
1243 451 1347 498 Rex
1367 452 1643 500 Francorum
1665 452 1714 500 in
1745 452 1898 502 Piao·

120 510 256 562 nibus
290 530 460 576 magno
482 513 641 576 praelio
664 515 722 560 ab
746 514 912 578 Anglis
935 512 1080 560 viEtus
1103 513 1295 577 capitur.
1362 515 1603 563 Eduardus
1637 534 1742 564 cum
1778 517 1897 565 duo-

120 576 204 624 bus
220 577 427 641 Regibus
449 577 641 649 captivis
663 577 863 626 hiemem
888 590 1044 643 ageret
1063 578 1113 625 in
1131 577 1305 626 summa
1325 579 1444 628 inter
1464 579 1717 628 amicorum
1732 595 1898 644 -gratu-

88 683 92 693 ,
122 641 316 689 lationes
339 641 524 695 laeticia,
549 641 675 690 Scoti
696 642 901 691 animum
924 643 1020 704 ejus
1041 643 1191 708 gloria
1210 643 1419 692 satiatum
1440 644 1529 691 rati
1551 657 1649 692 tum
1672 645 1730 692 ad
1745 646 1899 708 *aequi-

120 714 260 754 tat'em
296 705 476 753 facilius
499 707 620 754 flecti
640 709 776 771 poss‘e,
801 724 907 755 cum
926 724 982 754 eo
1003 725 1085 771 per
1106 709 1280 772 legatos
1315 709 1373 756 de
1395 710 1526 772 Rege
1560 708 1639 757 suo
1658 708 1899 758 liberando
1973 715 1975 717 ’

119 784 327 835 egerunt.
396 771 610 826 Bruffius‚
640 785 690 819 ut
719 772 899 819 facilius
922 773 986 819 sui
1020 789 1125 821 eum
1147 773 1390 834 convenire
1413 774 1603 837 possent,
1650 773 1903 826 Bervicum

121 837 184 882 est
207 834 356 882 missus
379 854 389 881 :
424 851 530 882 cum
548 836 605 883 de
626 836 968 884 conditionibus
1006 854 1098 885 non
1121 838 1402 894 conveniret,
1438 838 1605 886 iterum>
1628 839 1897 888 Londinum

119 901 182 947 est
201 900 414 946 reversus.
449 901 554 946 Nec
573 901 687 946 adeo
710 901 790 947 diu
809 903 906 963 post
925 918 1006 963 per
1025 902 1201 965 legatos
1219 902 1599 963 Pontificios‚‚qui
1615 904 1671 949 de
1693 919 1805 965 pace
1826 903 1899 951 in-

122 978 190 1013 ter
221 964 417 1026 Anglos,
455 969 495 1010 &
518 965 725 1010 Francos
737 964 912 1011 summo
949 964 1094 1012 studio
1116 965 1331 1028 agebant,
1379 981 1485 1012 cum
1510 965 1658 1016 Scotis
1678 967 1817 1014 etiam
1841 970 1904 1017 est

122 1027 409 1082 transactum,
435 1027 653 1090 promissis
678 1029 854 1093 Anglo,
880 1040 930 1076 ut
952 1028 1088 1076 nostri
1104 1028 1322 1086 scribunt,
1343 1041 1555 1086 centum,
1572 1043 1622 1085 ut
1643 1032 1900 1080 Froffardus

119 1092 386 1158 quingentis
410 1092 615 1139 millibus
638 1110 891 1141 mercarum
915 1093 1127 1158 Anglicae
1146 1106 1342 1141 monetae
1368 1113 1379 1141 :
1412 1095 1483 1156 cuj
1494 1111 1542 1141 us
1567 1095 1774 1159 pecuniae
1796 1113 1901 1160 pars

119 1156 531 1221 repraesentaretur,
571 1158 801 1221 reliquum
825 1175 908 1221 pez·
929 1159 1163 1221 pensiones
1195 1158 1473 1207 solveretur.'
1525 1161 1592 1206 Ea
1613 1160 1786 1208 summa
1807 1178 1903 1226 quo

121 1222 300 1275 facilius
323 1222 640 1279 conficeretur,
664 1223 880 1271 Pontifex
898 1225 1135 1271 Romanus
1153 1222 1507 1271 sacerdotiorum
1526 1224 1725 1272 decimas
1743 1225 1792 1273 in
1811 1238 1902 1278 tres

122 1303 265 1334 annos
287 1285 479 1335 donavit
505 1305 516 1334 ε
549 1286 743 1335 induciae
771 1289 945 1336 interea
967 1287 1114 1335 fac'tae.
1169 1288 1364 1336 Obsides
1386 1288 1483 1335 dati
1505 1288 1768 1336 nobiliffimi
1788 1291 1900 1338 ado-

119 1352 353 1405 lescente8‚
377 1351 456 1414 qui
481 1357 599 1415 pene
620 1369 778 1400 omnes
807 1353 856 1400 in
879 1351 1052 1417 Anglia
1082 1354 1201 1416 peste
1222 1351 1494 1415 interierunt
1578 1354 1731 1401 David
1757 1354 1902 1418 igitur

120 1414 365 1463 undecimo
388 1416 529 1478 quam
549 1432 708 1480 captus
746 1418 893 1465 fuerat
916 1433 1036 1465 anno
1063 1419 1254 1465 domum
1278 1418 1494 1473 reversus,
1518 1417 1719 1481 primum
1749 1419 1900 1467 omni-

122 1497 218 1537 um,
242 1481 321 1545 qui
347 1478 470 1544 fugae
494 1482 722 1546 principes
745 1482 770 1530 ἐ
795 1483 1092 1530 Dunelmenfi
1115 1483 1277 1546 praelio
1299 1483 1499 1538 fuerant,
1518 1483 1733 1532 multavit
1758 1502 1769 1530 :
1815 1485 1900 1535 Pa,-

121 1546 259 1593 tricio
292 1545 553 1595 Dumbario
583 1560 756 1611 partem
791 1547 888 1612 agri
921 1547 1138 1594 abstulit:
1183 1548 1440 1595 Robertum
1475 1549 1708 1595 Stuartum
1739 1547 1899 1597 sororis

122 1610 306 1674 majoris
330 1609 476 1658 filium
503 1611 530 1657 ἷι
552 1612 626 1676 spe
648 1611 919 1660 succedendi
936 1613 985 1657 in
1011 1628 1205 1676 regnum
1222 1613 1419 1659 removit
1446 1630 1457 1659 :
1490 1624 1627 1676 atque
1649 1612 1696 1660 in
1715 1612 1810 1674 ejus
1829 1614 1898 1660 10-
1958 1667 1965 1676 ,

123 1692 230 1723 cum
254 1673 476 1723 substituit
500 1679 570 1739 (3)
598 1678 914 1726 Alexandrum
939 1674 1271 1724 Sutherlandiae
1292 1676 1494 1724 Comitis
1525 1677 1672 1724 filium
1695 1677 1719 1725 ὲ
1741 1677 1899 1724 secun·
1965 1709 1969 1713 ι

123 1742 182 1787 da
205 1741 352 1788 sorore
379 1741 588 1805 genitum
629 1761 643 1799 ;
694 1749 733 1789 Sc
768 1743 814 1789 in
850 1743 947 1803 ejus
971 1758 1140 1788 nomen
1175 1756 1384 1804 proceres
1423 1741 1701 1789 sacramento
1724 1740 1896 1806 adegit.

122 1807 278 1869 Hujus
301 1806 597 1854 adolescentis
621 1820 765 1870 pater,
788 1819 837 1854 ut
859 1821 1101 1869 procerum
1123 1807 1380 1853 voluntates
1403 1806 1497 1852 filio
1514 1805 1780 1854 conciliaret
1801 1823 1912 1854 arc--v

123 1870 233 1925 tius,
253 1871 433 1928 latos,&
450 1871 699 1919 fructuosos
717 1887 851 1936 agros
873 1870 981 1918 viris
999 1870 1266 1934 potentibus
1288 1870 1495 1928 donavit.
1521 1871 1611 1917 Sed
1634 1870 1901 1918 Alexandro

122 1935 251 1996 brevi
273 1938 369 1998 post
393 1949 575 1983 mortuo
593 1936 749 1983 David
772 1938 954 1983 Stuarto
978 1936 1284 1999 placatus‘est,
1310 1940 1354 1985 δι
1377 1935 1426 1981 in
1448 1935 1661 1982 ordinum
1685 1935 1900 1998 frequen-

123 2000 164 2047 tiv
186 2016 416 2049 conventu
438 2002 538 2048 suus
562 2001 604 2048 ei
627 2002 754 2056 locus
777 2003 838 2056 est
866 2001 1073 2055 omnium
1106 2001 1288 2055 decreto
1311 1999 1553 2050 restitutus.
1622 2000 1711 2047 Sed
1746 1999 1796 2047 id
1818 1999 1902 2047 ali-

123 2079 240 2128 quot
261 2066 391 2113 annis
414 2066 631 2130 posterius
653 2068 713 2116 est
734 2065 922 2119 factum,
1404 2112 1407 2115 Α

186 2131 462 2186 XXXVIIL.
505 2130 743 2179 Proximos
787 2131 881 2178 fere
916 2131 1120 2195 quinque
1149 2146 1292 2183 annos
1329 2129 1377 2178 in
1403 2125 1630 2193 ”pacandis
1657 2128 1902 2184 'discordiis

121 2194 338 2242 civilibus
361 2197 464 2245 Rex
485 2195 774 2258 consumpsit.
844 2199 952 2260 Qo
975 2197 1023 2243 in
1057 2210 1263 2258 tempore
1297 2196 1401 2242 duae
1427 2196 1579 2242 clades
1600 2193 1861 2243 inciderunt
1886 2212 1899 2241 2

121 2260 263 2307 altera
284 2261 342 2309 ad
365 2277 534 2324 paucos
565 2261 796 2323 pertinens
821 2278 877 2307 ex
907 2258 1208 2308 inundatione
1231 2276 1472 2323 aquarum.
1538 2260 1748 2306 Tantum
1777 2258 1901 2306 enini

125 2340 257 2387 aquae
280 2325 449 2387 pluviae
473 2326 529 2372 de
553 2328 673 2372 ccelo
695 2326 923 2389 dejectum
966 2326 1043 2381 est,
1068 2339 1116 2372 ut
1138 2321 1436 2380 torrentibus,
1477 2328 1517 2370 δι
1537 2323 1688 2370 fluviis
1710 2339 1793 2386 per
1811 2325 1904 2370 Lo-

120 2389 325 2435 thianam
344 2390 391 2436 in
417 2406 549 2454 agros
572 2390 718 2450 effufis
742 2408 833 2437 non
856 2402 1018 2454 pontes
1037 2390 1195 2445 modo,
1218 2395 1258 2436 δι
1282 2390 1425 2436 molas
1444 2388 1671 2450 aquarias,
1695 2387 1768 2433 sed
1789 2388 1904 2451 plae-

119 2452 278 2516 rasque
299 2456 481 2501 rustice-,s
505 2452 667 2501 domos
709 2471 812 2503 cum
837 2470 1021 2518 pecore,
1063 2459 1114 2504 ὅτ
1140 2452 1339 2503 dominis
1361 2453 1430 2500 vis
1453 2469 1674 2516 aquarum
1697 2452 1745 2498 in
1779 2467 1904 2499 mare

120 2518 354 2574 detulerit,
395 2519 577 2566 arbores
598 2519 815 2575 radicitus
838 2518 1067 2575 evulserit,
1093 2518 1266 2582 oppida
1287 2533 1474 2582 quoque
1495 2533 1640 2581 prope
1661 2516 1904 2563 fluminum

122 2581 245 2645 ripas
268 2599 385 2646 pene
424 2582 622 2641 delerit.>
673 2585 812 2631 Hanc
833 2583 1140 2630 calamitatem
1165 2583 1315 2629 secuta
1335 2583 1469 2646 pestis
1503 2586 1674 2630 multos
1697 2580 1907 2628 omnium

119 2647 352 2702 ordinum,
369 2661 507 2711 atque
530 2661 714 2695 :etatum
734 2648 1023 2711 consumpfit.
1055 2646 1369 2695 Pacatioribus
1384 2646 1480 2707 jam
1500 2647 1633 2693 rebus
1656 2662 1776 2693 anno
1795 2645 1902 2692 mil-

119 2712 278 2760 lefimo
300 2713 614 2760 trecentesimo
636 2712 910 2778 sexagesimo
933 2713 1067 2773 tertio
1089 2712 1138 2759 in
1151 2723 1383 2759 conventu
1404 2710 1618 2762 ordinum
1639 2712 1739 2758 Rex
1757 2710 1903 2773 (4)‘ad

120 2777 352 2838 apolectos
373 2778 547 2833 retulit,
579 2778 637 2824 de
664 2779 822 2841 Anglo
852 2790 930 2824 aut
951 2778 1046 2838 ejus
1071 2776 1181 2830 filio,
1216 2774 1389 2838 si‘quid¹
1405 2775 1487 2822 fibi
1508 2775 1771 2823 humanitus
1796 2791 1902 2820 eve-

119 2842 264 2895 ·niffet‚
290 2843 346 2889 ad
369 2860 565 2907 regnum
592 2843 868 2905 capiendum
895 2841 944 2888 in
968 2842 1166 2888 Scotiam
1191 2840 1475 2887 accersendo.
1544 2841 1618 2895 Id,
1644 2841 1734 2886 five
1762 2837 1902 2884 taedio

120 2904 347 2952 bellorum
374 2907 604 2970 utriusque
627 2907 777 2970 gentis
800 2905 1057 2955 commodis
1082 2903 1377 2970 prospiciens,
1412 2904 1501 2950 five
1538 2904 1684 2968 (quod
1714 2902 1793 2950 alii
1817 2919 1903 2964 pu-

120 2971 239 3029 tant)
267 2971 325 3016 ab
348 2971 506 3034 Anglo
535 2971 687 3031 jurare
708 2973 889 3018 coastus
925 2969 1102 3024 fecerit,
1142 2968 1290 3017 oratio
1313 2968 1410 3029 ejus
1438 2967 1528 3013 fuit
1549 2969 1664 3014 adeo
1685 2967 1900 3015 omnibus

119 3033 318 3096 ingrata,
338 3036 583 3089 &molesta,
602 3037 653 3080 ut
673 3051 765 3081 non
784 3037 1024 3097 expefflato
1046 3035 1157 3081 dum
1180 3031 1339 3079 ordine
1363 3031 1595 3078 sententiae
1616 3043 1904 3096 rogarentur,

120 3113 279 3143 omnes
302 3098 500 3145 clamore
522 3099 710 3146 confuso
732 3116 893 3146 vocem
915 3099 1287 3145 abominarentur
1316 3114 1327 3142 :
1366 3111 1419 3141 ac
1443 3096 1559 3143 nihil
1581 3096 1770 3160 propius
1793 3093 1900 3149 fuit,

100 3160 261 3225 *quam
283 3162 432 3224 utqui
452 3162 687 3221 liberrime
711 3163 949 3210 vociferati
975 3163 1155 3210 fuerant
1176 3160 1295 3222 iram·
1313 3160 1409 3221 ejus
1434 3171 1688 3208 metuentes
1712 3158 1902 3206 defecti-

121 3223 260 3273 o'nem
284 3225 708 3288 circumspicerent..
779 3229 994 3291 Qorum
1017 3226 1097 3275 ubi
1120 3227 1328 3273 timorem
1355 3224 1552 3280 rescivit,
1576 3223 1754 3271 remissa
1773 3223 1839 3269 ira
1859 3239 1908 3269 e-

175 3344 241 3396 (1)
277 3344 405 3392 Rog'er
436 3342 691 3392 Kirkpatricl:
725 3344 770 3382 of
799 3344 986 3383 Thortor·
1041 3345 1085 3383 of
1099 3343 1272 3389 Carrick,
1292 3344 1404 3380 eldest
1425 3342 1486 3382 son
1505 3352 1544 3381 to
1562 3343 1628 3381 the
1647 3354 1837 3391 governor,
1858 3339 1906 3388 by

117 3400 219 3436 wald⁴
237 3413 245 3434 ε
277 3399 374 3435 from
412 3396 472 3434 his
507 3397 692 3446 postet-ity,
726 3398 772 3446 by
791 3399 987 3444 marriage,
1042 3397 1241 3435 Elizabeth
1255 3397 1382 3441 Moor,
1399 3409 1479 3446 cap.
1497 3407 1565 3445 42.
1585 3397 1797 3433 afterwards
1809 3392 1905 3439 king

116 3452 194 3489 this
226 3453 335 3490 estate
363 3450 431 3488 fell
449 3459 488 3487 to
520 3447 585 3486 the
611 3449 802 3498 Carliles3
843 3452 913 3487 and
945 3451 989 3498 by
1042 3450 1189 3487 Robert
1209 3449 1275 3487 the
1295 3449 1409 3494 third,
1442 3449 1508 3486 lib.
1533 3461 1594 3487 10.
1623 3461 1704 3498 cap.
1737 3459 1771 3484 1.
1847 3491 1850 3495 .
1904 3443 1912 3454 '

117 3505 183 3541 the
202 3506 301 3542 same
337 3516 419 3552 way
437 3503 479 3541 in
497 3501 564 3540 the
597 3502 663 3540 last
681 3510 833 3551 century
849 3511 889 3539 to
923 3502 989 3538 the
1097 3501 1159 3551 (3)
1189 3502 1329 3539 Others
1347 3502 1420 3538 call
1448 3501 1531 3539 him
1549 3501 1666 3554 John.
1726 3519 1728 3522 v
1892 3523 1909 3533 ·.

120 3558 326 3602 Duglaffes.
676 3563 678 3565 “
1094 3555 1158 3605 (4)
1189 3555 1430 3603 Propounded
1453 3563 1492 3592 to
1521 3554 1585 3594 the
1603 3554 1698 3592 lords
1711 3549 1826 3589 ofthe
1847 3561 1908 3586 ar-

175 3606 237 3659 (2)
265 3610 396 3648 Cailed
415 3609 519 3662 John
543 3610 700 3649 stewart
720 3609 764 3649 of
782 3609 897 3659 Kyle,
913 3609 988 3647 enrl
1042 3605 1148 3647 ticlcs
1167 3605 1207 3646 in
1224 3607 1460 3659 parliament.

1859 3668 1929 3699 OS.
