2091 3796
202 136 290 225 78
495 134 869 202 RERUM
959 135 1651 208 scarionem

199 237 416 301 gentibus
438 234 540 282 sunt
557 235 798 299 appellati)
823 252 948 283 oram
972 235 1255 283 Germanico
1285 237 1398 284 mari
1414 237 1614 289 vicinam
1631 239 1808 304 ingreffi
1837 246 1983 306 pullis,-

200 300 383 354 incolis‚
403 298 485 367 qui
506 305 547 347 δε
569 299 674 356 r‘ari,
701 305 743 347 δὲ
762 301 882 348 inter
903 301 946 347 se
964 300 1190 348 discordes
1218 312 1364 355 erant,
1401 314 1615 366 magnam
1638 306 1735 367 ejus
1750 304 1845 353 ‘orae
1860 318 1974 371 'par-

201 378 297 414 tem
314 364 362 412 in
384 363 509 413 suam
529 363 752 412 ditionem
776 368 1051 429 redegerunt
1076 384 1088 412 ι
1124 365 1343 429 brevique
1360 365 1510 429 prima
1529 367 1612 416 ill-a
1631 385 1737 417 cum
1762 372 1906 418 Scotis
1927 390 1976 419 a-

200 429 391 479 micitiae
426 427 626 492 auspicia
667 431 842 492 sequuti
872 429 1147 493 conjugibus
1178 430 1237 477 ab
1258 429 1322 477 eis
1354 431 1551 494 acceptis
1586 433 1634 480 in
1670 451 1805 482 unam
1827 453 1975 499 prope

198 509 386 560 gentem
409 494 693 541 coaluerunt.
761 494 783 539 Ι
787 506 832 540 ta
850 494 972 541 enim
991 493 1209 559 effectum*
1224 496 1302 550 est,
1345 508 1392 543 ut
1410 495 1641 557 frequenti
1662 499 1797 553 ultro,
1834 502 1977 547 citro-

196 577 290 625 que
311 571 572 608 commeatu
594 566 761 622 ma'gna
783 559 1022 606 Scotorum
1047 559 1296 606 multitudo
1319 562 1391 608 vel
1414 561 1471 606 ab
1494 561 1704 608 affinibus
1728 564 1878 611 adhuc
1900 565 1974 611 in-

197 625 340 674 firmis
360 637 553 679 retenta,
578 623 652 669 vel
675 624 1023 671 domesticarum
1045 640 1196 670 rerum
1217 625 1410 688 penuria
1435 626 1647 689 impulsa,
1679 629 1752 673 vel
1774 627 1976 676 charita-

192 704 239 738 te
257 692 439 739 suorum
459 687 579 736 inter
601 687 749 735 Pictos
772 688 926 736 locum
948 687 1189 736 domicilio
1210 702 1408 751 caperet.

259 757 348 804 III.
381 753 499 801 P1ffl
515 752 666 817 primo
678 752 882 800 affinium
901 752 1101 799 adventu
1117 751 1331 801 laeticum
1348 756 1587 819 augescere
1606 756 1828 818 paulatim
1848 757 1985 805 mul-

190 819 439 869 titudinem
461 830 715 872 cernerent,
741 817 992 864 formidare
1014 828 1255 880 coeperunt
1290 836 1347 865 ne
1378 834 1486 867 cum
1519 821 1721 883 primum
1755 822 1879 883 spem
1901 822 1970 869 vi-

191 903 264 933 res
288 883 432 932 Scotis
455 881 671 935 facerent,
697 882 782 944 ipsi
803 881 867 928 eis
890 880 1082 928 obnoxii
1100 882 1416 939 redderentur,
1462 884 1615 947 primo
1638 885 1814 932 secretis
1836 886 1975 934 coiti-

189 952 375 1003 onibus,
400 947 566 995 deinde
588 947 739 1009 palam
760 945 810 991 in
834 945 1030 992 consiliis
1049 945 1243 992 fremere
1262 960 1517 1009 coeperunt,
1538 948 1894 1010 providendum,
1913 966 1974 998 ne
2016 979 2018 984 ,

192 1013 428 1080 peregrini
465 1011 614 1058 secum
644 1010 742 1074 post
762 1010 1057 1056 miscerentur
1083 1027 1093 1056 ε
1140 1009 1458 1073 rationemque
1478 1011 1746 1068 ineundam,
1787 1023 1838 1059 ut
1866 1029 1971 1075 quae

192 1081 358 1128 ade'ffet
380 1075 629 1124 multitudo
651 1075 948 1123 minueretur.
992 1073 1192 1135 Jaffiatus
1214 1074 1355 1122 etiam
1375 1076 1519 1141 vulgo
1541 1089 1698 1124 rumor
1717 1077 1779 1124 est
1799 1075 1971 1125 divini-

189 1155 264 1192 tus
298 1141 437 1192 Piens
473 1143 543 1203 (1)
570 1139 821 1188 dictionem
852 1141 938 1187 effe
959 1140 1131 1194 datam,
1176 1139 1289 1201 fore,
1325 1153 1374 1188 ut
1396 1141 1644 1203 aliquando
1673 1153 1772 1189 tota
1807 1158 1920 1206 gens
1943 1160 1971 1191 a

191 1207 340 1257 Scotis
363 1208 606 1254 deleretur.
675 1206 765 1253 Hae
791 1204 1057 1268 suspitiones
1095 1204 1144 1251 in
1168 1203 1299 1252 causa
1319 1204 1521 1260 fuerunt,
1564 1218 1613 1254 ut
1634 1205 1839 1254 nationes
1863 1219 1970 1255 ante

189 1272 467 1321 amiciffimae
499 1269 694 1318 seorsum
718 1268 1009 1317 habitarent:
1047 1270 1267 1333 Scotique
1295 1269 1525 1317 montanis
1544 1269 1595 1316 in
1624 1269 1756 1326 locis,
1780 1277 1822 1318 δε
1844 1271 1968 1335 agri-

188 1339 378 1385 culturae
416 1337 566 1383 minus
602 1335 724 1399 aptis
765 1339 838 1397 (ut
858 1335 942 1398 qui
965 1334 1121 1398 pecori
1143 1334 1385 1397 pascendo,
1412 1341 1453 1382 &
1477 1335 1797 1382 venationibus
1820 1335 1967 1400 magis

147 1431 150 1436 ·
189 1402 336 1450 dediti
354 1403 511 1462 effent)
535 1400 578 1448 se
599 1399 888 1448 continerent
912 1418 923 1447 ε
957 1399 1072 1446 Pieri
1103 1399 1224 1463 agris
1247 1398 1545 1447 fertilioribus
1567 1400 1817 1448 secundum
1841 1415 1966 1449 mare

187 1467 524 1516 Germanicum
553 1466 758 1514 colendis
779 1464 1070 1512 assuescerent
1094 1483 1105 1511 ε
1156 1478 1209 1511 ac
1229 1465 1452 1529 paulatim
1482 1477 1552 1512 tot
1568 1477 1674 1517 ante
1694 1463 1855 1513 officiis
1878 1483 1959 1513 ne·-

194 1532 413 1580 ceffitudo
433 1534 665 1579 contracta
690 1531 820 1577 brevi
842 1530 890 1576 in
923 1530 1149 1593 funestum
1172 1547 1256 1593 pro
1292 1546 1317 1576 e
1337 1529 1473 1577 civile
1491 1528 1666 1576 bellum
1687 1529 1841 1577 vertit.
1874 1531 1965 1577 Le-

184 1597 323 1644 vibus
344 1596 467 1644 enim
488 1597 544 1643 de
566 1596 705 1643 causis
724 1595 924 1660 primum
938 1593 1124 1658 jurgiis,
1143 1593 1248 1642 dein
1286 1612 1311 1642 e
1326 1593 1505 1657 injuriis
1523 1594 1644 1642 inter
1663 1594 1872 1642 homines
1895 1594 1962 1642 fe—

186 1671 316 1710 roces
337 1663 450 1709 ortis
472 1661 830 1723 graviffimorum
866 1660 1079 1707 odiorum
1117 1658 1288 1707 semina
1310 1660 1431 1721 jacta
1463 1658 1754 1706 videbantur.
1823 1660 1963 1707 Hanc

185 1728 471 1774 occasionem
485 1726 712 1773 Brittones
737 1724 965 1786 utriusque
983 1723 1133 1787 gentis
1151 1724 1329 1771 inimici
1351 1738 1456 1771 cum
1478 1725 1616 1771 effent
1634 1723 1775 1780 nacti„
1792 1723 1958 1771 discor-

182 1791 366 1838 diarum
389 1791 509 1838 faces
531 1791 849 1844 admoverunt,
874 1796 915 1837 δε
937 1789 1076 1836 Pictis
1098 1805 1189 1835 non
1213 1789 1503 1852 poscentibus
1540 1788 1767 1835 auxilium
1800 1788 1961 1836 adver-

185 1856 256 1903 sus
279 1858 441 1904 Scotos
458 1856 671 1904 offerunt.
741 1855 795 1902 Id
813 1853 938 1901 Scoti
959 1870 1063 1901 cum
1088 1853 1267 1901 tractari
1295 1853 1527 1908 sentirent,
1568 1859 1609 1900 Sc
1643 1853 1735 1917 ipfi·
1748 1853 1959 1900 adversus

185 1920 433 1970 imminens
457 1919 697 1968 discrimen
718 1935 812 1967 non
835 1919 975 1966 modo
997 1917 1240 1975 auxilium,
1282 1919 1355 1965 sed
1389 1920 1566 1981 Regem
1588 1917 1957 1981 etiam'peregri-

180 2003 295 2034 num
314 1987 546 2034 astiscunt.
586 1985 902 2032 Insulanorum
921 1984 1061 2031 duces
1084 1999 1192 2030 cum
1207 2000 1324 2045 pene
1341 1982 1440 2047 pari
1461 1982 1688 2046 dignitate
1699 1983 1852 2035 essent,
1871 1997 1956 2030 nec

182 2052 297 2099 alter
319 2051 450 2098 alteri
471 2051 631 2098 cedere
646 2050 695 2097 in
730 2049 934 2107 animum
960 2049 1213 2104 induceret,
1234 2049 1472 2095 accerfitur
1494 2064 1598 2093 cum
1622 2046 1767 2111 copiis
1790 2063 1847 2093 ex
1864 2047 1957 2094 Hi-

180 2115 342 2163 bernia
363 2116 601 2181 Fergufius
625 2114 868 2162 Ferchardi
901 2114 1038 2168 filius,
1062 2115 1133 2175 (2)
1157 2115 1365 2160 omnium
1390 2115 1632 2159 Scotorum
1652 2117 1692 2158 &
1714 2112 1783 2175 (3)
1812 2112 1956 2158 confit

175 2179 263 2237 lio,
288 2186 329 2228 ἃς
353 2197 492 2229 manu
515 2181 688 2243 primus
709 2179 892 2227 habitus
920 2198 930 2226 ε
965 2186 1008 2229 &a
1042 2195 1212 2242 magno
1248 2178 1414 2241 populi
1442 2175 1656 2224 consensu
1677 2177 1780 2223 Rex
1800 2176 1956 2223 decla·

178 2257 305 2292 ratur
329 2264 340 2293 :
375 2258 513 2310 atque
534 2245 786 2293 exercitum
808 2244 866 2291 ad
895 2243 1042 2291 aleam
1065 2259 1252 2307 pugnae,
1281 2243 1309 2289 fi
1340 2243 1393 2290 fit
1414 2256 1550 2306 opus,
1572 2241 1851 2288 subeundam
1870 2256 1953 2303 pa.

174 2323 274 2357 rare
287 2309 492 2372 jubetur.

242 2376 331 2422 IV.
365 2376 541 2424 Eodem
564 2391 709 2439 prope
730 2385 968 2421 momento
984 2384 1140 2420 rumor
1169 2372 1227 2418 ad
1250 2374 1428 2427 Scotos,
1448 2368 1688 2434 PiEtosque
1708 2386 1951 2433 promana=

177 2448 249 2487 rat
272 2440 499 2488 Brittones
527 2442 597 2504 (4)
623 2439 841 2503 ambigua
861 2437 1049 2485 consilia
1076 2437 1259 2499 utrique
1279 2436 1409 2500 genti
1423 2436 1556 2497 juxta
1575 2435 1828 2498 perniciosa
1851 2435 1949 2499 agi-

175 2518 290 2559 tare,
317 2516 367 2552 ut
397 2504 543 2551 victos
564 2504 749 2568 pariter,
772 2502 1056 2565 victoresque
1079 2501 1202 2548 bello
1223 2500 1583 2565 aggrederentur
1613 2517 1625 2547 :
1667 2502 1718 2550 &
1749 2499 1952 2562 utrisque
1968 2524 1981 2531 -«

175 2570 250 2616 vel
272 2570 330 2616 ad
345 2569 706 2617 internecionem
727 2569 866 2623 caefis,
890 2568 965 2613 vel
987 2565 1130 2613 Albio
1149 2566 1363 2628 expulsis,
1385 2565 1470 2628 ipsi
1493 2563 1633 2612 totius
1649 2563 1808 2610 insulae
1824 2563 1949 2628 poti-

173 2645 331 2680 rentur
349 2633 564 2697 imperio.
618 2634 701 2680 ‘Ea
720 2651 788 2680 res
811 2631 1044 2694 utriusque
1069 2631 1220 2694 gentis
1242 2630 1395 2693 copias
1422 2627 1599 2676 confilii
1635 2627 1830 2676 incertas
1864 2628 1948 2676 ali-

172 2710 290 2760 quot
306 2697 403 2746 dies
424 2700 474 2745 in
499 2696 647 2745 castris
670 2697 918 2749 continuit.
971 2698 1187 2743 Tandem
1209 2694 1256 2741 in
1280 2692 1566 2756 colloquium
1587 2706 1795 2748 ventum,
1809 2698 1848 2740 δι
1868 2694 1948 2740 de-

121 2817 133 2820 *
170 2765 292 2809 tecta
312 2764 572 2811 Brittonum
593 2764 777 2810 occulta
797 2761 956 2809 fraude
979 2762 1036 2808 de
1057 2775 1170 2825 pace
1201 2758 1279 2823 agi
1300 2772 1506 2822 coeptum
1541 2776 1552 2804 :
1589 2774 1736 2821 eaque
1755 2774 1945 2805 renova-

171 2841 217 2873 ta
238 2839 328 2874 tres
349 2828 575 2875 exercitus
598 2827 758 2875 diverfi
784 2828 976 2874 domum
998 2824 1322 2873 concesserunt.
1392 2824 1463 2885 (3)
1497 2821 1646 2869 Britto
1662 2834 1827 2868 conatu
1850 2821 1950 2884 pri-

169 2907 249 2938 ore
270 2892 490 2952 dejectuS,
522 2893 611 2941 alia
632 2892 792 2940 fraude
815 2907 911 2939 rem
942 2889 1225 2956 aggreditur.
1293 2886 1503 2936 Immiffis
1537 2889 1657 2933 clam
1691 2885 1946 2933 latronibus

166 2973 336 3018 pecora
355 2957 586 3005 Pictorum
610 2957 770 3021 abigit.
840 2957 932 3004 Res
954 2953 1267 3018 repetentibus
1289 2951 1545 3016 respondet,
1564 2949 1725 3011 justius
1747 2965 1774 2995 a
1796 2949 1949 2997 Sectis.

168 3020 319 3076 furtis,
339 3026 380 3067 <Sc
398 3021 648 3068 latrociniis
673 3020 849 3069 affueris
871 3037 964 3075 eaS‚
990 3036 1130 3082 quam
1152 3036 1178 3066 a
1198 3018 1242 3064 se
1263 3017 1427 3081 repeti.
1476 3016 1548 3062 Ita
1569 3013 1690 3061 elusa
1710 3013 1946 3078 legatione

165 3102 213 3131 re
245 3085 416 3133 inseeta
449 3085 650 3134 foeciales
682 3086 861 3133 dimiffi.
914 3086 1179 3132 'Enimvero
1212 3100 1266 3130 ea
1282 3081 1378 3144 jam
1399 3091 1567 3144 ,aperta
1596 3078 1850 3126 ludificatio
1873 3078 1943 3126 vi.-

163 3150 279 3197 deri.
348 3152 513 3213 Itaque
535 3167 640 3197 cum
663 3150 954 3197 fraudulenta
978 3148 1166 3197 consilia
1187 3146 1228 3194 s'e
1251 3145 1416 3210 magis,
1438 3142 1673 3207 magisque
1694 3143 1941 3207 aperirent,

165 3230 321 3262 recens
337 3215 623 3264 contumelia
656 3213 1002 3269 vehementius,
1025 3229 1166 3277 quam
1196 3227 1253 3259 ex
1291 3211 1446 3274 priore
1468 3220 1635 3257 conatu
1670 3207 1738 3255 ira
1767 3208 1970 3256 residua...

215 3365 276 3416 (1)
306 3368 371 3403 An
390 3365 509 3404 oracle
523 3379 566 3402 or
581 3365 759 3414 response.
1141 3361 1202 3414 (5)
1231 3360 1353 3399 Britto
1382 3359 1440 3397 for
1465 3358 1681 3404 Brittonesf„
1699 3352 1938 3405 synecdoche.

166 3465 171 3468 ι
214 3418 276 3468 (2)
304 3418 376 3456 For
398 3419 464 3457 the
494 3419 586 3458 Irissa
613 3419 660 3456 of
684 3421 746 3457 ol'd
769 3432 867 3460 were
895 3419 1024 3460 called«
1085 3417 1135 3453 So
1163 3415 1268 3452 often
1298 3414 1427 3450 scotus
1457 3412 1517 3450 for
1546 3411 1662 3457 Secti,
1699 3409 1849 3456 Anglus
1880 3407 1941 3443 for

160 3469 276 3508 scoti.
1083 3468 1217 3517 Angli,
1238 3470 1309 3505 &m
1330 3480 1371 3506 or
1388 3465 1515 3507 Britto
1531 3464 1591 3504 for
1607 3463 1673 3505 the
1701 3461 1798 3510 king
1813 3459 1860 3498 of
1872 3457 1940 3497 the

213 3523 274 3573 (3)
303 3521 473 3563 wisdom
491 3527 564 3563 and
576 3501 742 3577 activiiy.
1085 3521 1246 3564 Britons.

172 3592 178 3601 ¹
214 3575 274 3627 (4)
303 3577 493 3617 Dece‘itful
514 3579 624 3629 plots.

1708 3670 1950 3745 utriusqqel.
1969 3697 1973 3705 ·
