1992 3801
146 141 343 213 *32³5v
524 143 888 208 RERUM
981 136 1666 204 ScoTICARUM

169 247 221 294 ὃς
241 240 388 304 ipsum
409 241 670 295 liberatum,
687 241 756 286 vel
783 257 838 285 eo
861 237 1084 300 beneficio
1106 237 1400 284 conciliatum
1426 236 1500 291 iri,
1516 239 1588 284 vel
1609 237 1721 282 dum
1740 239 1936 300 propin-

170 308 371 372 qum-uin
390 307 623 354 adversum
654 306 696 352 se
726 301 911 363 injurias
931 301 1233 356 ulcisceretur,
1269 301 1460 364 patriam
1483 300 1631 363 gravi,
1665 306 1703 347 δι
1723 295 1936 352 intestino
1958 345 1962 349 ,

173 370 300 416 bello
320 369 622 433 illigatur-um.
689 365 993 416 Haceratione
1015 363 1316 418 futurum,‘ut
1335 366 1409 412 vel
1431 364 1579 413 amico
1614 377 1772 428 parato
1795 366 1942 414 firmi·
1965 384 1969 388 ·

176 451 297 489 ores,
321 435 393 482 vel
417 433 617 481 inimicis
641 432 760 479 inter
786 429 827 478 se
845 429 1158 477 diffidentibus
1191 427 1497 492 expeditiores
1515 429 1574 476 ad
1610 441 1801 476 externa
1820 430 1943 480 bella

175 498 330 561 Angli*
341 499 475 546 fieren
483 512 515 545 t.

242 564 419 610 XXVI.
453 565 572 611 Haec
591 560 777 624 quidem
802 558 991 610 minime
1013 557 1145 606 stulte
1174 556 1435 622 excogitata
1462 556 1753 615 videbantur,
1786 558 1866 606 nisi
1889 556 1966 615 a?

173 627 291 677 nimi
313 626 462 690 pusilli
495 625 698 690 angustia
730 624 812 686 ipfi
841 623 970 672 suum
993 623 1266 672 beneficium
1297 621 1611 685 corrupissent.
1675 624 1799 670 Nam
1831 624 1964 672 cum,

98 698 103 703 '
174 692 235 738 o'o
270 708 375 739 eum
401 691 724 754 :redimendum
745 689 962 749 majorem
997 689 1202 750 pecuniae
1221 688 1442 735 summam
1460 684 1779 750 poposcissent,
1797 686 1940 750 quam

175 753 318 812 Senti,
342 768 392 802 ut
412 767 509 804 tum
530 774 599 803 res
625 768 771 808 erant,
808 754 882 799 vel
904 753 1170 815 promittere
1191 753 1428 807 auderent,
1456 753 1530 799 vel
1553 751 1724 800 solvere
1743 753 1947 814 possent,

175 820 232 866 ab
248 821 314 867 eis
336 819 451 870 inita
474 821 588 868 ratio
605 820 682 874 est,
705 832 754 866 ut
778 834 861 881 pro
878 817 1075 881 dimidio
1097 818 1179 864 dos
1204 815 1356 865 uxoris
1377 815 1666 871 retineretur,
1687 833 1772 881 pro
1794 818 1940 864 altero
1978 851 1980 855 ,

173 885 257 935 filii
282 884 557 932 nobiliorum
581 884 757 930 obfides
779 884 1009 933 darentur.
1053 881 1248 927 Iacobus
1269 879 1411 942 igitur
1426 880 1492 925 ita
1508 880 1723 927 liberatus
1746 880 1941 928 domum

173 948 310 1000 rediit
332 950 513 995 decimo
535 950 697 994 offlavo
714 963 849 1008 quam
871 959 1029 1006 captus
1054 944 1143 991 fuit
1158 960 1279 990 auno
1301 961 1312 989 ε
1350 942 1554 989 aChristt
1575 944 1776 991 adventu
1801 961 1938 1010 ¹4²3·

175 1014 297 1059 Cum
321 1013 377 1058 ad
400 1015 576 1077 Regem
600 1011 727 1057 suum
747 1009 980 1062 visendum
996 1008 1219 1055 maximus
1241 1005 1481 1054 concursus
1496 1006 1703 1055 omnium
1723 1007 1942 1056 ordinum
1969 1062 1975 1067 1

173 1077 317 1124 faetus
340 1076 501 1132 fuisset,
523 1073 847 1138 gratulationes
871 1073 1180 1120 universorum
1203 1080 1437 1134 excaepere
1469 1070 1615 1120 statim
1637 1073 1836 1135 que'relae
1860 1089 1939 1120 eo-

171 1157 289 1194 rum,
304 1140 387 1204 qui
407 1140 503 1207 post
521 1138 663 1204 Regis
682 1137 878 1202 proximi
902 1149 1094 1190 mortem
1113 1136 1279 1199 partim
1298 1135 1597 1200 negligentia,
1612 1135 1779 1199 partim
1803 1138 1945 1200 culpa

171 1204 529 1268 gubernatorum
554 1203 857 1268 omnigenere
877 1201 1144 1263 injuriarum
1163 1201 1204 1247 se
1219 1201 1400 1248 affecitos
1419 1199 1801 1247 vociferabantur.
1824 1202 1940 1248 Val-
1963 1251 1966 1254 ,

173 1283 294 1316 terus
319 1269 532 1317 Mordaci
555 1269 692 1323 filius,
721 1267 1054 1316 Milcolumbus
1079 1267 1150 1329 (ι)
1176 1267 1208 1313 F
1213 1264 1445 1319 laminiu8‚
1474 1270 1514 1311 δε
1537 1265 1746 1313 Thomas
1768 1265 1939 1314 Bodius

173 1334 427 1397 graviffime
446 1334 784 1382 accusabantur.
851 1331 938 1386 Hi,
964 1345 1013 1378 ut
1037 1331 1200 1394 vulgus
1219 1330 1267 1376 in
1288 1327 1528 1391 praesentia
1548 1329 1838 1392 placaretur„
1861 1329 1948 1382 alii,
1974 1379 1982 1391 x

171 1400 220 1444 in
246 1400 355 1446 alias
377 1399 598 1447 custodias
620 1397 796 1453 inclufi,
825 1397 959 1459 usque
982 1397 1040 1442 ad
1061 1407 1335 1443 conventum
1360 1393 1640 1456 proximum,
1671 1393 1820 1457 quiin
1843 1392 1941 1440 sex·-

173 1475 270 1510 tum
295 1463 523 1519 Calendas
542 1462 700 1527 Junias
722 1474 819 1509 erat
834 1460 1047 1508 indictus.
1102 1460 1189 1506 Sed
1213 1457 1482 1515 FlaminiuS,
1503 1460 1549 1508 δε
1571 1456 1742 1505 Bodius
1760 1457 1940 1505 damnis

174 1542 252 1573 aut
270 1527 528 1590 persolutis,
565 1522 978 1591 autcompensatiS,
1013 1528 1064 1576 &
1098 1525 1245 1572 multa
1264 1522 1463 1588 pecunia
1488 1523 1647 1570 multae
1674 1522 1861 1571 nomine
1889 1522 1942 1570 in

171 1591 326 1640 fiscum
344 1594 528 1648 collata,
551 1590 730 1640 dimiffi.

888 1655 994 1702 CII.
1047 1655 1088 1700 R
1112 1655 1149 1701 E
1170 1654 1233 1702 X.

241 1723 444 1770 XXVII.
478 1721 834 1768 REX'interea
863 1721 920 1766 ad
956 1720 1251 1770 undecimum
1286 1716 1514 1765 Calendas
1548 1715 1668 1764 Maii
1704 1715 1794 1764 una
1831 1731 1938 1764 cum

174 1787 356 1849 Regina
377 1799 636 1845 coronatus.
705 1786 804 1848 Ipse
825 1785 872 1831 in
895 1783 996 1831 sede
1017 1783 1167 1847 Regia
1187 1781 1214 1829 a
1243 1782 1470 1829 Mordaco
1492 1783 1694 1843 patruele
1719 1781 1867 1843 (quod
1888 1780 1941 1827 id

169 1853 245 1915 jus
265 1852 501 1900 Comitum
526 1850 792 1899 Fifanorum
810 1850 935 1908 effet)
961 1848 1227 1895 collocatus.
1270 1844 1495 1894 Proximis
1513 1845 1673 1892 diebus
1696 1846 1850 1892 multae
1873 1846 1939 1892 le-

173 1932 255 1980 ges
274 1916 319 1963 in
345 1915 579 1979 publicum
602 1914 734 1962 utiles
758 1915 862 1961 latae
883 1931 894 1960 t
931 1913 1005 1962 sed
1024 1911 1296 1976 potiffimum
1317 1910 1374 1957 ad
1395 1909 1633 1956 latrocinia
1649 1908 1940 1972 compescen-

172 1982 249 2035 da,
274 1997 376 2043 quae
398 1979 678 2042 superiorum
708 1979 888 2041 aliquot
914 1994 1135 2024 annorum
1158 1975 1344 2023 licentia
1366 1986 1540 2021 tantum
1564 1973 1864 2026 increverant,
1891 1983 1942 2020 ut

177 2045 454 2108 contemptis
477 2044 674 2108 legibus,
699 2049 739 2090 &
763 2041 1096 2106 magistratibus
1113 2041 1186 2102 jus
1210 2040 1256 2087 in
1283 2038 1417 2085 armis
1437 2039 1558 2085 esset.
1598 2037 1838 2101 Agitatum
1859 2037 1940 2083 de-

171 2109 284 2157 inde
318 2110 380 2159 de
405 2112 618 2173 pensione
641 2110 800 2172 Anglo
833 2107 894 2154 ob
917 2105 1235 2153 redimendum
1259 2105 1437 2167 Regem
1464 2102 1694 2157 solvenda,
1719 2114 1767 2149 ut
1788 2100 1942 2163 aliqua

173 2174 292 2223 ratio
315 2174 520 2226 iniretur.
587 2174 712 2221 Nam
736 2189 838 2220 curn
866 2169 1194 2234 patrimonium
1216 2168 1454 2232 publicum
1485 2178 1555 2213 tot
1576 2166 1726 2221 bellis,
1747 2170 1795 2215 &
1821 2165 1942 2212 bella

175 2238 338 2286 secutis
362 2238 659 2287 seditionibus
682 2236 938 2284 domesticis
963 2235 989 2282 a
1009 2232 1392 2300 gubernatoribus
1427 2231 1592 2295 partim
1628 2231 1942 2278 condonatum

174 2305 285 2350 esset
303 2304 519 2351 scelerum
542 2301 831 2356 administris,
856 2300 1021 2363 partim
1047 2300 1104 2346 de
1125 2315 1268 2362 regno
1291 2297 1407 2346 bene
1429 2294 1623 2350 meritiS,
1659 2294 1842 2342 interim
1865 2309 1942 2340 ac·

177 2380 324 2430 caepta
347 2368 541 2430 pecunia
563 2366 747 2430 pignori
766 2366 1045 2429 oppositum,
1065 2365 1165 2411 Rex
1183 2379 1287 2410 cum
1310 2363 1367 2409 de
1385 2361 1462 2416 suo
1480 2360 1654 2407 solvere
1669 2375 1760 2406 non
1778 2359 1940 2422 poffet,

176 2431 348 2482 civium
371 2431 638 2496 imploravit
657 2429 896 2478 auxilium.
964 2431 1194 2483 ProcereS,
1217 2427 1300 2490 qui
1321 2426 1488 2473 liberos
1506 2425 1726 2471 dederant
1742 2422 1941 2478 obfides,
1988 2441 1990 2443 ’

171 2495 309 2544 facile
340 2497 646 2560 perfecerunt,
683 2508 734 2542 ut
770 2496 1003 2542 decretum
1027 2494 1186 2541 fieret:
1217 2507 1375 2538 verum
1405 2490 1454 2536 in
1476 2488 1670 2552 pecunia
1691 2487 1956 2550 praestandar

174 2576 265 2607 non
291 2562 450 2608 eadem
474 2560 693 2607 facilitate
715 2559 1098 2623 obtemperatum.
1174 2557 1300 2604 Nam
1325 2557 1430 2602 cum
1464 2552 1756 2601 aestimatione
1789 2550 1960 2598 rerum>

173 2625 417 2676 mobilium
449 2624 754 2687 cujuscunque
775 2622 954 2688 generis
976 2622 1110 2677 faeta,
1145 2618 1357 2668 vicesima
1376 2619 1676 2682 imperaretur
1695 2616 1751 2664 in.
1773 2631 1964 2685 magna

173 2689 382 2750 pecuniae
406 2691 612 2752 penuria,
637 2704 880 2749 rerumque
898 2686 1087 2733 aliarum
1110 2684 1284 2732 summa
1303 2683 1455 2747 copia,
1481 2698 1533 2729 ac
1555 2682 1750 2745 proinde
1774 2682 1844 2742 (2)
1870 2681 1940 2726 vi·

173 2752 302 2800 litate
324 2752 588 2801 hominibus
619 2753 893 2800 tributorum
914 2750 1232 2805 insolentibus,
1272 2749 1320 2799 &
1345 2747 1607 2810 exemplum
1641 2744 1688 2792 in
1710 2746 1939 2809 posterum
1963 2774 1965 2779 -

175 2818 324 2882 magis
347 2814 697 2880 quampraese'ns
721 2815 1045 2865 detrimentum
1065 2813 1373 2862 metuentibus
1394 2829 1462 2859 res
1486 2809 1575 2857 visa
1591 2810 1651 2858 est
1668 2808 1939 2860 intolerabi-

175 2881 247 2929 lis.
316 2882 420 2928 Nec
446 2882 726 2944 potentiores
756 2881 984 2928 calumnia
1004 2880 1052 2926 in
1076 2879 1239 2942 vulgus
1262 2892 1463 2932 caruere,
1486 2875 1614 2922 velut
1632 2873 1854 2921 inclinato
1880 2872 1944 2918 ab

175 2946 280 3006 ipsis
310 2947 358 2992 in
382 2945 672 3009 pauperiores
694 2960 847 2992 onere.
916 2943 1123 2991 Maxime
1153 2957 1304 2989 autem
1328 2940 1513 3004 plebem
1542 2937 1763 3001 gravabat
1789 2935 1940 2984 brevis
1972 2953 1979 2962 ‘¹

176 3009 391 3066 solutioni
413 3010 508 3057 dies
532 3012 732 3057 statutum
786 3010 909 3056 Nam
933 3009 1052 3055 intra
1074 3007 1305 3054 decimum
1324 3004 1538 3067 quintum
1561 3003 1684 3049 diem
1706 3002 1944 3063 depende·
1975 3045 1981 3050 .

175 3090 224 3121 :re
248 3073 467 3122 tributum
485 3073 766 3136 jubebantur
787 3091 798 3118 2
831 3079 870 3120 δι
892 3075 925 3120 si
947 3069 1049 3136 quis
1071 3087 1163 3118 non
1192 3069 1400 3125 solviffet,
1424 3084 1562 3132 pecus
1584 3066 1679 3128 ejus
1709 3067 1767 3113 ad
1788 3063 1939 3117 dorni-

176 3153 288 3195 num
312 3136 461 3192 fundi,
491 3138 561 3183 vel
576 3137 824 3199 juridicum
856 3138 1070 3200 cujusque
1099 3146 1350 3182 conventus
1371 3133 1636 3196 praefefium
1658 3129 1952 3178 trahebatur..

178 3201 282 3251 Nec
302 3199 400 3247 aeris
418 3200 572 3254 alieni,
596 3215 673 3248 aut
691 3202 864 3256 census,
888 3218 1024 3265 quem
1048 3215 1131 3264 pro
1151 3199 1362 3261 pensione
1385 3196 1574 3260 quisque
1595 3193 1785 3242 domino
1805 3191 1940 3239 fundi

173 3266 394 3319 solvebat,
450 3264 660 3326 exceptio
692 3265 941 3327 quicquam
987 3265 1044 3311 ad
1076 3262 1444 3311 imminuendum
1481 3259 1702 3307 tributum
1741 3255 1942 3313 valebat.
1982 3315 1987 3318 .

179 3332 284 3381 Nec
307 3327 551 3389 minimum
572 3331 742 3376 malum
765 3329 813 3376 in
846 3330 1092 3377 acerbitate
1112 3329 1373 3376 coac'torum
1401 3337 1497 3373 erat
1517 3343 1529 3372 ς
1577 3323 1659 3387 qui
1680 3338 1772 3371 non
1793 3319 1938 3368 solum

237 3456 298 3510 (1)
325 3460 570 3500 Predecess‘ors
585 3465 624 3494 to
642 3456 706 3495 the
725 3456 834 3494 lairds
852 3458 942 3496 Boid
962 3460 1032 3497 and
1142 3456 1208 3509 (2)
1237 3456 1324 3496 The
1342 3455 1401 3493 a&
1419 3454 1464 3492 of
1475 3451 1705 3492 Parliament
1721 3448 1840 3494 rateth
1871 3449 1939 3486 the

182 3514 390 3565 Flemingz
426 3513 525 3553 some
559 3510 641 3561 give
675 3509 781 3548 them
800 3509 864 3548 the
895 3511 977 3549 stile
995 3511 1039 3550 of
1088 3510 1164 3549 boll
1196 3511 1240 3548 of
1271 3509 1392 3546 wheat
1411 3516 1449 3546 at
1486 3507 1530 3544 18
1547 3519 1575 3544 s.
1601 3505 1675 3543 an'd
1700 3503 1766 3542 the
1793 3503 1868 3542 boll
1897 3501 1948 3547 οἱ.

178 3566 291 3606 lonis.
1088 3562 1173 3601 bear
1189 3573 1227 3602 at
1246 3574 1293 3601 η
1314 3575 1344 3601 s.
1375 3569 1410 3598 at
1427 3559 1501 3598 this
1517 3559 1642 3597 times
1662 3590 1673 3593 ,
1836 3583 1839 3589 ,
1893 3571 1896 3573 ’

1842 3641 1954 3708 plez
