2025 3831
329 137 635 205 LrssER
712 136 1524 206 Decrmusssx‘rus.
1685 138 1820 226 485

58 235 266 300 profeffi,
291 240 341 284 ὃς
379 252 484 282 cum
508 235 749 291 Huntilaeo
779 239 984 285 triduum
1018 240 1086 285 ibi
1108 238 1330 285 collocuti
1371 238 1506 284 facile
1550 249 1690 284 totam
1714 253 1818 284 cam

58 302 222 350 teotiae
240 300 441 363 plagam,
466 318 568 363 quae
590 303 647 346 ad
671 302 993 363 septentriones
1014 300 1134 349 versa
1155 304 1232 358 est,
1257 303 1338 349 sibi
1370 303 1689 361 adjunxerunt.
1758 303 1819 348 E-

57 365 182 480 ima
201 366 339 428 paulo
362 365 459 428 post
480 368 708 429 proposita
744 367 860 424 sunt,
887 380 935 414 ut
968 371 1025 414 ad
1049 369 1185 414 finem
1208 367 1368 415 Martii
1413 367 1671 428 frequentes
1703 366 1830 413 ades-

77 442 166 479 ent.

122 494 225 540 LV.
267 492 336 540 Ad
359 492 404 539 id
427 505 607 556 tempus
625 492 814 542 univerfi
841 495 933 542 fere
955 496 1152 543 ecclesiae
1175 495 1426 542 instauratae
1446 492 1675 557 principes
1698 493 1828 540 Lim-

59 559 260 609 nochum
282 570 594 604 convenerunt
621 576 631 604 ε
677 559 785 605 inde
809 561 1043 606 Hadinam
1065 560 1256 623 profe&i
1295 561 1352 606 ad
1393 558 1620 606 Calendas
1645 559 1827 618 Apriles

60 624 225 685 Anglis
245 637 555 669 occurrerunt.
614 624 755 669 Erant
775 624 821 669 in
852 627 1108 687 Anglorum
1134 624 1336 671 exercitu
1355 623 1487 687 supra
1507 622 1580 669 sex
1603 622 1828 684 peditum,

59 691 152 736 duo
170 686 377 749 equitum
401 687 563 733 miliia.
631 688 845 733 Proxima
868 691 997 734 noete
1022 690 1078 736 ad
1101 690 1376 736 Praestonum
1411 688 1549 734 castra
1571 686 1831 750 posuerunt.

59 755 235 802 Eodem
260 748 335 796 die
355 753 536 815 Regeus
553 752 650 813 jam
675 752 862 814 propius
887 755 1074 799 admoto
1097 754 1320 815 periculo,
1347 765 1396 800 ut
1416 753 1474 799 ab
1511 751 1696 798 incertis
1720 751 1833 796 belii

0 831 1 839 ¹
59 817 232 864 casibus
254 816 435 871 abesset,
461 817 502 862 se
525 832 628 862 cum
666 816 822 878 paucis
861 817 1120 864 domesticis
1162 818 1209 864 in
1233 834 1381 865 arcem
1420 815 1835 879 Edimburgensem

60 882 248 939 recepit.
318 881 514 928 Praeerat
532 881 624 927 arci
646 884 839 928 Ioannes
879 882 1125 928 Aresstinus
1167 883 1236 928 vir
1273 886 1322 931 «Sc
1344 882 1636 934 innocentiae,
1662 887 1702 927 &
1726 880 1835 925 dili-

61 946 229 1007 gentiae
254 945 474 1007 speCiatae.
543 947 655 1007 Ejus
698 959 850 994 autem
889 946 1137 993 custodiam
1159 963 1216 993 ex
1253 947 1429 1010 publici
1451 946 1628 992 consilii
1650 944 1835 991 decreto

65 1012 244 1072 (utjam
269 1025 400 1056 antea
423 1012 775 1057 demonstratum
801 1013 880 1072 est)
906 1025 1143 1073 acceperat
1164 1028 1218 1058 ea
1262 1013 1383 1074 lege,
1427 1022 1476 1057 ut
1515 1027 1616 1057 eam
1640 1010 1834 1064 nemini,

62 1076 142 1123 nili
167 1074 366 1135 ejusdem
390 1076 693 1137 confiliijussu
718 1077 943 1123 redderet.
1011 1077 1149 1122 Hanc
1186 1093 1289 1122 cum
1315 1074 1445 1122 Galli
1473 1075 1558 1121 suis
1581 1073 1834 1135 rationibus

63 1152 370 1202 opportunam
389 1140 615 1195 viderent,
641 1142 787 1187 multa
809 1142 922 1202 saepe
947 1140 1097 1187 moliti
1122 1141 1239 1195 sunt,
1267 1154 1314 1186 ut
1335 1157 1388 1186 ea
1430 1139 1538 1185 dolo
1562 1139 1835 1201 potirentur.

64 1206 167 1258 Ille,
193 1205 269 1251 etsi
295 1220 378 1250 uec
402 1205 605 1251 animum
629 1222 788 1252 eorum
807 1223 915 1268 erga
933 1205 973 1251 se
1008 1205 1256 1268 ignoraret,
1280 1220 1522 1267 arcemque
1543 1206 1607 1250 ita
1629 1220 1838 1250 commu-

64 1269 209 1323 nisset,
235 1280 284 1314 ut
302 1286 327 1315 a
348 1268 411 1323 vi,
438 1271 638 1332 doloque
660 1271 766 1316 effet
783 1269 978 1325 securus,
1003 1286 1056 1314 ac
1078 1268 1410 1316 omnia‘sedulo
1433 1283 1627 1323 caveret,
1656 1269 1837 1331 Regen-

64 1348 157 1380 tem
184 1346 333 1379 tamen
357 1335 600 1382 excludere
622 1334 700 1381 tali
721 1347 926 1396 tempore
942 1335 1144 1381 nolebat.
1181 1333 1235 1379 Id
1257 1347 1410 1380 autem
1432 1332 1479 1378 in
1503 1350 1554 1379 ea
1574 1331 1840 1395 recipienda

65 1398 311 1461 diiigenter
334 1398 554 1461 providit,
580 1413 630 1446 ut
651 1399 809 1456 ipsam,
835 1403 882 1447 &
908 1414 1058 1444 arcem
1079 1398 1126 1444 in
1156 1397 1232 1444 sua
1253 1399 1470 1461 potestate
1492 1398 1666 1459 semper
1697 1397 1839 1442 habe·

65 1475 134 1509 ret
157 1482 166 1510 ε
201 1479 284 1509 nec
307 1479 533 1525 proceres,
558 1464 639 1525 qui
662 1463 907 1509 liberanda:
932 1466 1088 1525 patria}
1110 1476 1238 1509 erant
1260 1464 1416 1518 duces,
1456 1464 1533 1510 etsi
1570 1463 1684 1524 saepe
1708 1476 1841 1506 antea

64 1529 286 1589 Regentis
307 1527 508 1574 animum
535 1528 743 1575 adversus
765 1527 960 1582 causam,
981 1544 1118 1590 quam
1138 1527 1436 1589 susceperant,
1451 1526 1724 1573 obstinatum
1745 1527 1841 1572 sen-

64 1593 227 1646 fifl'ent,
248 1605 400 1643 tamen
424 1594 688 1654 praesentem
712 1592 992 1639 occasionem
1017 1591 1455 1655 praetermittendam
1478 1591 1746 1637 censuerunt
1773 1608 1784 1636 :
1810 1590 1841 1636 fi

65 1655 185 1703 forte
208 1669 286 1703 aut
308 1656 417 1703 belli
441 1656 630 1719 propius
654 1657 828 1704 admoti
859 1670 1023 1712 metus,
1056 1669 1135 1703 aut
1157 1672 1212 1703 ex
1240 1655 1508 1718 longinquis
1539 1654 1721 1701 auxiliis
1744 1655 1842 1715 spes

64 1719 239 1768 incerta
258 1738 357 1768 eam
383 1722 440 1768 ad
461 1722 689 1784 quietiora
708 1721 894 1768 confilia
914 1723 1214 1770 infleuerent.
1283 1721 1434 1786 Igitur
1454 1720 1636 1767 colleffl
1656 1721 1712 1765 ad
1728 1720 1844 1766 Dal-

31 1794 43 1846 ,¹
66 1784 259 1832 l·:ethum
284 1785 493 1832 fastionis
516 1786 744 1849 principes
765 1786 830 1832 ita
851 1787 1134 1849 scripserunt·
1580 1825 1582 1827 >

133 1851 263 1897 LVI.
299 1860 331 1880 ‘⁴
350 1852 378 1897 S
394 1852 456 1898 AE
470 1853 502 1898 P
516 1853 552 1898 E
567 1852 614 1898 N
632 1853 678 1899 U
695 1853 748 1897 M
761 1853 800 1897 E
815 1853 856 1898 R
870 1853 915 1898 O
938 1851 1044 1898 ante
1057 1867 1137 1913 per
1157 1850 1328 1906 literas,
1349 1848 1628 1913 nunciosque
1643 1861 1723 1895 ate
1737 1863 1845 1895 con-

65 1915 315 1969 tendimus,
350 1928 399 1962 ut
421 1916 590 1963 milites
610 1917 792 1972 Gallos,
816 1917 894 1979 qui
913 1917 1008 1977 jam
1032 1918 1224 1963 alterum
1247 1932 1417 1962 annum
1437 1915 1665 1968 infirmam
1687 1915 1849 1976 plebe-

66 1981 217 2027 culam
249 1980 618 2028 intolerabilibus
642 1980 773 2028 malis
818 1993 1050 2044 premunt,
1076 1996 1129 2027 ac
1151 1981 1375 2044 populum
1397 1979 1651 2026 universum
1676 1980 1723 2024 in
1759 1980 1848 2025 mi-

67 2043 262 2092 serrimae
285 2045 508 2093 servitutis
531 2046 825 2093 formidinem
849 2046 1159 2108 conjecerunt,
1185 2046 1369 2093 tandem
1393 2044 1643 2107 aliquando
1666 2043 1772 2088 hine
1797 2060 1848 2090 a-

69 2112 323 2163 mandares‚
355 2110 526 2172 nosque
559 2111 649 2157 hoc
670 2118 797 2157 metu
831 2111 1062 2158 liberareS.
1129 2111 1304 2158 Verum
1340 2111 1444 2157 cum
1474 2109 1603 2170 justis
1637 2108 1849 2171 precibus

68 2176 194 2236 apud
218 2188 260 2220 te
284 2175 351 2222 nil
382 2192 772 2236 promoveremus,
806 2176 953 2222 coadi‘ti
975 2175 1147 2222 fuimus
1177 2175 1300 2236 apud
1322 2174 1550 2238 Reginam
1586 2172 1851 2235 Anglorum

69 2243 119 2287 &
138 2239 271 2304 regni
293 2240 458 2286 finibus
482 2241 680 2286 maxime
703 2241 1013 2303 propinquam
1038 2239 1351 2286 conditionem
1375 2239 1567 2285 nostram
1592 2239 1847 2300 deplorare,

68 2307 119 2353 δί
142 2304 363 2351 auxilium
386 2304 633 2366 implorare
657 2305 713 2350 ad
737 2307 1004 2367 peregrinos
1025 2304 1286 2351 servitutem
1311 2304 1442 2351 nobis
1466 2302 1741 2349 intentantes
1777 2319 1850 2348 ar-

19 2394 23 2407 1
68 2368 158 2415 mis
199 2370 251 2430 (fi
274 2369 406 2416 aliter
426 2371 729 2431 nequeamus)
763 2369 1078 2432 expellendos.
1146 2369 1234 2415 llla
1266 2385 1373 2415 vero
1395 2385 1658 2431 quanquam
1692 2367 1852 2413 nostris

30 2435 33 2436 ⁷
70 2434 406 2482 calamitatibus
431 2447 639 2496 permota
661 2433 839 2481 causam
864 2436 1059 2481 nostram
1094 2433 1354 2496 susceperit,
1380 2447 1530 2480 tamen
1558 2445 1605 2479 ut
1627 2448 1736 2494 erga
1757 2433 1853 2478 Re-

27 2533 38 2539 x
67 2497 193 2561 ginae
217 2499 374 2546 nostrae
397 2512 591 2546 matrem
614 2500 761 2545 nostro
783 2498 1079 2563 fungeremur
1096 2497 1266 2554 officio,
1287 2504 1326 2546 δε
1349 2515 1376 2544 a
1395 2496 1652 2545 Christiano
1671 2496 1853 2560 langui-

69 2580 130 2609 ne
153 2563 407 2619 fundendo,
441 2564 596 2626 quoad
619 2563 715 2610 fieri
739 2564 895 2625 posset,
930 2563 1273 2617 abstineremuS,
1310 2568 1351 2610 δε
1372 2563 1466 2609 vim
1499 2575 1719 2609 armatam
1753 2575 1852 2608 tum

70 2627 273 2691 denique
306 2630 635 2690 experiremur,
670 2644 776 2675 cum
800 2629 934 2676 aliter
952 2628 1027 2690 jus
1057 2629 1263 2674 nostrum
1293 2628 1502 2674 obtinere
1539 2626 1849 2689 nequiremus.

70 2691 244 2740 Adhuc
265 2694 424 2740 nostrae
447 2693 680 2740 modestiae
701 2694 786 2740 effe
815 2695 1079 2755 putavimus
1102 2706 1146 2740 te
1167 2693 1336 2751 iterum
1354 2709 1533 2757 rogare,
1574 2704 1623 2737 ut
1646 2690 1854 2736 Gallicas

71 2757 228 2821 copias
250 2774 354 2805 cum
377 2757 619 2822 praefeffiS,
645 2762 694 2809 ὃς
712 2758 906 2805 ducibus
932 2757 1278 2822 quamprimum
1300 2757 1410 2804 hinc
1431 2756 1656 2819 emigrare
1673 2754 1857 2815 jubeas.

73 2821 130 2869 Id
153 2833 303 2870 autem
330 2834 380 2870 ut
406 2823 695 2870 commodius
713 2823 878 2870 confici
902 2822 1048 2886 possit‚
1089 2822 1272 2885 Regina
1307 2822 1570 2885 Anglorum
1593 2836 1686 2865 non
1710 2821 1853 2865 modo

74 2899 246 2942 tutum,
266 2899 316 2934 ut
338 2888 487 2934 fititer
502 2905 584 2951 per
595 2888 922 2951 suumregnum
942 2886 1276 2951 praestabit,sed
1290 2890 1339 2936 ὅ(
1354 2887 1485 2933 classe
1501 2884 1631 2931 suain
1650 2883 1858 2930 Galliam

71 2951 443 3014 transportandos
464 2953 659 3001 curabit.
718 2954 847 3015 -Qae
865 2950 1071 2998 conditio
1091 2951 1123 2997 fi
1145 2949 1391 3012 rejiciatur,
1413 2967 1494 2996 nos
1513 2950 1687 3005 Deum,
1714 2949 1857 2994 &ho-

73 3015 221 3063 mines
245 3017 473 3072 testamur,
505 3019 633 3065 nulla
653 3019 800 3064 nostra
823 3016 1013 3071 malitia,
1050 3027 1131 3062 aut
1150 3015 1261 3062 odio
1282 3016 1341 3062 ad
1371 3031 1497 3062 arma
1517 3014 1652 3070 itum,
1689 3013 1763 3059 sed
1785 3012 1860 3059 in-

74 3081 212 3135 vitos,
243 3085 295 3132 &
313 3098 437 3129 mera
459 3081 714 3129 necestitate
736 3084 925 3131 coaetos
939 3092 1144 3128 extrema
1164 3079 1363 3142 experiri
1384 3078 1604 3134 remedia,
1625 3094 1681 3124 ne
1696 3078 1857 3124 statum

73 3145 336 3208 publicum,
369 3163 451 3193 nos
473 3145 610 3209 ipsos,
643 3145 937 3210 fortunasque
976 3145 1162 3199 nostras,
1196 3148 1247 3193 δε
1269 3144 1576 3208 posteritatem
1601 3159 1784 3189 omnem
1809 3141 1859 3187 in

72 3207 259 3256 ultimas
281 3211 559 3258 calamitates
582 3211 990 3274 praecipitaremus.
1020 3232 1027 3239 ⁴
1059 3209 1232 3271 Neque
1255 3221 1425 3263 tamen,
1449 3224 1715 3272 quanquam
1751 3222 1860 3268 gra·

31 3287 33 3290 ·
74 3272 250 3321 vissima
279 3273 524 3338 patiamur,
561 3281 604 3323 «Sc
621 3275 834 3339 graviora
860 3276 1044 3329 instent,
1071 3275 1216 3321 ullum
1250 3273 1506 3336 periculum
1531 3289 1614 3320 nos
1635 3284 1771 3334 coget
1798 3270 1858 3316 ab

73 3336 231 3384 officio
251 3354 361 3401 erga
381 3338 610 3401 Reginam
635 3339 825 3387 nostram
853 3340 1100 3394 discedere,
1136 3349 1215 3384 aut
1237 3338 1358 3402 Regi
1383 3337 1549 3385 marito
1575 3336 1671 3397 ejus
1696 3334 1788 3380 ulla
1810 3333 1858 3379 in

75 3417 145 3456 re,
167 3418 271 3464 quae
294 3418 386 3449 non
407 3403 465 3449 ad
488 3404 671 3450 vetustae
693 3403 917 3465 libertatis
938 3403 1193 3458 interitum,
1227 3417 1307 3450 aut
1328 3403 1384 3450 ad
1409 3403 1625 3454 nostrum,
1658 3398 1859 3468 postero-

75 3481 274 3530 rumque
296 3468 546 3515 nostrorum
570 3467 762 3526 exitium
784 3469 1051 3531 pertinebit,
1084 3468 1294 3515 resistere.
1363 3468 1439 3514 Te
1468 3476 1619 3511 autem
1643 3477 1858 3523 princess

78 3528 412 3592 benigniflima,
447 3531 633 3589 iterum,
666 3543 804 3595 atque.
823 3531 988 3580 iterum
1012 3537 1247 3596 rogamus,
1284 3542 1334 3578 ut
1354 3528 1546 3592 expensa
1574 3527 1732 3573 nostrae
1757 3525 1860 3586 pos-

76 3593 315 3644 tulationis
334 3595 567 3660 aequitate,
603 3602 646 3648 δε
666 3611 773 3661 quae
790 3611 848 3647 ex
863 3597 992 3661 bello
1014 3595 1143 3661 sequi
1162 3595 1326 3660 poffipt
1344 3593 1492 3650 malis,
1526 3598 1567 3640 δε
1589 3606 1728 3656 quam
1749 3588 1859 3636 htic

1772 3665 1865 3703 tule
