1992 3801
145 142 276 227 ¹598
461 143 823 211 RERUM
912 145 1594 229 Sc0TrcARUM

205 239 428 286 XXXIV.
460 240 672 289 Restabat
691 241 841 288 adhuc
863 240 981 288 inter
1002 242 1205 304 captivos
1229 259 1362 297 unuS,
1397 261 1535 306 quem
1550 246 1729 293 -Prorex
1751 252 1894 298 maxi·

138 318 211 349 me
235 304 485 354 extinctum
507 306 693 352 volebat
715 305 824 352 Fani
861 307 1058 352 Andreae
1083 307 1477 370 Archiepiscopus‚
1545 309 1640 367 Hic
1661 316 1700 356 &
1723 311 1893 374 superi-
1929 316 1935 318 ’

135 367 293 414 oribus
318 370 598 430 temporibus
612 369 697 416 sub
719 369 854 417 fratre
873 369 949 416 suo
969 372 1164 434 Prorege
1189 385 1237 417 ut
1259 372 1401 418 multa
1417 374 1676 432 crudeliter,
1699 379 1745 424 ὃς
1765 393 1901 424 avare

129 429 316 495 fierent,
349 433 511 481 author
533 447 626 479 erat
651 449 662 478 :
708 438 914 482 &totam
931 435 1023 481 fere
1046 435 1125 480 sub
1144 435 1323 498 Regina
1344 435 1565 483 invidiam
1591 455 1739 484 rerum
1758 441 1890 504 flagi-

135 494 245 542 tiose
264 498 488 562 gestarum
512 497 767 544 sustinebat.
836 497 1057 546 Timebat
1078 500 1213 545 etiam
1239 501 1425 554 Prorex,
1448 518 1503 548 ne
1537 503 1568 548 fi
1590 504 1772 566 longior
1794 521 1898 551 rno-

131 575 183 605 ra
202 559 584 623 interponeretur,
612 563 682 622 (1)
702 573 781 608 aut
801 560 1080 625 supplicibus
1115 565 1308 628 Reginae
1338 565 1595 627 Anglorurn
1632 567 1773 615 literis
1796 570 1893 616 exi-

132 636 348 680 meretur,
373 632 413 671 &
443 625 790 688 Archiepiscopi
813 626 948 672 amici
969 644 1026 675 ne
1047 628 1164 674 hanc
1188 629 1374 690 quidem
1397 629 1517 691 spem
1545 632 1841 694 negligebant
1873 652 1892 681 τ

131 692 173 735 &
196 705 253 735 ne
276 690 494 752 temporis
514 688 718 752 angustia
735 691 859 738 hunc
900 705 1111 738 conatum
1131 692 1391 755 impediret,
1413 694 1789 759 Archiepilcopus
1814 715 1892 745 ve-

129 752 366 800 hementer
388 754 655 815 postulabat,
677 755 964 816 utjudicium
982 758 1060 817 (z)
1102 757 1249 818 patrio
1273 774 1396 804 more
1418 774 1719 820 perageretur.
1768 763 1822 807 Id
1841 778 1890 807 a·
1967 781 1975 783 ⁴

130 817 282 882 liquid
304 818 430 881 spatii
453 818 589 864 etiam
612 821 1067 883 quantulumcunque
1086 834 1197 876 erat,
1217 822 1476 868 allaturum.
1510 824 1568 868 Et
1591 823 1687 869 haec
1710 824 1887 872 frustra-

134 881 204 929 tio
221 881 284 929 ita
303 882 486 929 discussa
503 882 580 938 est,
595 883 723 946 quod
744 885 873 930 nullo
892 901 1012 930 novo
1028 884 1208 946 judicio
1227 886 1282 931 ad
1301 886 1764 949 hancArchiepiscopi
1783 906 1891 935 cau-

130 946 220 997 sam
244 946 516 993 audiendam
540 963 653 1009 opus
678 948 801 1002 esset,
821 949 994 1011 quippe
1012 966 1114 1013 quae
1135 949 1182 995 in
1205 949 1402 1012 publicis
1424 949 1554 1011 regni
1573 951 1774 997 comitiis
1792 953 1893 1014 jam

130 1012 234 1057 esset
252 1010 517 1071 dijudicata.
552 1013 730 1074 ltaque,
756 1015 859 1058 cum
884 1013 1017 1059 caedis
1039 1014 1218 1077 Regiae,
1243 1020 1280 1059 &
1301 1014 1509 1077 Proregis
1531 1013 1766 1077 superiori.
1793 1033 1889 1063 ma·-
1966 1041 1972 1044 ·

128 1075 286 1126 nifesso
310 1087 551 1129 teneretur,
576 1074 811 1139 suspendio
834 1077 1015 1124 Sterlini
1039 1077 1177 1124 vitam
1203 1078 1366 1124 finivit.
1586 1110 1593 1113 γ

192 1139 392 1186 XXXV.
424 1140 542 1187 Haec
565 1139 658 1187 fere
680 1153 777 1187 turn
811 1158 977 1205 magna
999 1158 1054 1187 ex
1077 1156 1204 1204 parte
1229 1158 1348 1188 nova
1376 1143 1475 1189 sunt
1505 1143 1681 1205 prolata
1763 1144 1890 1194 Nam

127 1204 302 1250 adeum
327 1204 419 1250 sere
442 1203 564 1250 diem
585 1204 728 1266 major
750 1222 850 1267 pars
873 1208 1081 1253 latuerat.
1149 1206 1530 1270 Archiepiscopus
1555 1209 1648 1254 fani
1673 1210 1891 1266 Andreae,

127 1268 208 1333 qui
229 1269 437 1331 proxime
459 1268 782 1323 diversabatur,
823 1270 1019 1317 libenter
1043 1270 1302 1317 trucidandi
1324 1271 1466 1335 Regis
1488 1286 1635 1336 partes
1659 1273 1739 1319 fibi
1761 1275 1891 1320 obla-

127 1347 212 1387 tas,
238 1338 275 1380 &
300 1334 361 1381 ob
383 1346 554 1380 veteres
574 1333 856 1389 inimicitias,
897 1343 933 1382 ἃ
960 1334 1081 1396 spem
1102 1336 1402 1398 propinquam
1427 1337 1558 1400 regni
1590 1337 1638 1384 in
1673 1337 1793 1383 suam
1818 1338 1887 1385 fa·
1940 1358 1956 1393 g

128 1397 302 1445 miliam
338 1396 639 1446 transferendi
678 1398 882 1461 suscepit.
952 1401 1038 1448 Sex
1060 1398 1218 1463 igitur,
1243 1413 1320 1447 aut
1341 1402 1444 1446 octo
1467 1401 1491 1449 ὲ
1514 1401 1891 1449 facinorofiflimis

126 1463 306 1510 suorum
326 1462 554 1517 electis,ac
574 1463 690 1510 datis
709 1464 772 1509 eis
794 1463 932 1526 Regii
951 1464 1134 1527 hosp,tii
1154 1464 1357 1510 clavibus
1380 1482 1473 1511 rem
1495 1469 1800 1512 commendat.
1827 1469 1890 1513 Il-

126 1526 160 1576 li
184 1542 286 1574 cum
326 1527 502 1576 summo
541 1528 716 1591 ingreffi
741 1529 916 1575 silentio
953 1546 1057 1575 eum
1093 1528 1285 1590 sopitum
1310 1530 1596 1592 opprimunt,
1636 1530 1891 1594 corpusque

125 1592 330 1646 suffocati
348 1592 392 1638 in
413 1593 673 1654 proximum
700 1595 769 1654 (3)
791 1610 900 1656 erga
923 1609 1073 1641 muros
1093 1593 1273 1638 hortum
1296 1611 1375 1655 per
1393 1596 1617 1656 portulam
1643 1599 1789 1656 (cujus
1807 1612 1888 1641 an·
1942 1632 1945 1635 «

128 1670 171 1705 te
191 1657 399 1716 memini)
425 1658 644 1703 efferunt:
691 1673 742 1704 ac
768 1671 863 1704 turn
885 1658 1071 1704 demum
1094 1658 1200 1704 dato
1226 1658 1352 1720 signo
1375 1659 1556 1705 flamma
1580 1660 1752 1705 aedibus
1781 1660 1863 1722 sup
1880 1690 1894 1702 0

125 1722 270 1788 posita
290 1722 366 1769 est.
435 1722 666 1768 Indicium
697 1734 848 1768 autem
872 1721 967 1785 ejus
997 1720 1172 1767 sceleris
1196 1739 1275 1784 per
1298 1723 1516 1770 Ioannem
1533 1723 1888 1771 -Hamiltonium

121 1786 379 1850 principem
398 1784 452 1833 in
468 1785 669 1833 facinore
687 1786 908 1848 patrando
931 1786 995 1832 ita
1016 1787 1258 1832 emanavit.
1299 1787 1342 1833 Is
1366 1803 1456 1832 non
1479 1787 1622 1835 solum
1645 1788 1764 1833 enim
1791 1789 1887 1835 fac-
1912 1838 1914 1840 ,

123 1845 161 1898 ti
183 1849 345 1898 nefarii
366 1850 462 1897 dies
500 1849 740 1912 nofflesque
777 1850 1040 1897 obversante
1077 1849 1350 1897 conscientia
1386 1852 1528 1897 animi
1567 1851 1892 1914 inquietudine*

123 1916 376 1963 vexabatur
396 1932 408 1961 ε
436 1915 509 1962 sed
533 1931 696 1977 corpus
722 1915 856 1963 etiam
878 1916 1005 1963 velut
1024 1914 1240 1977 contagio
1264 1915 1405 1961 animi
1429 1918 1499 1978 (4)
1526 1915 1693 1961 infecto
1708 1918 1882 1962 crucia-

123 1980 274 2035 batur,
319 1997 372 2027 ac
413 1980 535 2027 lenta
558 1979 779 2040 paulatim
803 1979 906 2026 tabe
945 1979 1235 2042 liquescebat.
1305 1979 1705 2041 Circumspicienti
1737 1978 1890 2044 igitur·

122 2045 280 2092 omnia
302 2045 503 2092 remedia
525 2044 647 2091 venit
668 2042 714 2090 in
736 2057 954 2099 mentem,
980 2058 1027 2089 ut
1044 2043 1355 2105 ludimagistro
1378 2044 1610 2092 Passetenfi
1633 2045 1728 2091 viro
1749 2045 1888 2092 mini-

122 2125 198 2156 me
221 2111 359 2165 malo‚
386 2115 424 2154 &
448 2108 598 2155 adhuc
619 2108 665 2154 in
695 2109 899 2172 partibus
922 2107 1150 2171 papisticis
1172 2108 1363 2155 haerenti
1385 2121 1532 2155 totum
1567 2108 1630 2155 rei
1655 2111 1890 2164 ordinem,

119 2173 352 2236 sociosque
375 2173 550 2220 sceleris
572 2172 842 2220 nominatim
864 2173 1104 2219 indicaret.
1172 2174 1388 2220 Sacerdos
1414 2174 1490 2220 etsi
1515 2172 1668 2220 sedulo
1691 2190 1792 2220 eum
1816 2175 1883 2222 so-

119 2239 306 2294 laretur,
329 2239 593 2301 divinaeque
615 2237 932 2284 misericordiae
954 2237 1238 2296 admoneret,
1258 2250 1408 2285 tamen
1432 2239 1498 2284 vis
1519 2237 1626 2284 mali
1649 2238 1782 2285 altius
1802 2256 1884 2302 pe.-

117 2316 391 2359 netraverat,
413 2301 553 2365 quam
577 2314 628 2349 ut
644 2302 809 2348 talibus
829 2301 1018 2364 piaculis
1039 2299 1284 2364 aegritudo,
1302 2319 1407 2365 quae
1430 2302 1562 2350 altius
1584 2302 1758 2349 radices
1776 2320 1886 2366 ege-

118 2381 207 2426 rat,
230 2366 449 2430 extirpari
466 2367 624 2432 posset,
651 2368 721 2429 (ς)
744 2366 864 2413 intra
885 2383 1051 2428 paucos
1076 2366 1171 2412 dies
1207 2367 1417 2413 moeroris
1441 2366 1560 2413 mole
1594 2368 1781 2413 obrutus
1804 2370 1893 2413 de·-

113 2433 256 2486 ceflit.
325 2433 542 2479 Sacerdos
563 2448 657 2479 rem
682 2447 772 2477 non
795 2431 860 2477 ita
880 2431 1060 2477 occulte
1081 2429 1212 2484 texit,
1247 2442 1297 2476 ut
1327 2431 1384 2479 ad
1406 2431 1548 2494 Regis
1570 2430 1738 2476 amicos
1761 2431 1895 2478 fama-,⁷

120 2515 216 2547 non
250 2509 553 2561 permanaret.
642 2496 718 2542 Illi
752 2496 909 2542 multis
940 2494 1166 2541 mensibus
1204 2495 1394 2543 demum
1418 2497 1512 2557 post
1550 2494 1723 2558 caedem
1759 2496 1885 2542 Mat-

119 2564 243 2611 thaeo
266 2560 451 2608 Comite
473 2559 678 2612 Leviniae
699 2576 848 2606 rerum
875 2560 1095 2621 potiente,
1133 2569 1271 2622 capto
1293 2559 1655 2613 Britannoduno‚
1692 2565 1729 2605 δι
1754 2560 1883 2622 Epis-

117 2643 240 2692 copo
273 2625 520 2678 Sterlinum
547 2626 684 2672 ducto
706 2623 982 2673 sacerdotem
1006 2627 1062 2670 eo
1087 2623 1442 2686 pertrahendum
1464 2636 1639 2669 curant.
1708 2624 1751 2670 Is
1775 2640 1888 2671 cum.

118 2709 224 2755 quae
242 2691 300 2739 de
323 2691 446 2737 caede
465 2689 607 2754 Regis
625 2701 759 2736 antea
775 2688 967 2744 dixerat,
1012 2701 1109 2735 tum
1133 2688 1390 2742 affirmaret,
1413 2687 1471 2734 ab
1498 2687 1785 2736 Hamiltonio
1807 2704 1883 2735 ro-

117 2768 253 2822 gatus
277 2755 396 2802 unde
418 2754 517 2802 haec
536 2753 725 2800 rescisset
758 2756 777 2800 ?
845 2769 954 2799 num
990 2769 1045 2801 ex
1067 2751 1350 2802 (confeffione
1371 2751 1611 2798 auriculari
1635 2755 1653 2798 ?
1686 2753 1742 2799 Id
1764 2769 1882 2814 quo-

117 2837 211 2884 que
249 2834 352 2866 cum
388 2818 468 2866 ille
492 2818 760 2874 affirmasset,
796 2829 891 2864 tum
934 2817 1271 2873 Hamiltonius,
1311 2817 1422 2865 Non
1456 2815 1663 2882 ignoras,
1698 2816 1886 2880 opinor,

117 2901 223 2949 quae
245 2900 384 2948 poena
399 2882 706 2931 revelantibus
726 2881 1052 2929 confeffionum
1075 2896 1236 2927 arcana
1258 2881 1311 2928 fit
1331 2880 1570 2928 constituta
1594 2899 1604 2925 :
1631 2896 1714 2927 nec
1751 2880 1882 2943 quic-

116 2965 257 3011 quam
276 2947 473 3011 amplius
494 2947 552 2994 ab
572 2962 628 2994 eo
659 2947 716 2992 ad
737 2946 786 2992 id
806 2946 980 2993 crimen
1001 2946 1062 2992 est
1082 2943 1356 3007 responsum.
1437 2945 1535 2994 Post
1570 2957 1720 2992 autem
1745 2945 1883 3008 quin·
1916 2959 1927 2965 ’

118 3012 290 3067 decim,
310 3024 387 3058 aut
409 3012 606 3074 amplius
628 3010 816 3066 menses,
836 3026 942 3057 cum
963 3009 1086 3060 idem
1110 3008 1313 3059 sacerdos
1330 3009 1422 3070 jam
1450 3013 1585 3057 tertio
1606 3009 1725 3055 inter
1747 3008 1881 3055 miff-

116 3077 345 3125 ficandum
369 3074 689 3140 deprehensus,
713 3089 849 3138 atque
871 3075 930 3121 ad
950 3071 1223 3138 supplicium
1242 3090 1299 3120 ex
1320 3073 1435 3139 legis
1458 3072 1717 3136 praescripto
1740 3074 1881 3120 duce-

115 3153 257 3195 retur,
282 3141 439 3187 eadem
463 3139 636 3195 omnia,
671 3155 775 3201 quae
798 3152 902 3185 ante
924 3138 1101 3189 dixerat
1121 3142 1167 3187 &
1209 3139 1428 3201 apertius,
1465 3142 1513 3187 &
1549 3137 1770 3199 copiosius
1793 3154 1891 3200 pu·-

113 3205 236 3253 blice
259 3204 470 3251 recitavit
501 3221 512 3250 ε
546 3220 691 3266 eaque
713 3205 828 3250 adeo
859 3203 986 3250 brevi
1005 3202 1190 3251 fuerunt
1210 3202 1465 3266 divulgata,
1490 3213 1545 3253 ut
1562 3201 1878 3250 Hamiltonio-

80 3322 82 3324 v
114 3285 218 3329 rum
231 3269 429 3319 'clientes
447 3266 564 3318 inter
586 3267 627 3316 se
643 3264 884 3333 jurgantes
899 3269 1073 3318 caedem
1103 3267 1244 3331 Regis
1266 3267 1345 3314 alii
1364 3265 1466 3315 aliis
1487 3264 1787 3330 objectarent:
1816 3299 1823 3306 .

164 3399 235 3449 (1)
261 3400 327 3437 Cr.
355 3397 455 3436 delet
473 3406 550 3436 aut.
581 3396 647 3434 alii
673 3408 802 3434 vocem
838 3397 968 3434 evade·
1022 3395 1093 3435 fize
1110 3395 1328 3438 summoned
1346 3396 1416 3433 and
1436 3394 1689 3445 holden.upon
1706 3385 1807 3432 him.
1846 3440 1851 3444 ἱ

114 3462 170 3492 ret
183 3452 469 3500 interserendam
483 3449 644 3491 censent..
1076 3448 1091 3495 (
1101 3450 1146 3500 3)
1164 3452 1259 3498 Erga
1271 3450 1334 3493 for
1350 3457 1492 3494 contra,
1511 3446 1531 3484 ὲ
1555 3449 1715 3496 regione·

167 3500 227 3555 (ι’)
257 3504 363 3543 That
380 3504 429 3542 he
449 3504 576 3542 should
596 3503 638 3539 be
656 3501 872 3540 summoned
892 3510 930 3539 to
950 3516 970 3539 a
1078 3500 1143 3551 (4)
1171 3503 1270 3540 Gen.
1291 3501 1489 3540 inseetum.

116 3555 247 3599 lawful
267 3560 334 3608 day
352 3567 390 3597 to
411 3557 564 3607 underly
578 3555 645 3595 the
663 3556 750 3605 law,
769 3557 839 3593 and
858 3567 903 3593 an
916 3555 971 3594 as·
1080 3556 1144 3609 (5)
1173 3556 1331 3607 Qia-or
1347 3548 1477 3604 itaque·
1489 3553 1683 3592 subintell.
1743 3573 1748 3577 -

191 3638 193 3642 ’
1473 3645 1475 3647 ’
1672 3653 1895 3702 xxxvt
