2025 3831
432 176 761 239 LIBER
857 171 1496 237 UNDEemrus.
1672 192 1843 261 >319

0 263 10 328 1i
80 277 383 328 tenti-ionibus
404 273 573 320 ultimis
599 273 736 335 usque
758 273 960 320 collectis
984 273 1226 319 adventare
1246 271 1503 317 dicebatur.
1566 272 1745 320 'Verum
1768 293 1850 338 per

81 343 329 407 Angustam
352 336 539 384 ducenti
558 338 727 383 Comes
748 337 1002 384 Crafordiae
1020 338 1078 383 ad
1109 336 1513 407 Brechinum‘cum
1534 336 1687 408 valida
1711 356 1850 386 manu

83 408 126 454 fe
144 404 324 466 objecit.
361 403 613 448 Commisso
628 401 718 447 acri
734 403 910 464 praelio,
934 404 1038 448 clim
1059 400 1315 463 Regiorum
1329 415 1446 445 acies
1470 400 1725 458 medxajam
1745 405 1851 450 loco

80 468 254 517 moveri
269 479 439 527 empta,
464 465 541 511 vix
561 467 927 528 Angufianorum
950 464 1181 512 sustineret
1205 463 1536 534 impressionem
1559 465 1628 523 (1)
1660 466 1849 515 loannes

82 531 317 584 Coleffius,
341 530 422 593 qui
447 531 625 576 finistrae
647 542 837 591 praeerat
859 532 958 584 alae,
981 529 1244 583 Crafordio,
1270 527 1345 574 cui
1366 540 1462 573 erat
1484 527 1679 599 miensus
1703 531 1852 577 deser-

80 610 130 643 to
149 595 347 641 mediam
370 595 513 641 aciem
546 594 735 640 nudavit
761 612 772 639 ε
805 610 898 654 quo
922 599 1097 639 terrore
1118 594 1324 654 perculfi,
1345 591 1428 654 qui
1450 607 1566 653 pene
1584 594 1774 638 victores
1801 613 1851 641 e·

78 674 199 719 rant,
225 673 352 722 terga
373 671 620 704 verterunt.
689 657 957 703 Gordonius
995 671 1159 719 praeter
1178 657 1302 718 spem
1326 658 1517 701 vietoria
1537 655 1684 701 multo
1699 669 1853 706 tamen

81 741 185 771 cum
210 723 388 769 suorum
411 722 626 786 sanguine
649 721 822 783 potitus
846 722 922 775 est,
943 722 1121 767 duobus
1146 720 1358 772 fratribus
1383 736 1487 765 cum
1509 736 1677 792 magno
1700 723 1853 784 genti-

78 787 214 842 lium,
232 792 277 835 ὅ(
295 787 531 834 clientium
560 804 750 832 nurnero
775 787 912 831 caefis.
978 786 1204 831 Cecidere
1223 800 1280 830 ex
1304 784 1576 847 Angulianls
1602 801 1692 856 non
1715 788 1853 847 pauci

76 852 164 898 viri
185 852 391 898 illustres.
436 853 488 898 In
514 851 568 898 iis
594 853 783 897 Ioannes
808 850 1045 896 Lindefius
1070 849 1268 897 Comitis
1287 849 1440 894 frater.
1487 847 1586 911 Ipse
1603 864 1671 894 ira
1689 851 1747 895 ab
1765 853 1856 898 ho-

75 916 214 964 stibus
237 915 284 962 in
308 916 553 962 desertores
584 915 724 969 versa,
750 930 871 960 arces
894 931 1053 960 eorum
1077 915 1233 967 diruit,
1259 930 1390 976 agros
1412 913 1550 968 ferm,
1577 914 1853 978 flammaque

51 994 57 1007 ²
75 980 277 1028 vastavit.
346 982 465 1027 Haec
489 995 536 1026 ut
561 980 748 1027 liberius
768 980 953 1033 faceret,
976 979 1209 1026 Gordonii
1226 978 1467 1049 repentino
1489 979 1545 1023 ad
1570 979 1669 1023 suos
1700 982 1849 1027 reditu

73 1047 289 1092 effeetum
308 1046 383 1098 est,
402 1045 559 1091 audito
574 1043 796 1090 Moraviae
812 1044 998 1090 Comite
1015 1043 1061 1088 in
1082 1043 1180 1089 suos
1200 1059 1331 1103 agros
1349 1044 1577 1103 Regianos
1597 1045 1723 1090 omni
1747 1061 1852 1091 cru-

76 1111 277 1156 delitatis
301 1126 466 1171 genere
506 1110 702 1154 saeviiffe.
773 1111 933 1171 Itaque
955 1125 1062 1154 cum
1085 1107 1255 1153 victore
1286 1107 1486 1152 exercitu
1519 1107 1733 1164 reversus,
1758 1127 1852 1158 non

77 1176 220 1221 modo
243 1174 420 1220 cladem
440 1186 688 1234 accaeptam
711 1174 823 1218 hosti
848 1172 1067 1227 reddidit,
1100 1171 1173 1217 sed
1205 1188 1313 1217 eum
1334 1171 1556 1217 Moraviae
1568 1173 1744 1220 *finibus
1769 1185 1851 1223 ex-

79 1238 216 1302 pulit.
261 1239 378 1284 Haec
399 1237 628 1300 praeeipiti
650 1255 751 1283 vere
774 1240 886 1283 aaa.

145 1304 245 1349 XL.
281 1304 458 1348 Interea
490 1304 592 1349 Rex
621 1318 677 1347 ex
712 1301 870 1347 Iacobi
908 1300 1123 1347 Kennedi
1147 1298 1359 1346 'maxime
1393 1301 1597 1356 consilio,
1624 1314 1853 1352 conventu

81 1367 419 1430 Edimburgum
439 1367 613 1413 indicio
637 1365 881 1429 Duglafiiae
906 1365 1158 1420 Comitem,
1185 1364 1358 1426 quique
1387 1367 1483 1427 ejus
1512 1367 1673 1412 sectam
1696 1368 1854 1430 seque·-

78 1431 262 1485 bantur,
287 1447 494 1493 proceres
518 1449 599 1493 per
622 1430 849 1476 foecialem
874 1430 1017 1476 adesse
1034 1429 1170 1490 juffit.
1239 1430 1282 1474 Is
1305 1441 1485 1476 tantum
1509 1431 1673 1486 abfuit,
1701 1446 1749 1478 ut
1771 1451 1856 1496 pa-
1905 1490 1911 1494 N

81 1496 239 1550 ruerit,
267 1509 315 1541 ut
338 1495 546 1559 proxima
568 1497 700 1542 nocte
722 1494 930 1540 libellum
956 1495 1119 1556 'templi
1136 1493 1278 1539 valvis
1302 1495 1581 1556 affigendum
1600 1510 1792 1552 curaret,
1809 1498 1853 1546 se

78 1560 268 1606 salutem
291 1560 413 1606 suam
437 1577 521 1606 nec
543 1559 663 1622 Regi
686 1559 1043 1611 commisturam,
1069 1575 1153 1605 nec
1174 1557 1215 1604 ei
1239 1558 1429 1604 omnino
1452 1559 1497 1605 in
1523 1561 1744 1621 posterum
1773 1581 1855 1624 pa..

81 1623 294 1675 fiturum,
320 1627 402 1687 qui
425 1626 649 1686 patrueles
671 1623 772 1669 suos
794 1623 1152 1686 Edimburguin‚
1180 1623 1361 1669 fratrem
1389 1624 1635 1670 Sterlinum
1659 1627 1716 1671 ad
1738 1626 1779 1672 se
1803 1629 1856 1674 fi-

78 1688 136 1735 de
160 1687 348 1750 publica
368 1690 543 1735 illectos
567 1700 663 1735 tam
683 1688 853 1750 perfide
876 1687 1048 1734 indieta
1065 1686 1194 1733 causa
1217 1688 1456 1734 trucidarit
1525 1689 1723 1735 Comitis
1751 1708 1856 1753 pro-

79 1751 205 1799 xime
224 1753 354 1800 occisi
379 1767 576 1816 quatuor
597 1752 755 1800 fratres
779 1753 991 1807 Iacobus,
1017 1752 1310 1806 Arcibalclus‚
1339 1754 1409 1813 (2)
1437 1753 1690 1816 GeorgiuS,
1714 1761 1755 1802 ἔτ
1777 1758 1857 1807 Σο,

75 1833 235 1872 annes,
257 1834 310 1864 ac
328 1817 509 1865 Beatrix
529 1835 674 1879 nuper
696 1817 894 1868 Comitis
920 1833 1049 1871 uxor,
1065 1815 1178 1863 item
1194 1818 1456 1863 Alexander
1475 1819 1644 1864 Comes
1669 1821 1856 1868 Crafor-

78 1881 167 1928 diae
185 1881 232 1927 in
255 1883 343 1929 hoc
364 1895 594 1929 conventu
618 1882 761 1928 hostes
786 1881 962 1943 publici
981 1882 1343 1943 denunciati.(3)
1384 1883 1528 1928 Multi
1550 1883 1687 1929 etiam
1711 1885 1757 1931 in
1781 1886 1854 1932 su·-

77 1962 289 2008 premum
311 1947 520 1993 ordinem
547 1948 618 2009 (4)
652 1947 811 1993 illeffl.
880 1946 1124 2008 Plaerisque
1145 1963 1202 1993 ex
1224 1946 1467 1993 rebellium
1502 1948 1634 1994 bonis
1666 1951 1857 2011 praemia

76 2011 276 2057 decreta.
344 2012 582 2058 Exercitus
613 2011 670 2057 ad
690 2012 833 2057 hostes
855 2011 1190 2072 persequendos
1211 2014 1470 2057 contractus
1497 2030 1508 2058 :
1543 2012 1640 2075 agri
1662 2015 1816 2061 vastati
1841 2035 1854 2064 :

76 2090 246 2137 pecora
283 2075 440 2122 abacta
471 2094 483 2122 ς
531 2077 759 2121 frumenta
793 2077 839 2121 in
875 2075 1048 2121 horreis
1070 2075 1178 2138 igne
1203 2089 1417 2137 corrupta
1443 2093 1454 2120 :
1495 2077 1647 2124 hieme
1668 2080 1854 2136 deinde,

79 2153 184 2186 curn
210 2139 289 2185 sub
311 2140 389 2185 dio
411 2139 568 2186 haberi
592 2139 721 2185 miles
745 2157 837 2185 non
860 2141 1019 2200 posset,
1045 2139 1264 2185 dimissus.
1333 2141 1582 2201 Expeditio
1603 2141 1650 2188 in
1674 2160 1754 2189 ver
1780 2147 1855 2192 in-

80 2202 219 2249 dicta.
287 2205 481 2250 Iacobus
504 2203 976 2266 Duglaffius·in-terea,
999 2221 1056 2249 ne
1079 2203 1267 2250 familia}
1290 2220 1416 2266 opes,
1441 2222 1546 2268 quae
1569 2223 1625 2252 ex
1648 2208 1857 2271 locuple-

79 2278 126 2313 te
149 2267 443 2314 matrimonio
461 2269 507 2315 in
527 2267 797 2314 immensum
820 2281 1130 2323 excreverant,
1147 2268 1203 2314 ad
1224 2268 1395 2314 alienos
1415 2271 1668 2325 transirent,
1686 2274 1858 2322 Beatri-

80 2346 180 2377 cem
203 2330 335 2378 antea
357 2333 485 2378 fratri
504 2347 694 2396 nuptam
720 2348 906 2379 uxorem
931 2333 1139 2395 aceaepit.
1191 2333 1313 2378 Cum
1334 2332 1554 2380 Pontifice
1573 2337 1785 2385 Romano
1807 2356 1858 2386 a·

68 2395 164 2458 git,
187 2410 237 2443 ut
270 2396 319 2443 id
342 2397 689 2443 matrimonium
724 2397 1027 2444 confirmaret.
1097 2396 1153 2444 Id
1174 2397 1410 2460 inceptum
1442 2399 1573 2463 Rege
1601 2417 1684 2464 per
1703 2402 1858 2452 literas

79 2459 362 2522 impediente
385 2462 544 2508 frustra
564 2462 608 2508 ei
628 2459 733 2507 fuit.

143 2527 269 2577 XLI.
304 2524 412 2574 Hoc
441 2542 579 2580 anno,
604 2525 871 2587 duobusque
905 2524 1216 2588 sequentibus,
1245 2543 1461 2591 agrorum
1495 2528 1856 2592 direptionibu35

39 2588 345 2652 '..arcifimque
375 2591 681 2637 everfionibus
713 2591 834 2636 inter
867 2590 1089 2638 factiones
1114 2603 1336 2638 certatum
1368 2595 1445 2640 est.
1514 2596 1769 2659 Nunquam
1799 2600 1860 2646 ad

61 2653 265 2703 ‘summae
289 2655 355 2702 rei
376 2656 522 2703 aleam
546 2657 606 2702 est
625 2667 830 2702 ventum.
875 2657 1054 2720 Magna
1071 2655 1166 2716 ejus
1191 2656 1333 2703 cladis
1354 2674 1454 2722 pars
1476 2657 1524 2706 in
1544 2661 1856 2720 Annandiam,

133 2800 197 2849 (1)
219 2801 329 2843 Laird
344 2801 632 2841 of'Ba'lnamoon
645 2801 802 2849 extimet,
823 2801 937 2840 after·
990 2811 1058 2840 ton
1078 2804 1185 2840 made
1197 2804 1272 2840 earl
1292 2804 1336 2841 of
1344 2805 1554 2854 Caithness,
1575 2806 1623 2844 he
1640 2808 1723 2845 died
1742 2810 1860 2849 short-

80 2855 198 2891 wards
213 2855 410 2902 Carnegie.
993 2857 1032 2904 ly
1066 2856 1231 2894 without
1267 2857 1475 2896 succeffion.
1549 2851 1651 2912 145⁶4
1686 2863 1731 2899 fir
1753 2864 1861 2916 John

109 2929 112 2932 -
136 2904 200 2954 (2)
222 2908 298 2944 „AL
314 2909 444 2956 Hugo.
994 2911 1154 2947 Stewart
1181 2911 1227 2947 of
1241 2910 1405 2961 Dernley
1423 2915 1530 2950 made
1559 2915 1639 2951 lord
1661 2916 1824 2967 Dernley
1843 2933 1856 2966 ;

41 2959 43 2961 ’
124 2957 198 3008 ,(3)
227 2958 300 2996 i.e.
332 2973 392 2998 an.
413 2973 528 3012 1454.
546 2962 724 3000 W-iliiam
737 2963 822 3013 Hay
833 2965 936 3001 Con·
994 2962 1040 2999 fir
1072 2963 1229 3001 Patrick
1255 2965 1436 3014 Hepburn
1472 2968 1580 3003 made
1611 2969 1688 3005 lord
1721 2971 1864 3010 Haills.

82 3011 212 3057 stable,
231 3025 304 3048 was
320 3015 426 3054 made
439 3015 515 3054 efirl
533 3015 577 3053 of
586 3017 692 3054 Errol
713 3017 826 3068 1458.
885 3017 946 3053 Sir
999 3016 1043 3054 fir
1061 3015 1205 3054 Robert
1222 3016 1325 3068 Boid.
1347 3021 1455 3056 made
1473 3020 1552 3057 lord
1571 3020 1664 3058 Boid
1677 3037 1696 3071 ,ς
1711 3023 1861 3060 {ir——

85 3064 262 3106 William
276 3065 353 3103 lord
365 3066 617 3113 Marffia1,was
635 3071 741 3106 made
756 3069 942 3107 earlMar-

81 3116 161 3154 'thal
183 3129 297 3168 1459.
319 3118 378 3155 Sir
387 3120 514 3170 James
530 3121 686 3169 Duglass
702 3123 780 3161 lord
798 3123 843 3160 of
849 3124 944 3161 Dal-

52 3166 54 3169 ’
82 3168 323 3216 keith,made
333 3174 408 3209 earl
420 3173 465 3208 of
471 3173 626 3211 Morton
637 3186 649 3224 ς
661 3175 807 3225 George
819 3176 945 3227 Lessey

83 3223 164 3261 lord
183 3223 320 3272 Lessey‚
354 3226 459 3262 made
477 3227 551 3263 earl
571 3227 616 3264 of
627 3227 773 3266 Rothes
793 3243 804 3278 3
835 3223 938 3278 (Ro-

60 3274 223 3318 cxhufius
244 3278 326 3327 jam
343 3278 503 3326 priorem
521 3279 785 3334 locumtenet)
811 3283 940 3336 james

83 3328 241 3366 Stewart
271 3330 418 3368 uterine
446 3331 595 3370 brother
621 3341 660 3374 to
688 3333 786 3384 king
807 3337 938 3388 James

85 3383 149 3427 2d,
162 3395 236 3420 was
254 3386 362 3421 made
374 3385 449 3421 earl
463 3384 509 3421 of
519 3384 690 3435 Bu'chan,
702 3387 808 3438 John
819 3390 940 3427 Stew·

86 3442 143 3470 art
160 3433 219 3472 his
237 3435 389 3474 brother
406 3439 513 3475 made
533 3439 607 3474 earl
628 3439 672 3475 of
684 3440 806 3478 Atho!
822 3452 841 3479 τ
866 3441 940 3480 ‘A-

90 3484 179 3525 bout
194 3487 259 3529 the
270 3489 369 3539 fame
385 3489 478 3528 time
487 3492 619 3542 James
636 3491 818 3532 Crichton
831 3497 940 3537 made

76 3539 164 3580 -ρβτῑ
180 3539 225 3577 of
237 3541 425 3593 Mun-ray,
437 3543 520 3581 vide
534 3557 613 3594 cap.
633 3556 698 3594 24.
721 3546 782 3583 Of
790 3546 849 3584 his
863 3547 941 3595 son,

0 3636 6 3641 κ
77 3589 535 3651 mide31ib.-12.capp.,50,
554 3609 620 3651 51.
649 3599 941 3650 GeorgeCrich-

998 3070 1107 3118 Lyle,
1130 3071 1238 3107 made
1264 3070 1343 3107 lord
1373 3073 1465 3119 Lyle
1488 3073 1532 3110 of
1552 3073 1743 3114 Dunchall
1772 3092 1784 3126 3
1814 3080 1861 3117 fir

998 3122 1143 3161 Robert
1155 3124 1313 3162 stewart
1329 3127 1438 3163 made
1454 3126 1534 3164 lord
1550 3127 1598 3164 of
1604 3129 1704 3166 Lorn
1721 3144 1730 3166 :
1754 3128 1862 3169 these

999 3189 1060 3214 are
1074 3177 1141 3213 the
1159 3177 1235 3217 first
1254 3177 1351 3214 lords
1365 3179 1411 3216 of
1417 3180 1642 3229 parliament
1662 3183 1708 3232 by
1723 3186 1860 3222 creati-

992 3243 1058 3275 on,
1092 3229 1158 3267 the
1187 3230 1284 3268 lords
1303 3231 1452 3278 Forbes,
1471 3234 1643 3284 Lindsay,
1662 3238 1732 3274 &m
1773 3238 1861 3276 who

993 3283 1100 3334 plead
1118 3283 1176 3321 for
1191 3283 1378 3334 antiquity
1394 3286 1439 3323 of
1452 3285 1600 3326 honour
1627 3289 1750 3327 before
1778 3290 1864 3328 that

999 3337 1106 3382 time,
1143 3341 1294 3387 pretend
1330 3347 1369 3376 to
1399 3352 1448 3376 no
1475 3349 1605 3390 patent
1621 3356 1664 3379 or
1681 3343 1859 3390 creation,

999 3389 1064 3426 but
1080 3390 1294 3428 werelords
1323 3390 1368 3441 by
1401 3392 1504 3430 their
1529 3393 1710 3440 baronies,
1746 3408 1784 3432 as
1817 3397 1866 3434 of

991 3444 1057 3481 old
1093 3441 1160 3481 the
1178 3444 1258 3481 lord
1290 3444 1461 3494 Duglass,
1495 3446 1562 3484 the
1580 3448 1658 3484 lord
1685 3449 1860 3496 Stewarr,

995 3497 1066 3534 and
1087 3509 1199 3546 many
1216 3496 1284 3535 the
1309 3498 1406 3545 like,
1432 3499 1530 3542 ⁴who
1548 3499 1749 3548 ordinat-ily
1764 3503 1860 3542 took

997 3549 1064 3588 the
1080 3549 1166 3587 title
1184 3549 1229 3587 of
1251 3549 1492 3599 knighthood
1509 3551 1857 3606 notwithstanding.

1049 3602 1114 3654 (4)
1142 3603 1210 3645 Al.
1229 3603 1374 3647 allecti,

1763 3688 1864 3737 Ῥο-
